3023 4773
578 428 719 515 254
1382 426 1928 494 PRAEFATIO

573 552 946 618 nationibus
984 552 1290 639 praeferO,
1338 572 1498 637 quas
1533 549 1723 613 nobis
1758 548 1879 636 ipsi
1911 550 2308 631 formamus3
2354 549 2406 612 si
2441 552 2724 616 et=Cice-

576 681 738 722 rone
775 657 985 746 dignae
1019 657 1143 720 illae
1178 656 1347 736 sint,
1388 676 1509 718 nec
1555 654 1840 718 historiae
1876 654 2291 719 sententiaeve
2328 674 2721 745 repugnent.

576 767 672 828 Ita
705 764 878 827 enim
903 759 1222 842 judicium
1249 760 1433 847 sequi
1465 760 1655 823 malo.
1686 758 2022 847 Siquidem
2051 759 2140 823 ob
2168 759 2425 824 easdem
2456 784 2720 843 causas,

576 871 774 935 unius
802 869 949 933 libri
979 868 1428 932 auctoritatem
1451 915 1469 947 ,
1503 866 1862 930 multorum
1898 888 2065 955 saepe
2093 867 2557 949 consensione,
2595 891 2722 955 po-

573 977 808 1041 tiorem
839 974 1411 1062 antiquioremque
1436 971 1763 1037 ducimus.
1801 973 1886 1036 Et
1912 986 2125 1037 tamen
2156 973 2406 1061 ubique
2436 973 2574 1037 fere
2610 997 2719 1038 as·

575 1083 944 1147 sensionem
990 1081 1433 1146 sustinemus:
1487 1096 1995 1168 nostrarumque
2045 1080 2343 1145 omnium
2393 1081 2721 1144 existima*

575 1191 855 1264 tionum,
893 1187 1241 1252 doctorum
1279 1187 1628 1251 hominum
1655 1185 1978 1267 judicium
2008 1207 2146 1251 esse
2175 1187 2502 1250 volumus.
2529 1184 2723 1250 Unde

573 1294 816 1358 factum
839 1308 937 1358 est
967 1293 1192 1373 etiam,
1225 1308 1302 1356 ut
1333 1316 1484 1357 cum
1508 1293 1609 1356 his
1638 1293 1876 1357 nostris
1898 1292 2163 1382 vig-iliis,
2197 1292 2518 1379 Epistolas
2551 1293 2723 1381 ipsas

573 1399 656 1464 de
692 1401 947 1489 integro
982 1421 1066 1463 ne
1102 1398 1513 1463 excudendas
1552 1419 1964 1483 curaremus3
2001 1398 2117 1464 sed
2148 1416 2544 1487 postremam
2580 1398 2722 1463 edi-

576 1506 824 1569 tionem
843 1504 1142 1585 Manutii,
1174 1505 1745 1592 Epistolarumque
1773 1504 2131 1569 sectionem
2161 1528 2430 1570 omnem
2457 1505 2721 1593 sequuti

576 1632 761 1700 paene
799 1611 1043 1693 simus3
1083 1611 1356 1676 lectores
1395 1626 1741 1675 monentes
1775 1610 2273 1694 tantummodo,
2306 1612 2362 1676 si
2399 1610 2560 1701 quid
2600 1610 2719 1675 ali-

577 1716 854 1805 quando·
863 1717 967 1781 vel
983 1717 1167 1780 aliter
1188 1716 1498 1804 scriptum
1522 1718 1589 1779 in
1608 1718 1769 1781 meis
1795 1716 2269 1805 exemplaribus
2292 1718 2720 1798 inveniretur,

576 1823 678 1887 vel
709 1823 941 1888 melius
976 1844 1014 1886 a
1046 1822 1236 1886 nobis
1269 1823 1703 1910 excogitatum
1734 1823 2084 1888 videretur.
2126 1823 2294 1888 Nam
2334 1824 2388 1887 si
2423 1823 2723 1911 undique

575 1947 848 2019 purgata
893 1945 1061 1993 esset
1085 1976 1104 2010 ,
1154 1927 1425 2016 vitiique
1461 1928 1627 1994 nihil
1667 1929 1974 2012 haberet,
2025 1930 2237 1994 inanis
2287 1946 2353 1993 et
2400 1929 2722 1994 ridiculus

574 2036 804 2099 fuisset
845 2050 1116 2099 conatus
1152 2034 1260 2097 hic
1298 2051 1542 2100 noster.
1578 2033 1778 2099 Nunc
1806 2056 1994 2117 vero,
2042 2058 2181 2099 non
2225 2036 2447 2123 paucis
2498 2035 2723 2100 adhuc

573 2139 828 2204 mendis
866 2140 1271 2228 inquinatam
1317 2140 1686 2228 accepimus
1720 2164 1736 2206 ε
1773 2155 1968 2228 atque
2016 2141 2107 2205 ita
2158 2140 2586 2221 dimittimus,
2642 2154 2721 2205 ut

577 2267 845 2334 campus
872 2246 1009 2310 aliis
1035 2267 1302 2334 quoque
1326 2245 1588 2310 relictus
1619 2245 1745 2333 sit(
1766 2246 1995 2310 vellem
2029 2248 2367 2336 ereptum)
2400 2248 2515 2310 ubi
2540 2248 2720 2336 inge·

574 2351 762 2415 nium
793 2349 1311 2438 industriamque
1337 2372 1520 2414 suam
1550 2365 1747 2439 atque
1769 2350 1936 2415 vires
1971 2368 2332 2417 exerceant.
2354 2352 2719 2418 Nobiscum

574 2456 874 2545 praeclare
906 2472 1126 2520 actum
1158 2454 1521 2536 videbitur,
1560 2455 1613 2518 si
1662 2455 1990 2544 possimus
2032 2456 2285 2540 dicere,
2322 2475 2399 2523 ut
2448 2460 2719 2547 quando

574 2585 848 2626 omnem
882 2584 1018 2625 non
1055 2561 1375 2627 valuimus
1397 2612 1415 2646 ,
1452 2562 1669 2650 aliqua
1706 2584 1784 2625 ex
1824 2580 2007 2651 parte
2042 2564 2378 2630 meliorem
2410 2566 2719 2632 reddide-

571 2670 796 2733 rimus.
828 2668 975 2750 Qua
1006 2668 1273 2756 quidem
1303 2669 1370 2732 in
1395 2691 1494 2750 re,
1517 2691 1687 2757 saepe
1714 2669 1878 2733 mihi
1905 2671 2213 2735 Octavius
2242 2672 2718 2761 Pantagathus,

569 2774 936 2858 oraculum,
957 2788 1034 2838 ut
1058 2776 1149 2839 sic
1171 2774 1380 2840 dicam
1397 2825 1416 2858 ,
1443 2798 1668 2840 meum
1685 2823 1704 2858 ‚
1723 2776 2019 2841 subsidio
2036 2777 2160 2843 fuit
2184 2797 2201 2843 ε
2226 2800 2393 2867 saepe
2418 2781 2717 2844 Donatus

485 2901 490 2904 ’
566 2882 982 2962 Jannoctius3
1032 2880 1116 2945 ad
1165 2905 1361 2970 quem
1381 2931 1400 2965 ,
1452 2881 1613 2946 dum
1658 2882 1968 2948 Nicolaus
1996 2882 2336 2964 *Rodulfus
2388 2885 2587 2950 vitam
2640 2909 2719 2950 ac

569 2990 870 3077 spiritum
910 2987 1128 3071 duxit,
1167 3010 1419 3076 nosque
1454 3011 1587 3053 una
1632 2989 1906 3072 fuimus,
1954 2991 2006 3054 si
2038 2990 2197 3078 quid
2231 2989 2716 3057 deliberationis

567 3111 819 3183 egeret,
859 3094 1258 3174 referebam3
1309 3093 1648 3157 hominem
1684 3095 1816 3158 acri
1852 3111 2164 3183 certoque
2195 3095 2478 3179 judicio;
2529 3097 2711 3185 quod

574 3215 880 3263 testatum
923 3219 1063 3262 esse
1093 3196 1271 3260 volui
1316 3196 1399 3261 ad
1439 3198 1822 3262 memoriam
1857 3199 2339 3287 sempiternam.
2373 3201 2711 3266 Studiosos

566 3321 787 3369 autem
814 3304 1137 3368 bonarum
1167 3303 1406 3368 artium
1442 3320 1661 3370 oratos
1687 3304 1915 3388 velim,
1959 3322 2037 3370 ut
2076 3328 2145 3370 se
2173 3307 2365 3371 nobis
2390 3307 2711 3397 benignos

566 3432 919 3499 aequosque
950 3409 1283 3498 proebeant
1313 3432 1328 3473 τ
1364 3426 1438 3474 ut
1470 3412 1526 3474 si
1564 3432 1701 3474 non
1728 3433 1933 3500 pauoe
1969 3412 2318 3477 commode
2355 3413 2587 3478 dixisse
2618 3415 2715 3479 vi-

567 3516 889 3598 debimur,
923 3538 1007 3580 ne
1043 3516 1223 3604 quod
1257 3539 1391 3581 non
1423 3519 1762 3607 potuimus
1795 3519 2303 3608 reprehendant3
2340 3537 2441 3602 et,
2489 3521 2545 3586 si
2573 3545 2706 3610 qua

564 3623 634 3686 in
669 3644 740 3684 re
763 3671 781 3704 ,
828 3639 906 3686 ut
942 3644 1206 3687 necesse
1242 3640 1340 3708 est
1368 3673 1387 3705 ‚
1436 3624 1867 3724 offendimus,
1904 3623 1974 3688 id
2005 3626 2167 3690 tanti
2207 3647 2292 3690 ne
2332 3627 2445 3708 sit,
2486 3643 2563 3691 ut
2598 3628 2708 3691 illa

564 3727 758 3789 etiam
795 3750 939 3814 quoe
967 3727 1233 3794 forsitan
1265 3729 1395 3794 sint
1427 3727 1748 3794 laudanda
1766 3777 1784 3811 ,
1819 3731 2129 3796 obscuret
2158 3748 2224 3797 et
2249 3732 2512 3798 obruat.
2539 3734 2710 3797 Sane

562 3829 831 3920 quidam
866 3830 1065 3898 hodie
1094 3836 1503 3924 iniquissime
1533 3835 1814 3916 faciunt,
1872 3836 1984 3923 qui
2019 3837 2085 3901 in
2120 3838 2343 3902 alienis
2372 3839 2708 3903 laboribus

560 3938 714 4002 vitia
730 3937 1101 4006 acutissime
1114 3941 1402 4025 videant,
1429 3959 1494 4007 et
1523 3964 1756 4032 magna
1783 3964 1942 4007 voce
1969 3945 2387 4033 pervulgent3
2421 3945 2505 4009 ad
2526 3961 2707 4010 recta

559 4043 990 4125 conniveant,
1030 4068 1103 4109 ac
1150 4064 1468 4136 perpetuo
1523 4048 1779 4112 silentio
1834 4048 2165 4114 involvant
2204 4073 2220 4114 :
2270 4066 2524 4115 tantum
2567 4074 2709 4115 suae

559 4149 730 4214 laudi
764 4149 1107 4237 demptum
1142 4155 1606 4238 existimantes,
1641 4171 1959 4244 quantum
1995 4156 2230 4221 cedant
2260 4157 2500 4224 alienae.
2530 4158 2707 4222 Illud
