3023 4773
825 464 1387 549 EPISTOLAE‚
1426 466 1645 550 XIV,
1698 465 1802 536 18.
2251 469 2383 542 115

242 579 547 671 habeat,
584 580 973 656 Philotimo
1018 582 1293 658 dicetis.
1332 589 1424 655 Et
1460 584 1676 658 velim
1715 585 2127 659 tabellarios
2168 591 2381 663 insti—

242 696 459 764 tuatis
487 707 756 778 certos,
789 708 873 765 ut
911 694 1239 792 quotidie
1278 695 1555 793 aliquas
1577 722 1623 768 a
1661 695 1867 768 vobis
1902 698 2143 771 literas
2177 691 2376 774 'acci-

239 805 456 899 piam.
484 806 799 875 Maxime
825 820 1073 877 autem
1106 803 1271 877 date
1299 830 1597 905 operam
1616 862 1637 896 ,
1674 822 1759 879 ut
1790 807 2081 881 valeatis
2101 864 2123 896 ‚
2150 812 2213 882 si
2241 837 2378 886 nos

238 914 459 985 vultis
495 914 754 986 valere.
777 940 908 985 vm
937 914 1224 987 kalend.
1262 918 1588 988 Formiis.

1717 1125 2361 1146 mmmmm

847 1297 1459 1380 EPISTOLA
1525 1301 1763 1379 XIX.

231 1447 511 1505 Dolorem
537 1468 610 1507 ex
634 1448 958 1507 valitudine
986 1449 1118 1508 filiae
1132 1456 1176 1521 ¹,
1205 1468 1337 1526 quae
1363 1468 1496 1508 cum
1528 1461 1696 1527 patre
1723 1451 2016 1510 Brundisii
2042 1465 2177 1531 post
2201 1453 2377 1512 Phar·

308 1544 545 1603 salicam
591 1544 813 1604 cladem
856 1558 1014 1617 erat,
1057 1545 1340 1623 significat
1373 1567 1388 1601 :
1450 1544 1617 1604 addit
1656 1545 1732 1604 de
1778 1548 2074 1625 propioris
2112 1569 2372 1610 accessus

310 1641 762 1720 impedimentis.
800 1641 1148 1724 (Brundisii,
1181 1662 1335 1701 anno
1358 1646 1434 1702 U.
1458 1646 1526 1703 C.
1549 1642 1687 1719 705,
1714 1663 1911 1704 mense
1931 1645 2281 1723 novembri.)

790 1828 885 1894 M.
907 1830 983 1893 T.
1020 1828 1097 1894 C.
1123 1826 1590 1892 TERENTIAE
1635 1827 1700 1892 S.
1731 1828 1815 1892 D.

321 1976 406 2042 Iu
450 1972 784 2043 maximis
829 1974 1009 2044 meis
1051 1970 1426 2043 doloribus
1474 1972 1841 2042 excruciat
1882 1994 2001 2042 me
2044 1970 2368 2043 valitudo

222 2083 472 2153 Tulliae
520 2088 966 2155 nostra-De
1027 2106 1174 2181 qua
1231 2081 1416 2153 nihil
1469 2096 1618 2171 est,
1660 2080 1861 2178 quod
1907 2080 1998 2153 ad
2042 2096 2115 2154 te
2158 2082 2370 2181 plura

222 2190 532 2261 scribam
568 2218 583 2261 ε
627 2190 762 2262 tibi
788 2194 983 2264 enim
1008 2216 1214 2289 aeque
1255 2217 1532 2290 magnae
1559 2216 1747 2262 curae
1774 2216 1930 2263 esse
1968 2207 2167 2264 certo
2192 2195 2365 2265 scio,

223 2300 445 2391 Quod
485 2325 606 2373 me
650 2302 952 2401 propius
981 2302 1198 2373 vultis
1238 2299 1621 2388 accedere,
1665 2298 1877 2372 video
1919 2301 2019 2372 ita
2060 2325 2214 2374 esse
2257 2301 2365 2373 fa-

219 2411 591 2485 ciendum.
648 2416 879 2485 Etiam
916 2427 1083 2485 ante
1121 2410 1446 2486 fecissem
1483 2439 1498 2483 :
1540 2411 1669 2484 sed
1709 2436 1829 2484 me
1865 2413 2096 2484 multa
2131 2415 2364 2512 impe-

216 2522 513 2595 dierunt
529 2532 587 2610 ²,
622 2549 785 2621 quae
822 2549 918 2596 ne
959 2550 1159 2596 nunc
1203 2523 1502 2622 quidem
1535 2524 1866 2623 expedita
1907 2534 2099 2597 sunt.
2145 2524 2287 2598 Sed
2323 2552 2365 2598 a

218 2636 631 2733 Pomponio
666 2647 1004 2731 exspecto
1029 2632 1269 2706 literas
1286 2689 1306 2723 ‚
1333 2659 1514 2731 quas
1533 2633 1625 2705 ad
1646 2660 1764 2707 me
1793 2660 2014 2732 quam
2041 2637 2357 2735 primum

214 2743 690 2841 perferendas
721 2769 928 2816 cures
958 2745 1192 2817 velim.
1226 2749 1335 2816 Da
1361 2769 1689 2844 operam,
1718 2760 1801 2816 ut
1839 2746 2095 2818 valeas.

288 2957 334 2989 ι.
360 2938 752 3006 Valimd.filioe.
778 2942 950 2989 Romae
970 2940 1076 2989 haec
1097 2956 1254 3005 agro·
1414 2955 1465 2990 a.
1498 2940 1661 2989 Multa
1696 2912 2035 3005 impedierunt.
2071 2941 2267 2991 Alludit
2299 2940 2362 2989 nd

210 3020 375 3078 tabat,
398 3036 506 3068 non
526 3030 586 3067 nt
603 3018 898 3083 quibusdam
914 3019 1094 3085 visum,
1103 3022 1255 3069 Brun-
1337 3020 1538 3069 lictores
1569 3034 1726 3084 quos,
1758 3036 1844 3083 spe
1879 3020 2116 3086 triumphi
2130 3054 2147 3081 ‚
2187 3021 2367 3070 retine·

206 3098 326 3147 didi
340 3134 359 3160 ‚
386 3098 531 3165 apud
554 3109 765 3164 patrem.
785 3098 899 3148 sen.
1338 3096 1442 3148 bat.
1464 3098 1546 3149 Ad
1566 3098 1672 3148 Ait.
1687 3098 1764 3147 xl
1776 3133 1792 3158 ,
1816 3099 1866 3147 6.
1879 3099 1975 3146 En.
2063 3140 2072 3153 ,

2068 3285 2342 3305 mm

879 3463 1479 3544 EPISTOLA
1534 3464 1721 3544 XX.

189 3640 536 3695 Recreatus
569 3634 759 3692 literis
789 3634 1065 3704 Caesaris,
1098 3652 1219 3691 non
1256 3630 1490 3690 dubitat
1533 3610 1799 3709 propius*
1819 3625 2113 3686 accedere.
2159 3629 2362 3687 Parari

271 3751 427 3809 ergo
458 3732 663 3789 omnia
692 3731 753 3787 in
768 3730 1100 3790 Tusculano
1120 3728 1309 3807 jubet.
1348 3727 1462 3805 (De
1475 3727 1805 3823 VenusinO,
1835 3742 1988 3782 anno
2009 3728 2082 3784 U.
2110 3727 2177 3784 C.
2209 3726 2359 3798 706,

269 3849 489 3888 mense
523 3827 798 3901 octobri.)

604 3995 694 4060 M.
727 3996 803 4061 T.
843 3995 919 4060 C.
941 3990 1406 4059 TERENTIAE
1451 3988 1647 4056 SUAE
1689 3988 1753 4053 S.
1790 3987 1859 4052 P.
1897 3988 1978 4052 D.

290 4148 387 4217 ΙΝ
441 4142 935 4215 Tusculanum
979 4164 1116 4215 nos
1158 4124 1504 4223 {tenturos
1555 4149 1894 4235 putamus
1947 4146 2072 4205 aut
2116 4134 2361 4217 nonis,

2047 4248 2112 4316 8.
