3023 4773
653 433 797 528 670
1004 437 1009 442 ⁴
1086 499 1095 506 ,
1291 433 1389 499 M.
1433 432 1510 498 T.
1566 431 2121 502 CICERole

653 571 813 626 tum
830 563 887 595 ¹²
907 549 1084 623 nihil
1107 549 1505 623 absurdius.
1521 549 1789 624 Urbem
1817 566 1896 623 tu
1925 551 2523 653 relinquas?ergo
2549 554 2744 626 idem
2762 610 2784 645 ‚

654 665 710 734 si
728 660 912 734 Galli
939 662 1304 731 venirent?
1332 665 1496 732 Non
1519 676 1655 747 est,
1694 665 1964 759 inquit,
1999 667 2072 733 in
2101 663 2495 761 parietibus
2528 691 2780 764 respu-

651 773 880 860 blica,
922 786 997 841 at
1029 773 1105 840 in
1136 773 1278 842 aris
1313 767 1372 814 ¹³
1414 786 1483 843 et
1526 768 1722 843 focis.
1770 775 1966 843 Fecit
2008 771 2197 844 idem
2241 772 2777 846 Themistocles.

648 890 701 954 F
706 883 978 955 luctum
1022 885 1218 953 enim
1275 883 1495 953 totius
1553 879 1894 952 barbariae
1952 880 2135 953 serre
2192 881 2368 954 urbs
2421 909 2566 955 una
2619 910 2775 955 non

647 1007 954 1089 poterat.
992 994 1084 1061 At
1114 990 1305 1062 idem
1340 991 1647 1062 Pericles
1683 1015 1835 1063 non
1880 990 2381 1078 fecit‚·annum
2419 991 2567 1064 fere
2610 1010 2775 1092 post

646 1101 1360 1199 quinquagesimum,
1398 1125 1632 1197 quum
1669 1116 1936 1198 praeter.
1959 1105 2222 1174 moenia
2254 1102 2433 1173 nihil
2474 1119 2771 1178 teneret.

644 1213 892 1285 Nostri
923 1210 1097 1282 olim
1119 1264 1139 1296 ‚
1176 1208 1358 1282 urbe
1392 1210 1669 1308 reliqua
1707 1227 1913 1308 capta
1940 1210 2034 1299 ¹⁴,
2069 1236 2303 1284 arcem
2333 1227 2571 1286 tamen
2600 1216 2770 1286 reti·

647 1336 984 1394 uuerunt.
1697 1411 1700 1418 ¹

893 1452 1041 1508 Οὕτω
1054 1437 1099 1482 ¹⁵
1131 1471 1227 1506 που
1255 1459 1353 1505 τῶν
1385 1453 1591 1523 πρόσθεν
1619 1455 1916 1524 ἐπευθόμεθα
1935 1454 2058 1505 κλέα
2085 1448 2292 1525 ἀνδρῶν.

645 1575 917 1639 Rursus
966 1581 1205 1639 autem
1253 1591 1340 1638 ex
1386 1566 1640 1639 dolore
1683 1565 2130 1663 municipali,
2167 1567 2771 1666 sermonibusque

644 1703 897 1751 eorum
917 1734 936 1765 ‚
981 1703 1167 1776 quos
1192 1682 1583 1764 convenio,
1621 1676 1901 1747 videtur
1926 1676 2068 1747 hoc
2091 1677 2467 1748 consilium
2496 1680 2772 1749 exitum

644 1787 1062 1860 habiturum
1100 1786 1185 1857 ¹⁶.
1258 1789 1436 1857 Mira
1489 1786 1908 1857 homiuum*
1950 1785 2246 1884 querela
2300 1803 2412 1858 est
2465 1789 2492 1883 (
2525 1792 2770 1861 nescio

638 1898 837 1984 istic;
875 1895 1001 1968 scd
1019 1894 1266 1977 facies,
1306 1909 1385 1965 ut
1406 1895 1719 1990 sciam),
1752 1899 1903 1966 sine
1942 1891 2475 1991 magistratibus
2502 1897 2767 1970 urbem

638 2031 791 2076 esse
814 2060 833 2093 ‚
872 2007 1025 2077 sine
1062 2018 1332 2075 senatu.
1374 2006 1682 2101 Fugiens
1716 2003 2028 2102 denique
2059 2010 2444 2102 Pompeius
2479 1994 2771 2080 mirabi-

635 2118 799 2185 liter
848 2115 1179 2185 homines
1233 2129 1499 2185 movet.
1560 2114 1756 2204 Quid
1811 2117 2125 2211 quaeris?
2172 2116 2303 2187 alia
2340 2142 2551 2189 causa
2585 2117 2772 2190 facta

638 2240 745 2296 est
779 2251 793 2292 τ
835 2223 1019 2294 nihil
1055 2224 1202 2319 jam
1246 2222 1796 2318 concedendum
1833 2239 2092 2322 putant
2131 2230 2408 2297 Caesari.
2452 2233 2656 2315 Haec,
2688 2244 2769 2300 tu

639 2332 815 2404 mihi
856 2333 1162 2432 explica,
1214 2333 1451 2431 qualia
1503 2335 1664 2406 sint.
1721 2337 1870 2430 Ego
1917 2339 2205 2433 negotio
2257 2359 2570 2434 praesum
2619 2364 2768 2411 non

635 2442 1082 2514 turbulentO.
1118 2443 1292 2514 Vult
1331 2444 1522 2514 enim
1556 2468 1671 2514 me
1710 2447 2089 2542 Pompeius
2133 2471 2321 2533 esse,
2365 2474 2586 2544 quem
2620 2466 2768 2522 tota

633 2549 783 2620 haec
829 2554 1191 2646 Campana
1228 2565 1298 2619 et
1338 2550 1694 2619 maritima
1729 2574 1855 2619 ora
1890 2550 2150 2621 habeat
2185 2555 2512 2624 ἐπίσκοπον
2542 2564 2641 2641 ¹7,
2674 2554 2766 2625 ad

629 2684 850 2758 quem
903 2657 1221 2730 delectus
1294 2674 1366 2730 et
1432 2684 1711 2731 summa
1760 2663 2027 2758 negotii
2086 2661 2457 2734 referatur.
2505 2669 2764 2762 Itaque

632 2794 851 2864 vagus
910 2792 1063 2840 csse
1108 2767 1530 2865 cogitabam.
1575 2774 1673 2840 Te
1733 2785 1912 2868 puto
1961 2771 2106 2865 jam
2148 2772 2421 2857 videre,
2465 2799 2625 2871 quae
2673 2777 2770 2845 sit

630 2881 784 2970 ὁρμὴ
818 2869 879 2919 ¹⁸
918 2878 1213 2946 Caesaris
1235 2929 1254 2962 ‚
1283 2877 1406 2972 qui
1434 2874 1786 2974 populus,
1813 2880 1940 2973 qui
1964 2879 2182 2948 totius
2206 2882 2475 2975 negotii
2495 2895 2764 2951 status:

633 3012 717 3056 ea
763 2984 976 3057 velim
1018 2985 1287 3057 scribas
1322 2985 1412 3056 ad
1450 3011 1567 3057 me
1595 3042 1613 3075 ,
1658 3001 1730 3057 et
1770 2984 2062 3085 quidem
2086 3042 2104 3073 ,
2145 2989 2488 3084 quoniam
2523 3005 2765 3059 muta-

628 3094 801 3165 bilia
834 3110 1041 3179 sunt‚
1081 3120 1299 3192 quam
1353 3097 1754 3192 saepissime.
1794 3097 2192 3192 Aequiesco
2242 3098 2432 3167 enim
2471 3112 2543 3168 et
2582 3100 2764 3169 scri-

630 3203 810 3275 bens
841 3203 931 3275 ad
953 3219 1060 3290 te,
1108 3220 1180 3276 et
1218 3205 1457 3302 legens
1495 3220 1639 3276 tua.

703 3388 783 3420 ια.
813 3373 928 3418 Em.
956 3369 1160 3428 conjicit
1187 3376 1369 3418 tamen.
1396 3372 1444 3418 J.
1471 3372 1536 3418 V.
1563 3371 1614 3416 1..
1739 3386 1801 3417 ex
1835 3369 2027 3427 dolore,
2061 3371 2460 3434 sermonibusque
2487 3372 2776 3437 municipi

704 3451 781 3499 13.
801 3452 871 3497 At
887 3448 1067 3496 inuris.
1087 3444 1364 3513 Responsio
1382 3449 1650 3498 Ciceronis.
1737 3448 1854 3495 lium
1898 3449 2183 3511 hominum,
2217 3450 2301 3514 qui
2338 3452 2556 3514 Pompeii
2598 3452 2762 3514 fugam

623 3529 755 3578 Fecit
770 3546 788 3576 .-
808 3530 966 3593 inquit
986 3530 1261 3593 Pompeius.
1283 3529 1499 3577 Flaccum
1514 3564 1528 3587 ,
1552 3539 1650 3579 etc.
1738 3543 1879 3590 aequo
1899 3530 2059 3574 animo
2082 3529 2204 3576 serre
2224 3545 2324 3576 nou
2341 3542 2596 3593 poterant,
2616 3531 2762 3577 vehet-

628 3609 899 3671 Responsio
915 3607 1186 3656 Ciceronis.
1212 3609 1369 3655 Lun.
1738 3619 2017 3671 menterque
2035 3607 2212 3656 Caesari
2230 3610 2341 3655 irati
2360 3620 2521 3667 erant,
2541 3610 2762 3673 Pompeii

698 3697 777 3744 ¹4·
808 3689 985 3750 Capta.
1014 3688 1059 3733 A
1087 3686 1265 3745 Gallis,
1286 3688 1391 3735 Liv.
1412 3687 1502 3735 lib.
1521 3690 1585 3734 V.
1735 3686 2022 3745 consilium,
2052 3690 2382 3752 rationemque
2409 3689 2520 3737 belli
2557 3690 2761 3752 gerendi

700 3767 778 3813 15.
802 3768 959 3817 Οὕτω.
990 3766 1068 3812 sic
1095 3783 1288 3825 eorum,
1310 3760 1396 3831 qin’
1419 3779 1534 3814 ante
1558 3783 1648 3814 nos
1735 3781 1878 3828 posse
1913 3766 2140 3831 explicari
2165 3800 2181 3825 ,
2223 3778 2271 3815 et
2311 3784 2411 3815 non
2447 3769 2760 3816 incommode

622 3844 883 3904 vixerunt,
904 3844 1220 3894 audiebamus
1242 3846 1427 3896 laudes.
1450 3873 1521 3882 -—
1541 3849 1648 3894 Ho·
1735 3844 1978 3893 concludi.
2005 3847 2154 3891 onr.

624 3938 738 3970 mer.
763 3923 900 3972 Iliad.
928 3924 1027 3983 IX,
1054 3926 1181 3985 520,
1203 3925 1378 3989 babet,
1404 3925 1542 4001 Ορτω
1562 3922 1645 3973 καὶ
1811 3942 1888 3985 ¹7·
1922 3913 2204 3973 ἐπίσκοπον.
2244 3926 2602 3990 Speculatorem
2619 3963 2635 3983 ,
2667 3944 2756 3975 en-

618 4021 663 4050 τ.
693 4018 777 4068 πρ.
804 4003 856 4050 J.
876 4004 938 4049 V.
960 4008 1013 4052 L.
1734 4002 2060 4051 stedemvid.
2081 4003 2142 4051 ad
2166 4005 2419 4063 Dimvm,
2446 4009 2526 4067 13,
2546 4009 2755 4062 etxvl,

697 4084 773 4130 16.
810 4080 1009 4127 Exitum
1046 4081 1337 4130 habiturum.
1375 4083 1523 4131 Nunc
1551 4099 1643 4147 pro
1740 4098 1794 4131 η
1823 4095 1868 4130 et
1895 4086 1976 4133 13.

619 4162 840 4226 Pompeii
889 4170 1024 4225 parte
1068 4159 1315 4223 disputat,
1359 4162 1644 4224 judicatque
1811 4165 1892 4212 18.
1919 4152 2074 4231 ὁρμή.
2104 4167 2335 4228 Impetus.
