3023 4773
616 412 748 468 naa
1250 404 1347 472 M.
1401 404 1477 470 T.
1535 402 2096 473 CICERONIS

603 520 762 610 bet,
806 526 882 593 in
922 523 1009 593 iis
1047 525 1440 621 praesertim
1481 523 1746 614 rebuS,
1809 546 1990 621 quas
2044 546 2174 594 vos
2219 515 2556 609 audistis,
2601 549 2744 621 ego

597 657 801 731 paene
842 657 1065 706 cerno
1102 659 1119 702 ε
1165 659 1429 734 magno
1474 653 1698 733 opere
1738 658 1870 706 vos
1904 648 1980 705 et
2021 632 2279 705 hortor
2315 648 2390 705 et
2432 659 2742 721 moneo,

602 757 685 815 ut
724 743 836 815 his
887 746 1275 842 provinciis
1327 750 1553 819 serius
1605 770 1733 817 vos
1796 742 2091 843 quidem
2114 797 2134 832 ‚
2192 769 2414 842 quam
2456 743 2741 834 decuit,

602 850 729 928 sed
765 853 1158 952 aliquando
1192 869 1436 928 tamen
1473 857 1885 928 consulatis,
1928 860 2077 929 Nos
2118 854 2739 952 quemadmodum

601 963 1022 1053 instructOS,
1055 982 1129 1039 et
1162 965 1433 1064 quibus
1474 967 1824 1066 praesidiis
1853 971 2175 1039 munitos
2218 964 2310 1037 ad
2345 969 2529 1038 tanti
2561 966 2739 1038 belli

599 1074 1025 1170 opinionem
1058 1077 1424 1165 miseritis,
1451 1102 1607 1148 non
1634 1082 1800 1149 estis
1831 1079 2082 1175 ignari.
2111 1076 2330 1167 Quod
2363 1102 2500 1175 ego
2521 1102 2739 1173 nego-

601 1184 784 1254 tium
811 1211 964 1256 non
1001 1186 1300 1258 stultitia
1331 1186 1737 1259 obcaecatus
1757 1241 1777 1275 ,
1807 1187 1934 1259 sed
1967 1185 2401 1258 verecundia
2432 1184 2737 1257 deterri-

600 1309 750 1381 tus,
787 1320 935 1366 non
978 1299 1323 1368 recusavi.
1363 1283 1626 1395 Neque
1658 1301 1850 1369 enim
1889 1320 2238 1393 umquam
2270 1296 2504 1367 ullum
2544 1298 2737 1393 peri-

596 1405 844 1477 culum
863 1419 1146 1477 tantum
1162 1411 1430 1505 putavi,
1449 1407 1650 1506 quod
1671 1404 2170 1503 subterfugere
2189 1405 2504 1493 maliem,
2518 1431 2736 1502 quam

598 1529 849 1587 vestrae
869 1519 1277 1590 auctoritati
1291 1503 1819 1617 obtemperare.
1836 1522 1993 1588 Hoc
2009 1531 2249 1588 autem
2277 1529 2606 1612 tempore
2621 1541 2738 1587 res

600 1649 755 1698 sese
788 1628 891 1697 sic
925 1627 1178 1715 habet,
1222 1643 1339 1712 ut,
1383 1630 1524 1712 nisi
1569 1629 2333 1712 exercitumtantum,
2378 1641 2736 1723 quantum

598 1734 691 1807 ad
746 1739 1142 1809 maximum
1197 1738 1469 1811 bellum
1508 1743 1795 1810 mittere
1836 1736 2115 1825 soletis,
2159 1750 2440 1806 mature
2484 1736 2562 1807 in
2608 1736 2738 1807 has

599 1849 1005 1946 provincias
1033 1851 1370 1921 miseritis
1390 1905 1413 1939 ,
1441 1873 1806 1922 summum
1834 1847 2238 1946 periculum
2261 1848 2382 1936 sit,
2417 1871 2512 1917 ne
2536 1847 2739 1917 amit-

597 1958 831 2029 tendae
854 1961 999 2029 sint
1035 1959 1289 2033 omnes
1327 1960 1435 2029 hae
1459 1963 1847 2059 provinciae
1867 2013 1888 2047 ,
1917 1956 2185 2056 quibus
2210 1955 2579 2054 vectigalia
2603 1982 2738 2055 po-

494 2114 497 2116 -
598 2067 752 2165 puli
796 2072 1080 2146 tomani
1118 2074 1609 2143 continentur.
1650 2071 2138 2160 Quamobrem
2184 2083 2424 2139 autem
2472 2073 2549 2138 in
2595 2070 2738 2139 hoc

593 2169 1023 2275 'provinciali
1046 2173 1335 2253 delectu
1358 2206 1559 2280 spem
1588 2180 1912 2252 habeatis
1926 2181 2268 2277 aliquam,
2297 2202 2512 2249 causa
2538 2177 2736 2248 nulla

597 2303 727 2359 est.
760 2295 1013 2389 Neque
1048 2292 1260 2363 multi
1296 2307 1503 2378 sunt;
1548 2308 1621 2364 et
1645 2290 2076 2388 diffugiunt,
2116 2290 2242 2386 qui
2281 2303 2490 2374 sunt,
2534 2303 2738 2359 metu

596 2399 866 2472 oblato,
904 2406 1022 2491 Et,
1059 2402 1260 2500 quod
1297 2428 1527 2501 genus
1558 2403 1700 2475 hoc
1735 2403 2048 2473 militum
2085 2403 2212 2487 sit,
2253 2399 2601 2494 judicavit
2627 2405 2738 2470 vir

593 2507 1027 2586 fortissimus
1054 2519 1154 2585 M.
1187 2513 1483 2587 Bibulus
1503 2517 1580 2585 in
1598 2516 1799 2602 Asia3
1833 2513 1961 2611 qui
1986 2567 2005 2599 ,
2039 2537 2271 2611 quum
2310 2513 2545 2623 vosxei
2576 2536 2736 2609 per·

594 2623 966 2696 misissetis
1030 2624 1388 2697 delectum
1444 2625 1754 2714 habere,
1803 2626 2066 2697 noluit.
2132 2626 2315 2695 Nam
2366 2623 2735 2693 sociorum

593 2736 894 2827 auxilia,
950 2754 1251 2838 propter
1300 2740 1765 2815 acerbitatem
1818 2753 2035 2836 atque
2090 2738 2392 2832 injurias
2450 2740 2735 2835 imperii

594 2848 860 2931 nostri,
888 2862 1012 2918 aut
1052 2851 1148 2919 ita
1173 2850 1535 2922 imbecilla
1562 2864 1755 2938 sunt,
1783 2863 1867 2920 ut
1909 2873 2063 2919 non
2107 2846 2422 2918 multum
2464 2871 2600 2918 nos
2618 2846 2737 2940 ju·

561 3018 564 3022 Α
592 2981 759 3028 vare
788 2960 1106 3056 possint,
1143 2975 1267 3032 aut
1301 2966 1400 3032 ita
1436 2962 1743 3033 alienata
1765 2984 1804 3031 a
1825 2958 2164 3046 nobiS,ut
2197 2982 2441 3054 neque
2478 2981 2738 3054 exspe-

589 3068 934 3140 ctandum
978 3068 1070 3140 ab
1107 3072 1227 3155 iis,
1269 3096 1511 3167 neque
1552 3067 2155 3142 committendum
2197 3067 2281 3139 iis
2332 3066 2735 3164 quidquam

591 3203 745 3251 esse
766 3179 1107 3251 videatur.
1148 3184 1363 3276 Regis
1389 3182 1712 3276 Dejotari
1740 3195 1814 3252 et
1837 3181 2285 3251 voluntatem
2306 3231 2325 3263 ,
2352 3191 2423 3248 et
2452 3178 2698 3274 copias
2715 3232 2737 3264 ,

592 3305 1198 3387 quantaecumque
1229 3305 1400 3362 sunt
1421 3301 1506 3379 ¹²,
1538 3306 1819 3363 nostras
1852 3315 2006 3362 esse
2031 3287 2244 3360 duco.
2275 3286 2740 3385 Cappadocia

591 3415 699 3473 est
731 3398 1065 3472 inanis13.
1100 3401 1388 3497 Reliqui
1427 3426 1633 3499 reges
1672 3404 2139 3498 tyrannique,
2181 3422 2424 3494 neque
2468 3394 2742 3495 opibus

592 3513 759 3582 satis
792 3509 1015 3601 firmi,
1052 3537 1190 3601 nec
1207 3512 1580 3586 voluntate
1616 3529 1808 3586 sunt.
1832 3511 2010 3583 Mihi
2037 3513 2113 3581 in
2141 3510 2278 3581 hac
2298 3510 2736 3607 paucitatem

591 3620 904 3695 militum
937 3625 1221 3695 animus
1257 3638 1451 3699 certe
1481 3648 1633 3696 non
1663 3623 1895 3695 deerit
1927 3649 1943 3691 ε
1972 3644 2189 3719 spero
2219 3644 2313 3690 ne
2345 3618 2739 3690 consilium

589 3730 910 3831 quidem.
966 3736 1162 3822 Quid
1216 3759 1551 3808 casurum
1614 3737 1708 3807 sit
1730 3789 1749 3823 ,
1812 3736 2170 3806 incertum
2235 3745 2366 3803 est.
2435 3733 2741 3801 Utinam

664 3992 748 4025 ιο.
777 3976 1195 4042 Quantoecumquo
1228 3992 1360 4030 sunt.
1389 3986 1509 4031 Fere
1536 3997 1615 4030 co-
1778 3980 1859 4028 13.
1887 3978 2079 4028 Inanis.
2108 3978 2278 4029 Vacua
2301 3978 2551 4043 prasidio.
2589 3941 2739 4027 inea

589 4056 755 4105 hortos
772 4055 988 4120 triginta,
1002 4054 1218 4120 legiones
1236 4060 1467 4112 videlicet
1477 4060 1610 4111 dum.
1700 4058 1932 4124 regnabat
1950 4057 2317 4107 Ariobarzanes.
2343 4059 2485 4107 Mu«-

593 4135 950 4198 Vid.Att.v1,
983 4151 1030 4185 x.
1058 4137 1148 4184 En.
1777 4146 1858 4196 ¹4·
1887 4137 2162 4188 Paucitaee.
2182 4137 2300 4187 Vid.
2324 4138 2503 4198 Att.v,
2531 4136 2611 4188 15.
2630 4138 2739 4188 En.
