3023 4773
598 428 743 517 654
1227 422 1322 490 M.
1362 399 1453 492 T.
1507 411 2088 484 clcERoms

590 557 1135 629 Flumentanam
1202 539 1473 612 Coelius
1529 533 1939 631 occuparit,
1995 555 2131 626 ego
2182 523 2521 595 Puteolos
2577 548 2739 594 non

596 687 795 736 meos
822 658 1074 731 faciam
1096 664 1187 721 ²⁷.

688 770 917 842 Venio
955 765 1041 837 ad
1079 764 1341 832 Piraeea
1373 749 1473 840 ¹⁸,
1519 756 1593 823 in
1630 777 1782 850 quo
1825 750 2052 846 magis
2085 742 2737 845 reprehendendus

592 907 751 955 sum
772 935 792 968 ‚
836 875 1037 988 quod
1073 873 1298 943 homo
1330 890 1673 937 romanus
1698 894 1732 928 «
1769 863 2022 932 Piraeea
2045 888 2076 924 n
2102 857 2507 954 scripserim
2526 908 2546 941 ‚
2577 880 2735 924 non

586 1026 623 1061 α
654 996 996 1066 Piraeeum
1032 1017 1066 1052 υ
1121 983 1149 1078 (
1187 982 1287 1052 sic
1340 980 1538 1049 enim
1569 996 1826 1045 omnes
1860 971 2088 1040 nostri
2142 968 2432 1064 loquuti
2487 964 2734 1056 sunt),

591 1127 809 1204 quam
841 1097 1045 1198 quod
1065 1125 1099 1161 «
1127 1097 1202 1163 in
1221 1125 1253 1158 ι»
1281 1086 1698 1160 addiderim.
1727 1087 1893 1154 Non
1929 1081 2119 1150 enim
2158 1075 2302 1147 hoc
2335 1090 2420 1146 ut
2456 1074 2736 1172 oppido

595 1211 992 1313 praeposui,
1037 1203 1164 1277 sed
1204 1216 1286 1272 ut
1327 1199 1490 1270 loco
1551 1224 1566 1267 :
1608 1209 1678 1265 et
1734 1210 1973 1263 tamen
2026 1188 2415 1283 Dionysius
2457 1199 2738 1270 noster,

592 1331 720 1423 qui
754 1336 863 1393 est
895 1315 1274 1389 nobiscum
1300 1365 1319 1398 ,
1360 1321 1431 1380 et
1458 1305 1693 1377 Nicias
1730 1307 1923 1375 Cous
1965 1324 2119 1370 non
2153 1295 2491 1382 rebatur,
2522 1297 2736 1393 oppi-

588 1439 769 1510 dum
812 1454 964 1503 esse
1005 1429 1284 1498 Piraeea.
1316 1417 1456 1491 Sed
1489 1416 1581 1488 de
1621 1438 1702 1486 re
1738 1412 2007 1483 videro.
2044 1413 2393 1481 Nostrum
2432 1405 2737 1499 quidem

592 1550 650 1620 si
696 1543 802 1617 est
841 1551 1256 1640 peccatum,
1292 1534 1365 1601 in
1406 1553 1494 1600 eo
1543 1539 1682 1611 est,
1720 1520 1916 1620 quod
1940 1575 1959 1606 ‚
1989 1531 2265 1592 nonut
2291 1517 2382 1587 de
2429 1513 2741 1613 oppido,

594 1663 944 1754 loquutus
983 1671 1180 1731 sum,
1218 1641 1340 1713 sed
1371 1654 1452 1709 ut
1479 1635 1784 1719 deloco;
1816 1643 2316 1727 sequutusque
2354 1649 2512 1696 sum
2533 1679 2554 1710 ‚
2585 1648 2740 1693 non

592 1770 760 1841 (lico
786 1759 1147 1835 Caecilium
1164 1811 1182 1840 ‚
1213 1783 1246 1819 (ι
1263 1773 1474 1822 mane
1497 1759 1582 1816 ut
1606 1769 1691 1816 ex
1714 1755 1936 1840 portu
1957 1743 2031 1809 in
2063 1740 2450 1808 Piraeeum»
2468 1733 2743 1828 (malus

594 1880 789 1953 enirn
837 1884 1092 1944 auctor
1149 1859 1516 1936 latinitatis
1554 1868 1663 1926 est
1697 1853 1725 1949 )
1755 1907 1775 1940 ‚
1836 1848 1961 1922 sed
2020 1847 2436 1919 Terentium
2458 1898 2476 1930 ‚
2533 1844 2743 1937 cujus

594 1985 907 2068 fabellae,
952 1990 1248 2078 propter
1285 1967 1708 2065 elegantiam
1768 1962 2121 2033 sermonis
2145 2012 2163 2045 ,
2210 1954 2663 2053 putabantur
2699 1976 2744 2022 a

591 2102 668 2169 C.
707 2092 924 2164 Laelio
969 2083 1187 2159 scribi
1233 2111 1248 2154 ε
1289 2112 1323 2146 α
1353 2080 1524 2150 Heri
1560 2076 1838 2170 aliquot
1883 2065 2402 2142 adolescentuli
2456 2066 2742 2134 coimus

598 2200 1202 2278 i11Piraeeum».Et
1229 2191 1454 2276 idem,
1478 2218 1513 2254 α
1531 2189 1894 2258 Mercator
1912 2181 2052 2250 hoc
2078 2175 2389 2248 addebat
2405 2229 2424 2259 ‚
2448 2188 2740 2271 captam

588 2337 630 2385 e
659 2310 948 2383 Sunio».
989 2298 1207 2394 Quod
1245 2301 1303 2370 si
1338 2293 1571 2393 δήμους
1599 2288 1869 2390 oppida
1882 2286 2219 2357 volumus
2240 2305 2392 2353 esse
2412 2333 2431 2367 ‚
2458 2295 2610 2351 tam
2632 2293 2741 2350 eet

593 2425 948 2528 oppidum
976 2422 1315 2502 Sunium,
1352 2434 1571 2510 quam
1602 2410 1933 2479 Piraeeus.

693 2545 833 2620 Sed
851 2600 871 2633 ‚
903 2544 1248 2641 quoniam
1271 2530 1778 2632 grammaticus
1802 2548 1877 2594 es
1900 2576 1919 2610 ,
1952 2522 2010 2591 si
2035 2519 2172 2589 hoc
2209 2515 2386 2586 mihi
2406 2512 2743 2610 ζήτημα’9

596 2653 1056 2758 persolveri5‚
1094 2669 1353 2743 magna
1390 2667 1509 2712 me
1547 2637 1875 2709 molestia
1913 2629 2261 2702 liberaris.
2297 2626 2425 2696 Ille
2450 2623 2519 2669 3⁰
2557 2624 2741 2694 mihi

570 2771 830 2843 ,literas
868 2758 1169 2834 blandas
1206 2757 1449 2827 mittit.
1493 2751 1689 2823 Facit
1718 2745 1907 2816 idem
1939 2767 2076 2840 pro
2113 2763 2200 2810 eo
2230 2735 2518 2808 Balbus.
2557 2734 2743 2805 Mihi

594 2893 875 2950 certum
917 2886 1057 2960 est,
1100 2866 1191 2940 ab
1242 2862 1748 2936 honestissima
1793 2853 2146 2926 sententia
2209 2848 2514 2945 digitum
2564 2870 2745 2915 nus-

593 3013 817 3085 quam
871 3013 885 3055 :
939 2981 1065 3053 sed
1108 2982 1245 3051 scis
1285 2975 1386 3046 illi
1445 2972 1810 3066 reliquum
1859 2976 2219 3061 quantum
2268 2961 2382 3029 sit.
2432 2960 2744 3026 Putasne

596 3102 812 3197 igitur
840 3091 1241 3166 verendum
1270 3110 1460 3171 esse,
1496 3105 1587 3152 ne
1616 3092 1742 3150 aut
1774 3073 2074 3169 objiciat
2106 3069 2178 3139 id
2211 3066 2425 3138 nobis
2447 3064 2743 3161 aliquiS‚

598 3938 753 3987 quum
781 3922 1042 3967 exissem».
1062 3915 1218 3980 Epist.
1242 3928 1300 3975 9·
1324 3909 1414 3957 lib.
1441 3908 1514 3953 v1
1534 3939 1548 3963 ‚
1573 3913 1626 3951 ut

603 4000 745 4049 Plato
766 3999 814 4045 in
836 3997 1082 4061 principio
1099 3993 1187 4041 lib.
1206 3993 1227 4037 1
1243 3988 1305 4036 de
1323 3984 1624 4050 Republica:
1718 3980 1900 4043 quitur.

603 4073 820 4130 Karissm
856 4072 958 4139 χθὲς
991 4072 1051 4127 εἰς
1089 4068 1309 4135 Πειραιᾶ.
1359 4069 1526 4115 Coun.
1555 4090 1626 4099 --
1788 4059 1870 4104 3ο.
1904 4054 2015 4102 Ille.
2047 4054 2232 4105 Caesar,
2258 4046 2339 4094 cni
2382 4046 2476 4093 sets
2502 4055 2746 4109 quantum
2809 4098 2812 4101 Δ

603 4159 731 4207 vide
758 4155 936 4206 Sanctii
963 4152 1260 4203 Minervam,
1290 4146 1369 4205 11,
1396 4141 1446 4202 5,
1469 4152 1516 4187 ct
1537 4143 1626 4197 IV,
1711 4137 1873 4185 adhuc
1898 4131 2120 4199 pecnnia!
2161 4126 2380 4174 debeam.
