3023 4773
583 406 725 477 316
1210 412 1304 476 M.
1360 411 1435 475 T.
1492 409 2072 478 CICERONIS

578 543 822 614 turos,
878 530 1014 599 nisi
1077 530 1409 626 praesidio
1469 533 1881 601 constituto.
1943 527 2278 600 Refertur
2333 530 2424 599 ad
2474 535 2715 601 consi-

577 639 754 709 lium
773 635 874 707 ³²:
905 664 1050 708 una
1085 640 1237 710 sola
1259 644 1616 710 sententia
1638 637 2048 737 praesidium
2077 662 2229 707 non
2257 636 2708 709 desideravit.

574 747 917 819 Defertur
965 774 1077 818 res
1126 747 1213 819 ad
1256 763 1627 836 senatum3
1658 751 2069 846 gravissime
2109 751 2713 846 ornatissimeque

579 857 1027 944 ‹lecernitur3
1063 858 1447 930 laudantur
1478 859 1794 953 judices3
1829 860 2040 930 datur
2073 861 2446 954 negotium
2463 856 2526 901 ³³
2564 883 2713 929 ma-

579 968 1022 1079 gistratibus3
1041 993 1561 1066 responsurum
1583 970 1953 1040 hominem
1978 994 2191 1039 nemo
2212 967 2707 1039 arbitrabatur.

684 1080 925 1144 Εσπετε
965 1089 1066 1144 νῦν
1107 1105 1236 1169 μοι,
1282 1072 1608 1170 μοῦσαι34,
1654 1083 1867 1155 ὅππως
1910 1070 1988 1152 δὴ
2028 1085 2269 1169 πρῶτον
2311 1087 2431 1169 πῦρ
2470 1080 2709 1169 ἔμπεσε.

579 1187 785 1255 Nosti
830 1186 1147 1270 calvum,
1187 1212 1275 1255 ex
1317 1183 1833 1257 Nanneianis³⁵
1874 1184 2111 1271 illum,
2151 1183 2352 1254 illum
2389 1184 2710 1254 laudato-

579 1318 733 1363 rem
775 1319 1013 1364 meum
1039 1349 1058 1379 ‚
1097 1294 1189 1365 de
1229 1295 1436 1389 cujus
1480 1290 1808 1365 oratione
1847 1319 2015 1391 erga
2050 1318 2163 1363 me
2194 1292 2589 1363 honorifica
2625 1292 2715 1362 ad

582 1418 654 1473 te
696 1406 1137 1500 scripseram.
1198 1405 1427 1476 Biduo
1478 1430 1610 1503 per
1667 1430 1896 1475 unum
1939 1429 2259 1488 servum,
2302 1418 2373 1474 et
2415 1428 2582 1473 eum
2629 1428 2717 1474 ex

580 1511 1001 1608 gladiatorio
1039 1514 1251 1602 ludo,
1285 1516 1594 1585 confecit
1624 1530 1857 1585 toturn
1893 1516 2304 1609 negotium3
2351 1514 2715 1584 arcessivit

583 1620 673 1690 ad
700 1646 775 1692 se
792 1619 880 1709 3⁶,
914 1626 1272 1720 promisit,
1305 1627 1708 1695 intercessit
1732 1622 1822 1710 ³⁷,
1857 1623 2077 1694 dedit.
2107 1630 2257 1693 Jatn
2290 1647 2461 1693 vero
2501 1624 2588 1717 (o
2616 1621 2714 1691 dii

582 1728 797 1800 boni!
839 1757 989 1801 rem
1034 1730 1469 1829 perditaml)
1515 1736 1727 1804 etiam
1775 1748 2025 1821 noctes
2068 1748 2423 1803 certarum
2460 1732 2715 1802 mulie-

580 1864 788 1925 rum,
826 1857 1043 1937 atque
1089 1841 1796 1914 adolescentulorum
1845 1843 2200 1915 nobilium
2246 1843 2716 1913 introductio-

584 1976 714 2020 nes
731 1946 796 1996 38
828 1952 1199 2022 nonnullis
1224 1951 1592 2047 judicibus
1625 1978 1757 2051 pro
1788 1953 2139 2025 mercedis
2168 1953 2463 2024 cumulo
2479 1950 2545 2010 39
2575 1952 2720 2023 fue-

586 2074 779 2129 runt.
851 2064 997 2145 Ita,
1062 2087 1348 2131 summo
1412 2062 1731 2133 discessu
1794 2063 2160 2134 bonorum
2188 2116 2207 2147 ,
2276 2062 2496 2158 pleno
2558 2060 2717 2132 foro

586 2162 1177 2257 servorum,‘xxv
1211 2171 1487 2266 judices
1534 2176 1632 2242 ita
1678 2170 1900 2244 fortes
1945 2188 2185 2242 tamen
2226 2170 2562 2257 fuerunt,
2600 2186 2719 2257 ut,

588 2303 874 2349 summo
937 2286 1311 2378 proposito
1380 2282 1703 2378 periculo
1731 2336 1751 2369 ,
1816 2281 1929 2351 vel
1996 2284 2226 2377 perire
2294 2280 2717 2366 maluerint,

588 2413 805 2484 quam
866 2391 1168 2487 perdere
1225 2393 1585 2480 omnia403
1645 2418 1811 2462 xxxl
1868 2388 2205 2478 fuerunt,
2262 2416 2447 2487 quos
2498 2386 2719 2460 fames

657 2615 742 2661 32.
764 2614 851 2660 Ad
864 2613 1131 2662 eonsilium.
1152 2614 1400 2662 Judicum.
1427 2616 1568 2662 Mu«.
1693 2615 1859 2678 ailquo
1879 2648 1893 2671 ,
1939 2615 2152 2677 recipere
2200 2613 2251 2659 in
2302 2627 2353 2658 se
2409 2610 2717 2659 solvendum.

663 2693 747 2740 33.
769 2695 934 2738 Datur
950 2692 1211 2756 negotium.
1235 2695 1305 2741 Ut
1327 2694 1605 2757 praesidium
1698 2693 1877 2742 anv.

595 2773 908 2820 constituant.
928 2774 1094 2821 Coun.
1768 2772 1854 2818 38.
1879 2769 2285 2818 Introductiones.
2317 2769 2534 2816 Verbum
2561 2777 2633 2816 est
2654 2767 2722 2813 le·

668 2850 759 2905 34.
780 2839 960 2898 Εσπιτι
996 2854 1070 2898 νῦν
1086 2867 1168 2915 μοι
1186 2887 1199 2910 ,
1221 2855 1416 2916 μοῦσαι.
1446 2850 1612 2898 Dicite
1698 2850 1818 2897 noni
1856 2847 2332 2896 conveniens:i11ius
2360 2848 2491 2895 enim
2526 2858 2597 2894 est
2625 2857 2723 2893 stu·

595 2944 726 2976 nunc
767 2929 920 2990 mihi,
959 2931 1146 2991 Musae,
1184 2931 1394 2977 caelestes
1437 2929 1613 2976 domos

594 3008 892 3064 habitantes,
940 3024 1039 3070 quo
1080 3007 1229 3055 modo
1269 3010 1367 3069 jam
1402 3008 1614 3072 primum

591 3087 719 3150 ignis
749 3087 940 3135 incidit.
969 3087 1110 3136 Iliad.
1135 3089 1280 3144 XVI,
1318 3104 1335 3133 x
1355 3102 1433 3134 ω.

663 3163 744 3214 35.
778 3165 977 3213 Calvum
1026 3182 1091 3212 ex
1131 3164 1459 3212 Nanneianis.
1499 3163 1618 3211 Non

593 3244 795 3304 Calvus,
821 3245 905 3291 sed
935 3246 1006 3292 Μ.
1043 3246 1256 3292 Licinius
1285 3245 1484 3292 Crassus
1505 3259 1617 3289 om·

597 3325 716 3371 nino
740 3323 1056 3385 intelligitur,
1080 3324 1163 3385 qui
1179 3323 1385 3386 pecunia
1404 3338 1489 3368 sua
1509 3338 1616 3369 cor·

594 3403 726 3465 rupit
753 3401 992 3461 judicium
1031 3401 1127 3447 hoc
1146 3416 1158 3448 ε
1175 3401 1260 3448 sed
1286 3417 1375 3449 cur
1399 3401 1618 3448 «Calvus

594 3497 657 3528 ex
700 3480 1033 3528 Nanneianis·-
1076 3480 1376 3544 appelletur,
1422 3480 1616 3543 ignoro.

595 3562 898 3620 Coniecturae
920 3559 1114 3623 quidem
1134 3559 1396 3607 doctorum
1412 3570 1525 3606 sunt
1543 3559 1618 3605 in-

595 3638 828 3700 geniosae,
867 3639 951 3686 sed
979 3655 1094 3686 num
1122 3655 1248 3686 verae
1287 3639 1386 3686 sint
1426 3638 1617 3685 dubito.

595 3719 811 3765 Cuma.
847 3719 1270 3768 —Verisimiliter
1316 3717 1617 3782 Mongnltius

596 3795 824 3858 intelligit
849 3797 989 3844 illum
1029 3799 1172 3846 fuisse
1196 3810 1433 3846 sectorem
1458 3797 1615 3845 bono·

598 3890 706 3921 rum
732 3874 1150 3934 Nanneianorum,
1189 3894 1339 3940 quum
1366 3877 1615 3924 Nanneius

596 3969 622 3999 a
644 3952 775 3999 Sulla
799 3955 1097 4017 proscriptus
1132 3966 1268 4002 esset.
1312 3957 1402 4003 En.

671 4034 756 4079 36.
785 4033 1041 4079 Arcessivic
1066 4035 1139 4080 ad
1160 4051 1229 4081 se.
1260 4036 1476 4084 Judices.

670 4113 753 4174 37.
794 4112 1081 4160 Intercessic.
1125 4116 1209 4161 Est
1234 4113 1474 4177 spondere
1525 4129 1613 4175 pru

1703 2946 1788 2993 pra
1804 2928 2065 2975 conciliare
2082 2962 2097 2985 ,
2110 2938 2155 2973 et
2171 2926 2285 2973 huic
2303 2926 2364 2973 ad
2385 2926 2518 2974 illam
2536 2924 2722 2973 aditum

1705 3009 1917 3063 munire,
1945 3006 2171 3067 viamque
2200 3016 2444 3064 sternere,
2489 3021 2546 3052 ac
2592 3005 2726 3053 deni-

1705 3103 1802 3150 que
1828 3084 2154 3132 introducere.
2185 3085 2309 3130 Puto
2329 3095 2377 3131 et
2397 3083 2723 3131 introductio·

1707 3181 1790 3212 nes
1806 3200 1822 3222 ,
1848 3176 1896 3212 et
1910 3163 2278 3228 productiones,
2301 3173 2349 3210 et
2366 3163 2717 3227 pes-ductiones,

1708 3244 1805 3291 dici
1829 3245 1924 3291 hoc
1945 3260 2106 3291 sensu.
2140 3243 2359 3291 Canus.

1781 3326 1867 3386 39.
1893 3326 1984 3370 Pro
2010 3321 2242 3370 mercedis
2264 3320 2463 3368 mentedo.
2486 3317 2721 3367 Camala·

1705 3406 1755 3450 in
1781 3419 1998 3451 mensura
2020 3403 2266 3449 aridorum
2292 3400 2343 3447 id
2361 3410 2457 3456 est,
2484 3397 2618 3461 quod
2640 3413 2722 3445 ex-

1707 3482 1838 3529 cedit
1864 3482 2124 3544 legitimam
2153 3494 2450 3536 mensurum,
2475 3487 2524 3524 et
2548 3475 2722 3524 hosto-

1708 3562 1782 3607 rio
1808 3560 1932 3608 solet
1958 3559 2145 3608 abr-di.
2182 3560 2360 3605 Seneca
2400 3565 2541 3602 vocnt
2566 3571 2725 3602 acees-

1704 3638 1903 3686 sionem.
1926 3660 1951 3679 «-
1965 3640 2081 3687 Non
2107 3647 2246 3683 vacat
2268 3636 2330 3683 de
2358 3635 2513 3699 pretio
2540 3635 2691 3697 quaeri
2712 3670 2727 3694 ‚

1704 3717 1816 3780 plus
1837 3720 1887 3764 in
1906 3716 2264 3764 accessionibus
2289 3716 2384 3762 suit
2398 3736 2440 3761 u.
2474 3712 2531 3761 Id
2551 3724 2728 3760 vocant

1703 3797 1861 3844 Latini
1899 3795 2201 3852 auctarium,
2249 3794 2411 3842 Graeci
2458 3789 2724 3859 ἐπίμετρον.

1704 3874 1784 3922 Sic
1812 3876 1863 3921 in
1906 3876 2152 3937 emptione
2181 3873 2398 3920 carnium
2438 3873 2489 3919 in
2526 3872 2730 3919 macello

1704 3953 1806 4001 dari
1820 3953 1942 4001 solet
1957 3952 2342 4017 supet-pendium
2360 3950 2729 4014 aliquod,quod

1706 4033 1945 4080 veteribus
1963 4032 2145 4080 Latinis
2167 4032 2406 4078 Mamissa
2421 4030 2621 4077 dicitur.
2652 4032 2728 4076 ln.

1778 4121 1857 4166 230.
1888 4110 2087 4158 Perdere
2107 4111 2291 4157 omnia.
2307 4111 2481 4157 Totam
2503 4107 2726 4172 rempub.
