3023 4773
489 427 999 500 EPISTOLAE
1042 430 1180 497 AD
1233 426 1719 510 ATTICUM‚
1772 427 1907 510 IV,
1966 422 2073 493 16.
2213 416 2347 513 517

849 801 1434 895 EPISTOLA
1495 800 1729 879 XVI.

230 961 565 1041 Respondet
593 962 770 1020 Attici
796 963 959 1040 epist.
992 980 1027 1019 a
1056 961 1263 1020 Paccio
1290 961 1506 1033 allatae,
1536 980 1711 1038 quem
1737 958 1848 1017 sibi
1879 958 1940 1016 in
1963 957 2160 1016 amicis
2184 958 2350 1015 sutu-

305 1078 435 1116 rum
485 1059 784 1116 confirmat
827 1079 840 1115 :
894 1077 999 1115 cur
1046 1062 1369 1115 Varronem
1417 1057 1479 1114 in
1529 1055 1693 1114 libris
1746 1055 1820 1113 de
1868 1059 2018 1133 Rep.
2055 1052 2351 1112 includere

305 1175 427 1212 non
464 1155 678 1233 possit,
725 1152 1008 1226 ostendit3
1053 1151 1128 1210 de
1165 1153 1494 1211 consulatus
1525 1153 1837 1230 petitorum
1875 1148 2198 1209 rationibus
2240 1168 2348 1206 ex-

303 1250 505 1329 ponit;
528 1251 601 1309 de
610 1249 843 1328 judiciis
867 1250 1130 1335 proxime
1155 1248 1379 1306 futuris.
1398 1247 1577 1306 Addit
1595 1248 1708 1306 alia
1733 1246 1995 1325 quaedam
2014 1245 2087 1303 de
2110 1244 2348 1305 Caesaris

303 1346 366 1404 in
394 1366 456 1405 se
476 1363 700 1419 amore,
730 1358 788 1404 et
804 1345 1117 1406 Britannici
1140 1344 1278 1416 belli
1300 1344 1458 1403 exitu
1467 1365 1486 1417 3
1509 1342 1585 1402 de
1602 1344 1787 1402 Paulli
1813 1342 2066 1402 basilica.
2091 1343 2313 1421 (Romae
2330 1384 2350 1414 ‚

305 1461 454 1501 auno
483 1447 556 1502 U.
588 1447 651 1503 C.
686 1441 851 1521 699.)

901 1590 1208 1654 CICERO
1255 1589 1570 1653 ATrlco
1615 1589 1684 1652 S.

320 1730 892 1802 Occuunomm
929 1749 1254 1802 mearum
1289 1725 1403 1797 vel
1430 1726 1573 1798 hoc
1608 1727 1892 1822 signum
1930 1726 2066 1794 erit
2085 1776 2104 1810 ,
2140 1721 2342 1818 quod

224 1837 526 1935 epistola
566 1835 837 1906 librarii
874 1860 1094 1907 manu
1130 1848 1256 1906 est.
1286 1839 1396 1905 De
1435 1834 1901 1933 epistolarum
1937 1830 2345 1929 frequentia

221 1960 296 2018 te
329 1946 510 2016 nihil
539 1967 837 2015 accuso:
871 1944 995 2014 sed
1021 1945 1382 2043 pleraeque
1414 1943 1917 2015 tantummodo
1947 1942 2128 2013 mihi
2159 1966 2344 2013 nun-

218 2054 541 2140 tiabant,
574 2052 704 2123 ubi
739 2077 962 2139 esseS,
1002 2051 1201 2148 quod
1236 2067 1438 2123 erant
1474 2050 1604 2122 abs
1635 2068 1708 2123 te
1733 2064 1800 2140 ¹3
1837 2052 1951 2123 vel
1989 2055 2203 2123 etiam
2249 2052 2342 2122 si·

219 2161 663 2262 gnificabant
714 2177 908 2234 recte
970 2186 1169 2233 esse:
1218 2186 1367 2257 quo
1418 2164 1495 2231 in
1551 2186 1815 2258 genere
1861 2164 2169 2234 maxime
2214 2162 2340 2234 de-

217 2273 579 2345 lectarunt
623 2271 815 2363 duae,
858 2271 1005 2342 fere
1038 2270 1295 2342 eodem
1334 2281 1664 2369 tempore
1692 2269 1821 2342 abs
1849 2285 1919 2341 te
1945 2271 2343 2342 Buthroto²

219 2383 420 2456 datae.
468 2384 662 2454 Scire
716 2384 909 2455 enim
948 2379 1317 2469 volebam,
1360 2396 1433 2453 te
1477 2378 1858 2466 commode
1901 2381 2265 2477 navigasse
2287 2377 2341 2451 ³.

220 2490 358 2564 Sed
413 2491 567 2563 haec
626 2491 1090 2589 epistolarum
1148 2488 1554 2588 frequentia
1603 2514 1756 2571 non
1811 2505 1958 2561 tam
2009 2488 2341 2561 ubertate

219 2626 387 2690 sua,
446 2626 663 2698 quam
718 2602 1080 2673 celeritate
1136 2600 1534 2671 delectavit.
1589 2598 1718 2675 Illa
1770 2598 1906 2669 fuit
1953 2600 2181 2695 gravis
2209 2653 2228 2686 ‚
2268 2612 2343 2670 et

219 2712 433 2810 plena
470 2737 757 2799 rerum,
808 2735 1023 2808 quam
1070 2709 1247 2779 mihi
1301 2713 1396 2779 M.
1441 2708 1769 2795 Paccius,
1819 2707 2084 2805 hospes
2129 2722 2339 2795 tuus,

216 2820 546 2892 reddidit.
602 2822 712 2892 Ad
766 2845 925 2901 eam
983 2818 1370 2893 rescribam
1427 2819 1668 2914 igitur,
1723 2832 1797 2889 et
1850 2818 1990 2889 hoc
2043 2818 2340 2914 quidem

215 2931 535 3026 primum
567 2956 583 2997 ε
626 2930 875 3005 Paccio
908 2955 987 3001 re
1022 2943 1097 3001 et
1135 2927 1373 3001 verbis
1413 2924 1731 3014 ostendi,
1770 2926 1948 3023 quid
1985 2942 2105 2998 tua
2137 2951 2337 2998 com-

215 3038 584 3110 mendatio
603 3037 938 3135 ponderis
963 3037 1278 3109 haberet.
1299 3043 1555 3135 Itaque
1585 3038 1661 3106 in
1688 3038 1959 3107 intimis
1987 3053 2094 3108 est
2123 3040 2334 3123 meiS,

216 3172 443 3247 quum
482 3163 693 3219 antea
728 3161 945 3219 notus
979 3171 1130 3218 non
1174 3147 1441 3219 fuisset.
1488 3151 1703 3220 Nunc
1743 3169 2037 3243 pergam
2083 3145 2173 3215 ad
2218 3169 2338 3217 ce-

222 3274 393 3330 tera.
424 3263 693 3346 Varro,
731 3257 820 3329 de
857 3282 1008 3353 quo
1046 3256 1136 3326 ad
1170 3281 1287 3327 me
1326 3257 1613 3345 scribis,
1651 3254 2062 3327 includetur
2092 3257 2170 3325 in
2201 3255 2338 3326 ali·

219 3393 439 3466 quem
487 3368 728 3439 locum
743 3370 798 3452 ⁴,
852 3369 908 3437 si
958 3365 1181 3438 modo
1235 3367 1367 3437 erit
1411 3366 1634 3437 locuS.
1681 3365 1819 3438 Sed
1870 3370 2061 3437 nosti
2108 3388 2338 3462 genus

294 3586 343 3619 ι.
372 3571 474 3619 Abs
501 3582 562 3618 te.
584 3574 658 3619 Ita
679 3573 781 3618 siue
808 3579 1094 3634 argumento
1111 3602 1125 3626 ,
1155 3578 1232 3616 at·
1321 3579 1487 3631 ratque
1505 3569 1760 3616 Gruterus.
1782 3568 2065 3616 Gronovius
2087 3570 2241 3615 Bruto
2262 3585 2340 3617 re-

215 3664 314 3714 que
349 3649 618 3708 sententia,
654 3660 709 3697 ut
745 3666 806 3697 ex
834 3649 911 3697 his
943 3648 1068 3696 nihil
1098 3647 1232 3695 aliud
1321 3646 1652 3710 posuit‚MSS
1667 3646 2344 3710 quidemjubentibus,semu

215 3743 412 3792 possem
439 3742 750 3791 cognoscere,
772 3728 866 3775 nisi
892 3728 977 3776 ubi
998 3744 1152 3788 esses,
1182 3738 1231 3775 et
1318 3741 1467 3783 vero,
1509 3736 1653 3788 atque
1699 3726 1757 3773 iis
1790 3725 1982 3787 verbis,
2015 3725 2126 3789 sere
2169 3729 2338 3776 eodem

215 3818 267 3855 te
298 3806 421 3853 bene
453 3806 635 3865 valeres
664 3807 894 3871 quoniam
924 3817 1059 3855 erant
1086 3823 1232 3854 manu
1320 3817 1557 3869 tempore,
1588 3805 1982 3868 repugnantibus.
2005 3808 2052 3853 J.
2075 3807 2137 3853 V.
2161 3810 2217 3856 1..

214 3895 299 3932 tua
322 3884 531 3948 scriptae.
562 3887 653 3932 Eu.
1390 3886 1441 3932 3.
1476 3883 1755 3949 Navigasse.
1776 3887 1835 3931 In
1854 3887 2075 3950 Epirum.
2099 3888 2194 3935 En.

288 3978 339 4011 2.
364 3962 511 4026 Vulg.
533 3964 704 4011 Bruto.
724 3963 819 4010 Sed
839 3964 1069 4011 Buthroto
1089 3964 1231 4013 Mon·
1388 3972 1439 4020 k.
1495 3967 1697 4013 Locum.
1754 3966 1940 4031 Nempe
1991 3967 2224 4014 librorum
2280 3969 2343 4017 de

214 4040 392 4103 galtius
425 4040 623 4101 maluit,
653 4041 852 4089 Oliveto
884 4042 1118 4105 probante
1136 4077 1153 4103 ,
1180 4055 1229 4091 et
1316 4043 1529 4108 Republ.
1560 4061 1685 4107 quos
1711 4055 1815 4094 tum
1840 4047 2011 4097 Cicero
2025 4046 2231 4097 scribere
2254 4062 2342 4111 ag-

215 4120 285 4166 eic
300 4119 399 4181 jam
425 4121 637 4173 correxit
664 4121 719 4169 P.
743 4122 1018 4182 Manutius,
1041 4138 1229 4188 recepe-
1318 4140 1506 4188 gresms
1526 4135 1644 4173 erat.
1675 4126 1765 4174 En.
