3023 4773
786 440 1363 526 ΕΡΙεΤοΜΕ,
1395 442 1636 525 xm,
1691 437 1802 526 54.
2261 441 2353 513 65

246 630 895 655 mmmmm
1354 628 1446 647 m

868 803 1438 884 EPISTOLA
1492 805 1718 883 LIV.

219 969 457 1029 Gratias
486 968 634 1045 agit,
675 963 834 1043 quod
863 963 1185 1022 liberaliter
1211 975 1508 1022 tractasset
1529 964 1859 1022 Marcilium
1884 987 1898 1021 ε
1946 965 2153 1026 deinde
2183 972 2357 1046 petit,

297 1087 379 1124 ne
430 1084 633 1123 socrus
680 1063 802 1140 ejus
843 1082 944 1120 rea
983 1062 1099 1119 fiat.
1141 1059 1501 1137 (Laodiceae,
1549 1079 1704 1118 anuo
1749 1065 1822 1121 U.
1860 1065 1927 1121 C.
1974 1066 2121 1136 703,
2166 1085 2358 1125 mense

299 1162 572 1233 martio.)

648 1292 741 1357 M.
769 1292 846 1355 T.
884 1291 957 1355 C.
991 1289 1353 1363 THERMO
1400 1288 1706 1353 PROPR.
1758 1291 1820 1355 S.
1867 1293 1946 1355 D.

323 1436 560 1522 Quum
588 1427 816 1499 multa
848 1425 1027 1496 mihi
1062 1439 1256 1523 grata
1291 1438 1491 1513 sunt,
1524 1448 1682 1520 quae
1714 1440 1792 1495 tu
1828 1426 2179 1499 adductus
2210 1455 2368 1502 mea

223 1538 869 1614 commendatione
909 1533 1171 1618 fecisti3
1206 1548 1361 1604 tum
1390 1536 1465 1602 in
1500 1535 1791 1630 primis»,
1816 1535 2016 1631 quod
2048 1541 2146 1607 M.
2180 1541 2367 1610 Mar-

228 1650 522 1737 cilium,
551 1648 789 1717 amici¹
831 1660 1046 1740 atque
1085 1646 1498 1741 interpretis
1536 1645 1678 1712 mei
1708 1641 1936 1714 filium
1961 1700 1980 1732 ,
2024 1644 2368 1721 liberalis-

216 1763 409 1832 ·sime
463 1755 868 1828 tractavisti.
893 1757 1109 1824 Venit
1148 1754 1342 1824 euim
1386 1750 1844 1841 Laodiceam,
1890 1769 1961 1825 et
2000 1754 2131 1825 tibi
2174 1754 2369 1855 apud

226 1896 347 1940 me
367 1925 385 1957 ,
421 1866 750 1964 mihique
777 1879 1078 1963 propter
1110 1879 1180 1934 te
1208 1864 1468 1960 gratias
1492 1864 1835 1934 maximas
1873 1867 2038 1961 egit.
2085 1867 2363 1957 Quare,

231 1980 437 2077 quod
488 1977 852 2073 reliquum
904 1989 1047 2071 est,
1102 1998 1141 2044 a
1188 1988 1256 2044 te
1300 1987 1510 2071 pet0,
1554 1973 1849 2069 quando
1890 1975 2086 2072 apud
2129 1995 2369 2074 gratos

231 2090 576 2165 homines
617 2084 1053 2157 beneficium
1094 2084 1342 2180 ponis,
1389 2098 1474 2153 ut
1513 2107 1601 2153 eo
1643 2081 1987 2153 libentius
2026 2084 2136 2155 his
2169 2110 2367 2157 com-

228 2198 530 2285 modes»,
569 2218 1012 2294 operamque
1050 2192 1216 2281 deS,
1252 2192 1497 2289 quoad
1536 2190 1716 2265 fides
1754 2206 1875 2262 tua
1910 2196 2246 2291 patietur,
2287 2212 2371 2268 ut

230 2332 486 2378 socrus
522 2303 992 2375 adolescentis
1028 2327 1149 2388 rea
1189 2325 1283 2371 ue
1324 2299 1470 2371 fiat.
1506 2304 1660 2400 Ego
1698 2326 1924 2399 quum
1961 2317 2171 2375 antea
2211 2322 2368 2378 stu-

230 2419 439 2490 diose
467 2413 1067 2489 commendabam
1088 2412 1490 2485 Marcilium
1507 2466 1529 2498 ,
1562 2426 1718 2483 tum
1740 2413 1974 2483 multo
1996 2438 2193 2487 nunc
2221 2432 2371 2489 stu-

231 2525 739 2623 diosiu5,quod
760 2527 836 2594 in
865 2524 1078 2620 longa
1097 2524 1573 2622 apparitione²
1591 2521 2025 2618 singularem
2048 2540 2119 2596 et
2138 2550 2369 2625 prope

236 2623 745 2710 incredibilem
782 2636 1003 2731 patris
1035 2632 1338 2705 Marcilii
1362 2631 1581 2702 fidem
1600 2685 1619 2718 ,
1650 2631 2188 2724 abstinentiam,
2213 2663 2371 2709 rmo-

238 2747 699 2842 destiamque
737 2747 1061 2842 cognovi.

316 2956 360 2986 1.
391 2936 571 2986 Amici.
598 2934 815 2983 Verbum
850 2935 1045 2983 videtur
1083 2935 1263 2997 maius,

239 3034 385 3082 quam
423 3032 520 3081 pro
553 3016 843 3079 apparitore.
880 3014 976 3062 Sed
1002 3024 1161 3061 tamen
1183 3029 1262 3077 ap-

240 3092 481 3162 paritores
505 3094 705 3141 fuerunt
723 3094 854 3140 cives
881 3096 1064 3140 romani
1081 3128 1096 3153 ,
1127 3104 1174 3140 et
1192 3095 1262 3140 in-

242 3186 315 3223 ter
344 3172 661 3239 proconsulis
684 3171 987 3237 apparitores
1020 3182 1154 3219 erant
1184 3173 1258 3218 in·

240 3263 490 3318 terpretes,
505 3251 593 3314 qui
608 3251 794 3299 Graecis
817 3249 975 3297 edicta
1001 3261 1047 3297 et
1072 3262 1262 3299 seuten-

241 3336 331 3382 tias
363 3330 679 3397 proconsulis
711 3331 1164 3393 interpretarentur,
1184 3328 1263 3376 vel

238 3412 331 3475 ipsi
369 3409 659 3475 proconsuli
697 3411 983 3457 Graecorum
1022 3410 1264 3456 orationes

238 3503 321 3538 aut
346 3488 547 3537 libellos
579 3489 631 3534 iu
662 3488 863 3535 latinam
894 3487 1105 3550 linguam
1134 3503 1259 3534 con-

240 3568 516 3626 vertebant.
536 3567 628 3613 Eu.

310 3665 365 3697 a.
412 3649 473 3693 In
520 3645 669 3711 longa
703 3643 1027 3709 apparitione.
1075 3648 1098 3693 Ι
1102 3661 1134 3691 n
1167 3661 1258 3693 suo

243 3742 443 3774 munere
459 3724 727 3772 multorum
745 3724 1129 3789 mensium.Nam
1146 3726 1261 3770 Lao·

245 3806 429 3853 dicam
455 3804 671 3868 primum
695 3803 828 3851 venit
855 3802 1134 3867 pridielul.
1154 3819 1255 3851 sex.

242 3884 415 3931 eodem
436 3882 584 3930 rediit
603 3883 804 3930 ineunte
820 3898 983 3929 meuse
1000 3882 1258 3944 februario,

242 3974 297 4010 ut
320 3963 563 4024 conjicere
588 3961 702 4008 licet
724 3977 788 4008 ex
810 3961 952 4025 epist.
981 3977 1041 4010 21
1065 3962 1128 4010 ad
1149 3964 1257 4010 Att.

1348 2934 1522 2989 lib.v;
1547 2934 1718 2980 mansit
1733 2950 1884 2998 usque
1914 2937 1978 2984 ad
2002 2936 2112 2984 idus
2139 2939 2254 2986 maii
2272 2972 2288 2997 ,
2313 2948 2368 2985 ut

1348 3029 1411 3060 ex
1453 3012 1620 3060 eadem
1662 3015 1865 3060 constat.
1912 3015 1995 3063 Ad
2039 3032 2151 3064 eum
2188 3017 2363 3080 igitur,

1348 3108 1498 3155 quum
1521 3103 1645 3139 esset
1671 3091 1848 3140 iterum
1871 3093 2120 3142 Laodiceae
2136 3128 2154 3156 ,
2180 3097 2367 3143 Marci-

1347 3171 1443 3218 lius
1463 3171 1743 3219 adolescens
1764 3172 1909 3219 venit.
1927 3173 2000 3218 Ex
2022 3188 2123 3235 quo
2152 3173 2212 3220 de
2235 3190 2367 3220 anno

1350 3250 1565 3314 epistolae
1609 3251 1937 3311 conjecturam
1979 3250 2192 3298 fecimus.
2227 3253 2366 3300 Mau.

1351 3355 1420 3365 —
1461 3329 1805 3394 Apparitione.
1850 3331 2057 3389 Omnes,
2097 3332 2181 3392 qui
2219 3347 2367 3396 apps-

1352 3408 1547 3468 rebant,
1586 3409 1638 3457 id
1665 3421 1766 3470 est,
1810 3410 2050 3473 preibant
2087 3410 2369 3472 magistrati-

1348 3485 1464 3544 bus,
1487 3486 1791 3551 appan‘eores
1811 3488 2112 3547 dicebantur,
2134 3499 2181 3537 et
2206 3507 2365 3555 appa-

1345 3565 1459 3613 ritio
1482 3581 1658 3614 munus
1674 3569 1851 3631 ipsum.
1874 3566 2190 3631 Appan'tores
2207 3580 2366 3618 autem

1347 3653 1484 3692 erant
1522 3645 1723 3704 scribae,
1780 3647 2063 3708 interpretes
2081 3683 2098 3709 ,
2140 3650 2328 3697 accensi
2347 3685 2366 3709 ,

1348 3740 1619 3787 praecones,
1645 3723 1867 3782 lictores,
1884 3725 2114 3784 viatores,
2139 3738 2365 3784 statores,

1346 3814 1394 3850 et
1420 3802 1566 3863 hujus
1592 3804 1780 3866 generis
1803 3803 1904 3853 alii.
1937 3807 2074 3868 Quos
2108 3803 2275 3854 omnes
2310 3817 2363 3852 ut

1345 3882 1545 3930 libertos
1567 3882 1714 3929 fuisse
1733 3895 1926 3947 putem,
1953 3884 2118 3934 multis
2143 3885 2365 3934 adducor

1349 3960 1601 4026 exemplis.
1627 3963 1771 4011 Mu.

969 4107 1648 4137 ⁸-ss—

448 4252 541 4316 11.
601 4263 687 4307 Cic.
715 4278 825 4324 pars
858 4270 1032 4323 quarta.

2088 4242 2126 4311 Ur
