3023 4773
843 388 1426 476 EP1sToLAE,
1472 393 1816 476 xv1‚2.
2270 375 2412 492 171'

269 506 380 579 die
409 506 539 578 abs
560 521 630 579 te
650 519 668 550 ¹
701 506 793 579 ad
816 507 1179 605 Alyziam²
1209 536 1760 584 accesseramus,
1782 519 1851 584 Is
1873 514 2077 586 locus
2104 532 2214 589 est
2234 521 2409 590 citra

266 615 673 688 Leucadem
701 616 926 688 stadia
952 644 1113 690 cxx.
1147 621 1482 694 Leucade
1511 637 1638 693 aut
1675 638 1745 695 te
1783 627 2061 723 ipsum,
2097 643 2224 699 aut
2251 644 2411 700 tuas

266 727 504 798 literas
531 750 574 796 a
596 729 924 799 Marione
952 729 1297 828 putabam
1344 758 1460 803 me
1492 749 1988 831 accepturum.
2033 741 2407 829 Quantum

269 862 383 908 me
418 836 690 934 diligis,
715 852 997 910 tantum
1028 838 1141 911 fac
1169 856 1253 913 ut
1281 843 1515 915 valeas
1534 898 1553 932 ,
1590 842 1706 914 vel
1730 859 2089 941 quantum
2115 862 2187 919 te
2224 874 2265 920 a
2292 875 2409 922 me

266 949 403 1018 scis
446 946 666 1045 diligi.
703 950 935 1021 Nonis
971 951 1347 1024 novembr.
1384 953 1642 1050 Alyzia.

339 1141 385 1172 ι.
412 1127 458 1171 T
450 1125 574 1172 ereio
590 1125 672 1173 die
687 1126 777 1174 abs
795 1138 858 1174 te.
873 1125 1171 1177 Discenen-at
1195 1129 1287 1193 iga-
1448 1145 1499 1178 2.
1515 1129 1757 1193 Alyziam.
1774 1130 1959 1179 Urbem
1969 1133 2259 1181 Acamaniae
2272 1136 2414 1198 quiu-

264 1214 344 1250 tur
367 1220 396 1250 a
415 1204 601 1251 Tirone
622 1220 700 1269 pr.
716 1220 840 1254 non.
861 1205 1002 1271 quod
1028 1205 1287 1256 coufirmat
1375 1207 1536 1256 decim
1561 1209 1731 1258 audii-
1753 1227 1782 1257 ι
1810 1212 1932 1259 mari
1965 1211 2248 1263 distantem.
2280 1216 2409 1261 Stre·

266 1298 399 1346 ep.,9
426 1282 680 1332 infra.En.
1374 1287 1469 1348 bo,
1504 1289 1574 1335 X.
1601 1289 1698 1337 En.

262 1457 351 1476 m

630 1459 2200 1485 mmmmmmmmmmmmmm
2207 1460 2390 1480 mm

910 1628 1524 1710 EPISTOLA
1591 1631 1760 1709 III.

266 1771 483 1845 Rogat,
528 1780 597 1826 ut
635 1768 795 1827 omni
826 1789 968 1829 cura
993 1771 1305 1829 valitudini
1336 1774 1565 1831 serviat.
1596 1772 1863 1853 (Alyziae,
1898 1792 2050 1830 anno
2079 1776 2152 1830 U.
2179 1776 2241 1830 C.
2270 1773 2413 1843 703,

1047 1889 1240 1929 mense
1280 1870 1632 1951 novembri.)

263 2032 626 2098 TULLIUS
670 2034 780 2098 ET
821 2035 1134 2100 CICERO
1180 2038 1487 2102 ‘mmm
1544 2038 1752 2121 sno,
1815 2039 1929 2103 ET
1990 2038 2074 2120 Q.
2126 2038 2412 2103 PATER

915 2143 1030 2206 ET
1077 2142 1162 2224 Q.
1195 2144 1510 2225 FILIUS,
1559 2146 1624 2210 s.
1654 2147 1735 2209 D.

357 2265 511 2333 Nos
539 2263 736 2361 apud
761 2264 1079 2362 Alyziam
1101 2320 1120 2355 ,
1161 2290 1251 2338 ex
1283 2291 1434 2364 quo
1460 2267 1624 2338 loco
1662 2267 1794 2338 tibi
1820 2266 2058 2339 literas
2094 2282 2261 2339 ante
2287 2267 2411 2338 de-

265 2370 626 2462 deramus,
645 2400 874 2446 unum
903 2375 1097 2448 diem
1117 2378 1547 2449 commorati
1575 2402 1851 2466 sumus,
1872 2376 2072 2475 quod
2090 2378 2411 2469 Quintus

262 2508 409 2554 non
429 2500 930 2583 consequutus
948 2512 1084 2559 nos
1103 2502 1275 2560 erat.
1296 2494 1365 2559 Is
1384 2487 1540 2561 dies
1561 2501 1582 2532 ¹
1628 2488 1766 2561 fuit
1793 2515 2006 2561 nonae
2025 2486 2406 2560 novembr.

261 2594 442 2666 Inde
468 2609 637 2667 ante
656 2596 892 2669 lucem
914 2597 1453 2696 proficiscentes
1470 2653 1490 2685 ‚
1507 2623 1571 2669 a.
1594 2597 1662 2668 d.
1689 2624 1821 2669 vm
1842 2598 2006 2671 idus
2027 2597 2407 2669 novembr.

261 2704 386 2776 has
423 2707 666 2778 literas
692 2706 1046 2780 dedimus.
1081 2714 1231 2795 Tu,
1271 2710 1330 2778 si
1371 2732 1506 2780 nos
1547 2733 1801 2781 omnes
1832 2733 2068 2791 amaS,
2109 2724 2180 2779 et
2223 2732 2406 2805 prae-

263 2816 474 2913 cipue
502 2840 663 2904 me,
711 2821 1165 2916 magistrum²
1208 2832 1459 2906 tuum,
1499 2817 1851 2889 confirma
1887 2833 1981 2889 te.
2019 2822 2171 2915 Ego
2204 2815 2412 2887 valde

263 2949 614 3023 suspenso
649 2928 895 2998 animo
933 2942 1311 3027 exspecto,
1344 2932 1664 3027 primum
1700 2942 1772 2999 te
1806 2929 2110 3016 scilicet,
2145 2927 2409 2999 deinde

262 3038 663 3108 Marionem
692 3061 871 3108 ‘cum
918 3038 1058 3109 tuis
1104 3037 1346 3110 literis.
1405 3042 1680 3110 Omnes
1718 3038 2096 3135 cupimus,
2147 3061 2284 3133 ego
2332 3039 2409 3105 in

260 3148 551 3242 primi5‚
603 3172 824 3245 quam
863 3148 1182 3247 primum
1218 3162 1292 3219 te
1342 3148 1627 3233 videre,
1670 3146 1838 3234 sed,
1887 3148 1985 3216 mi
2022 3148 2228 3232 Tiro,
2283 3170 2407 3217 va·

261 3256 554 3328 lentem.
601 3261 841 3349 Quare
870 3257 1053 3328 nihil
1082 3265 1490 3356 properaris
1518 3288 1533 3330 ε
1568 3263 1737 3331 satis
1766 3256 2093 3358 quotidie
2123 3257 2410 3343 videre,

262 3370 317 3437 si
337 3364 683 3440 valebis3.
704 3366 1199 3440 Utilitatibus‘·
1234 3370 1376 3440 tuis
1400 3394 1699 3467 possum
1729 3394 2009 3440 carere:
2039 3381 2109 3438 te
2137 3367 2409 3452 valere,

261 3492 382 3548 tua
416 3502 628 3549 causa
659 3481 978 3578 primum
1007 3479 1211 3565 vo10‚
1248 3493 1408 3550 tum
1435 3504 1593 3552 mea
1611 3536 1630 3570 ,
1674 3482 1773 3550 mi
1797 3482 1988 3550 Tiro.
2017 3477 2212 3549 Vale.

333 3664 379 3698 1.
402 3650 504 3697 Alii
529 3649 724 3698 addunt
746 3651 890 3700 enim.
910 3653 959 3699 J.
974 3652 1036 3698 V.
1056 3653 1112 3700 L.
1382 3653 1521 3699 Hanc
1545 3651 1936 3698 emendationem
1955 3648 2135 3699 Schiitz
2151 3650 2411 3715 probavit,

332 3744 383 3776 2.
412 3729 726 3793 Magistrum.
764 3732 875 3778 Hoc
908 3747 1051 3777 sensu
1091 3731 1180 3778 inf.
1207 3747 1285 3795 ep.
1378 3741 1429 3779 et
1449 3732 1650 3793 recepit.
1669 3731 1798 3779 J.V.
1819 3732 1872 3777 L.

270 3824 359 3869 m,
400 3809 577 3857 Cicero
629 3809 787 3858 eidem
842 3809 1049 3859 scribit:
1090 3833 1115 3853 ι
1138 3811 1286 3859 docui
1450 3818 1502 3865 4.
1541 3808 1853 3856 Utilitatibus.
1889 3811 1953 3857 Η.
1989 3825 2035 3857 e.
2064 3809 2256 3873 operis,
2286 3825 2408 3871 quas

263 3898 308 3933 te
319 3910 362 3936 -.
390 3890 485 3937 En.
1377 3890 1517 3949 Tiro,
1535 3904 1689 3952 quum
1711 3887 1911 3950 valeret,
1930 3888 2155 3938 Ciceroni
2190 3888 2408 3952 prebere

330 3970 379 4016 3.
421 3968 555 4029 Alii,
595 3980 795 4017 tumore
837 3969 1090 4028 Buxentia,
1126 3985 1288 4018 emen·
1376 3969 1552 4017 solitus
1576 3978 1695 4017 etat.
1721 3964 1802 4017 Sic
1830 3968 1894 4016 ed
1915 3970 2020 4017 Aet.
2041 3971 2168 4028 vn,
2194 3968 2250 4015 5:
2281 3967 2404 4013 «Ti-

264 4046 406 4110 dma,
430 4070 458 4089 a·
478 4049 597 4095 ntis
640 4049 741 4096 cito
784 4058 831 4095 te
874 4048 1068 4105 videro,
1090 4048 1133 4095 ei
1160 4049 1287 4125 vele:
1376 4063 1578 4104 runem,
1615 4049 1706 4095 etsi
1747 4047 1989 4095 mirabile·
2021 4048 2252 4096 utilitate·
2287 4043 2404 4092 mihi

263 4125 370 4174 bis·
390 4162 404 4187 ,
445 4143 505 4175 ex
562 4127 765 4191 epistola
814 4127 1000 4176 scilicet
1041 4128 1282 4192 sequenti.
1375 4128 1562 4192 praebet
1582 4164 1596 4191 ,
1628 4140 1722 4177 etc.
1751 4151 1775 4168 ι»
1799 4128 1890 4176 En.
