3023 4773
268 448 2377 476 mmmmmmmmmmmmmmswmwsm

768 640 1883 748 ARGUMENTUM

942 867 1237 935 LIBRI
1287 866 1716 936 SEPTIMI.

265 1044 635 1104 continentes
659 1055 794 1101 sunt
814 1040 951 1099 libri
971 1039 1145 1116 hujus
1166 1039 1426 1118 epistolae
1447 1060 1580 1098 cum
1596 1039 1996 1118 superioribus
2010 1086 2027 1112 ,
2048 1057 2114 1102 ut
2131 1044 2256 1104 haec
2276 1047 2397 1126 ipsa

343 1141 531 1219 prima
556 1140 653 1198 illa
675 1159 797 1198 esse
824 1137 1107 1209 videatur,
1121 1154 1297 1214 quam
1325 1135 1591 1214 proxima
1612 1137 1932 1215 superiore,
1962 1154 2198 1218 postero
2219 1143 2316 1202 die
2337 1165 2398 1203 se

345 1237 639 1308 daturum,
661 1235 1024 1317 promiserat.
1052 1235 1293 1312 Scriptae
1313 1252 1495 1312 porro
1511 1246 1648 1293 sunt
1669 1235 1879 1313 partim
1897 1256 1971 1294 ex
1998 1237 2207 1297 itinere
2221 1283 2237 1309 ,
2259 1239 2400 1299 dum

343 1354 416 1392 ex
444 1333 743 1412 provincia
768 1331 979 1403 rediit;
1015 1329 1225 1409 partim
1253 1349 1326 1387 ex
1355 1329 1523 1406 fuga,
1546 1348 1720 1406 quam
1737 1372 1753 1399 ,
1794 1330 1994 1390 audito
2030 1336 2268 1394 Caesaris
2302 1337 2402 1396 ad·

342 1444 541 1502 ventu,
561 1450 692 1491 cum
715 1427 1050 1489 consulibus
1068 1438 1311 1504 totoque
1331 1440 1534 1486 senatu
1556 1442 1905 1505 exsequutus
1925 1442 2028 1490 est.
2055 1436 2205 1491 Nam
2222 1451 2403 1512 quum

343 1527 418 1585 ad
434 1526 659 1587 Urbem
693 1524 843 1604 prid.
858 1543 995 1582 non.
1018 1523 1271 1602 januarii
1295 1524 1564 1592 accessit,
1592 1523 1925 1604 ibidemque
1949 1547 2054 1606 spe
2086 1530 2367 1611 triumphi
2390 1572 2408 1602 ,

342 1643 515 1701 quem
542 1621 656 1681 sibi
675 1623 946 1700 frequens
974 1633 1235 1693 senatus,
1254 1632 1321 1678 ut
1340 1620 1584 1700 ipsemet
1599 1620 1805 1680 scribit
1829 1623 1904 1682 ad
1927 1625 2199 1685 Tironem
2215 1670 2233 1699 ,
2252 1629 2408 1687 effla·

344 1720 563 1799 gitabat
576 1763 593 1791 ,
612 1732 907 1777 moratur:
926 1720 1077 1777 XIII
1095 1716 1205 1775 kal.
1232 1716 1381 1775 febr.
1404 1718 1610 1777 nuntio
1631 1718 1755 1792 illo,
1773 1731 1836 1777 ut
1853 1719 2125 1796 diximus,
2149 1739 2406 1805 accepto,

344 1832 579 1877 coactus
590 1831 679 1876 est
694 1817 873 1888 exire,
897 1829 1070 1894 atque
1088 1835 1215 1874 eam
1231 1816 1637 1894 cogitationem
1658 1817 1942 1876 omittere.
1966 1822 2211 1895 Etenim,
2226 1842 2405 1900 quum

342 1915 403 1971 in
425 1914 767 1972 sententiam
808 1911 1095 1991 Scipionis
1123 1916 1179 1971 S.
1208 1916 1269 1970 C.
1302 1911 1518 1969 facmm
1545 1925 1695 1971 esset
1712 1956 1728 1984 ‚
1763 1926 1826 1971 ut
1854 1927 1986 1974 ante
2011 1930 2227 1975 certam
2252 1919 2405 1978 diem

344 2016 538 2071 Caesar
561 2011 878 2070 exercitum
901 2008 1251 2068 dimitteret:
1284 2008 1333 2067 si
1360 2027 1480 2066 non
1505 2010 1748 2082 faceret,
1773 2032 1904 2070 eum
1926 2012 2200 2073 adversus
2224 2036 2404 2095 remp.

347 2109 631 2168 facturum
657 2107 846 2166 videri
871 2129 885 2164 ε
914 2107 1084 2184 eique
1115 2107 1174 2164 S.
1203 2109 1268 2165 C.
1293 2110 1378 2163 M.
1405 2106 1694 2164 Antonius
1716 2149 1733 2177 ,
1774 2113 1845 2181 Q.
1881 2110 2110 2169 Cassius
2142 2111 2412 2173 tribunus

346 2202 532 2283 plebis
561 2203 1042 2273 intercessissent3
1073 2200 1148 2261 de
1175 2202 1589 2260 intercessione
1615 2203 1894 2275 relatum,
1926 2205 2409 2288 acerbissimeque

344 2301 645 2359 decretum
680 2302 877 2359 fuisset
904 2322 917 2357 ε
948 2300 1068 2370 illi,
1096 2297 1260 2359 Urbe
1286 2300 1586 2371 cedentes,
1611 2297 1684 2357 ad
1715 2304 1997 2361 Caesarem
2025 2324 2111 2376 se,
2142 2306 2244 2383 qui
2287 2321 2406 2366 tum

344 2412 470 2458 erat
486 2405 779 2460 Ravennae
796 2443 813 2471 ,
840 2398 1219 2458 contulissent
1249 2419 1263 2455 τ
1288 2401 1499 2469 Caesar,
1522 2397 1592 2456 iis
1619 2398 1869 2456 maxime
1898 2401 2237 2461 auctoribus
2253 2446 2269 2473 ,
2296 2417 2408 2463 tra·

339 2497 495 2571 jecto
522 2494 854 2564 Rubicone,
880 2495 1203 2555 Ariminum
1220 2537 1237 2563 ,
1281 2493 1440 2572 quod
1471 2508 1599 2552 erat
1631 2508 1796 2553 extra
1822 2498 2183 2574 provinciam
2217 2500 2371 2560 illius
2392 2545 2408 2569 ,

342 2614 522 2671 quum
546 2594 800 2653 venisset
816 2636 832 2663 ,
882 2606 1074 2652 tantus
1099 2611 1288 2671 pavor
1316 2603 1558 2671 repente
1584 2578 1804 2651 Urbem
1832 2592 2068 2667 invasit,
2102 2610 2170 2655 ut
2196 2599 2408 2676 passim

346 2692 479 2769 fuga
519 2692 849 2771 turpissima
890 2691 1039 2749 facta
1068 2691 1157 2749 sit.
1189 2688 1501 2749 Continent
1550 2700 1742 2779 autem
1783 2690 2042 2769 epistolae
2080 2694 2343 2771 priores,
2376 2716 2411 2753 a
2470 2707 2478 2715 ’

343 2788 532 2865 prima
565 2808 748 2865 usque
791 2808 857 2847 ac
903 2786 1184 2847 decimam
1207 2831 1224 2859 ,
1260 2805 1388 2863 quae
1429 2785 1639 2863 incipit
1676 2784 1868 2843 Subito
1909 2792 2202 2847 com-ilium
2245 2795 2402 2868 cepi,

344 2882 762 2942 haesitationem
780 2926 796 2953 ,
822 2882 1386 2960 sollicitudinemque
1410 2880 1707 2939 Ciceronis
1728 2882 1930 2954 animi,
1954 2903 2208 2961 quonam
2232 2888 2408 2946 modo

345 2998 479 3037 cum
503 2983 724 3037 Caesare
750 2981 1147 3059 Pompeioque
1176 2999 1237 3037 se
1262 2989 1508 3057 gereret,
1531 2995 1712 3054 quum
1739 2977 1973 3055 utrique
2000 2993 2149 3039 esset
2175 2983 2412 3053 amicus,

344 3088 405 3133 et
437 3076 598 3134 illum
634 3088 881 3154 uterque
907 3076 1026 3136 suis
1061 3087 1469 3135 annumeraret
1494 3074 1883 3152 :posteriores
1916 3095 2097 3153 usque
2137 3080 2211 3137 ad
2240 3081 2413 3140 finem

344 3171 501 3243 libri,
526 3193 707 3252 quum
733 3173 915 3231 multa
944 3173 1081 3240 alia,
1112 3185 1232 3230 tum
1259 3171 1555 3250 querelam
1585 3170 1940 3247 dePompeio
1967 3194 1982 3229 :
2014 3187 2135 3232 tum
2165 3176 2290 3234 sine
2312 3197 2411 3236 ra-

345 3271 503 3329 tione
526 3283 685 3349 gesta
716 3289 839 3328 esse
862 3270 1055 3327 omnia
1086 3267 1160 3327 ab
1187 3269 1289 3327 illo
1321 3281 1495 3346 atque
1526 3268 1686 3345 geri:
1726 3270 2150 3329 accusationem
2173 3274 2412 3333 Caesaris

344 3371 752 3451 impudentiae,
796 3371 1140 3449 legationem
1178 3375 1246 3429 L.
1285 3371 1527 3429 Caesaris
1560 3368 1632 3427 ad
1663 3372 2002 3449 Pompeium
2030 3386 2089 3431 et
2119 3377 2414 3449 consuleS,

345 3472 408 3528 C.
443 3471 685 3529 Caesaris
716 3470 981 3541 nomine3
1022 3480 1082 3527 et
1122 3488 1249 3546 quae
1286 3466 1371 3526 illi
1407 3466 1481 3525 ad
1523 3467 1648 3525 haec
1692 3468 2120 3546 responderint.
2166 3473 2413 3551 Reliqua

344 3567 571 3645 privata
609 3581 764 3625 sunt.
806 3566 1049 3643 Scriptae
1084 3584 1268 3643 porro
1308 3576 1442 3622 sunt
1486 3563 1629 3635 illoe,
1671 3569 1732 3621 L.
1767 3565 1998 3635 Paullo,
2027 3569 2095 3625 C.
2131 3571 2413 3628 Marcello

345 3682 490 3722 coss.
509 3663 663 3722 Illud
686 3664 857 3722 etiam
885 3660 1202 3733 sciendum,
1228 3659 1480 3719 abfuisse
1499 3660 1838 3719 Ciceronem
1862 3680 2077 3721 annum
2099 3678 2158 3723 et
2189 3686 2413 3726 menses

346 3762 576 3818 circiter
609 3774 762 3818 octo.
810 3761 1109 3819 Profectus
1148 3772 1236 3818 est
1282 3759 1436 3816 enim
1464 3758 1526 3815 in
1557 3737 1919 3835 provinciam
1962 3759 2195 3820 ineunte
2224 3765 2408 3837 maio,

345 3860 467 3916 Ser.
494 3856 753 3934 Sulpicio
776 3870 832 3915 et
854 3861 936 3914 Μ.
962 3855 1245 3914 Marcello
1272 3873 1415 3913 coss.
1442 3854 1499 3911 in
1529 3873 1714 3931 eaque
1743 3867 1801 3912 et
1824 3854 1882 3910 in
1908 3856 2114 3915 itinere
2137 3863 2201 3918 L.
2222 3862 2409 3920 Paulli

345 3965 404 4010 et
430 3955 493 4011 C.
524 3953 788 4011 Marcelli
826 3954 1134 4011 consulatu
1163 3963 1544 4028 consumpto,
1581 3950 1654 4007 ad
1689 3950 1911 4010 Urbem
1948 3953 2057 4013 fuit
2092 3955 2242 4034 prid.
2267 3978 2409 4025 non.

340 4051 461 4127 jan.
485 4051 844 4109 consulatum
867 4054 934 4109 L.
962 4050 1210 4109 Lentulo
1241 4061 1300 4107 et
1329 4049 1392 4106 C.
1421 4047 1704 4106 Marcello
1731 4047 2085 4109 ineuntibus.
