3023 4773
1217 387 1312 454 M.
1366 388 1441 453 T.
1497 387 2055 456 CICERONIS

575 503 715 576 fert
760 530 848 576 ex
898 504 1525 576 senatusconsulto
1574 520 1648 576 et
1696 503 1787 576 de
1823 504 2215 601 religione,
2260 508 2703 602 antiquetur.

573 614 901 685 Messalla
943 612 1411 686 vehementer
1460 615 1699 686 adhuc
1755 618 1900 712 agit
1943 638 2210 686 severe.
2256 616 2439 685 Boni
2481 617 2616 686 viri
2637 614 2705 660 ²³

574 723 911 822 precibus
960 722 1195 795 Clodii
1238 741 1708 798 removentur
1758 751 1801 797 a
1844 750 2091 814 causa3
2135 750 2372 824 operae
2413 750 2707 825 compa-

503 932 514 942 .
571 850 864 923 rantur3
900 850 1184 907 nosmet
1221 838 1389 934 ipsi,
1432 839 1560 932 qui
1598 838 1951 932 Lycurgei
1975 840 2040 888 ²4
2071 861 2113 906 a
2141 838 2496 933 principio
2525 834 2701 906 fuis-

573 969 846 1029 semuS‚
892 945 1219 1042 quotidie
1265 945 1790 1043 demitigamur.
1848 952 2074 1017 Instat
2120 960 2192 1017 et
2242 959 2455 1041 urget
2493 949 2694 1017 Cato.

574 1054 769 1146 Quid
797 1056 1066 1126 multa?
1091 1080 1367 1142 vereor,
1394 1081 1486 1126 ne
1513 1055 1695 1143 haec,
1722 1057 2049 1152 neglecta
2072 1081 2111 1125 a
2134 1053 2384 1143 bonis,
2413 1053 2705 1126 defensa

575 1164 667 1236 ab
713 1164 1106 1263 improbiS,
1150 1190 1578 1263 magnorum
1632 1164 2048 1264 reipublicae
2096 1164 2450 1235 malorum
2497 1188 2705 1234 causa

577 1277 758 1346 sint'
737 1272 795 1319 ⁵
804 1278 1028 1347 ‚Tuus
1050 1289 1288 1346 autem
1318 1276 1437 1347 ille
1464 1277 1735 1346 amicus
1755 1273 1821 1319 ²⁶
1839 1274 2041 1373 (scin’
2060 1299 2277 1370 quem
2304 1273 2705 1369 dicam²⁷?)‚

578 1384 668 1455 de
710 1409 859 1481 quo
896 1397 978 1454 tu
1024 1385 1113 1454 ad
1152 1410 1269 1456 me
1310 1388 1691 1484 scripsisti,
1728 1400 2198 1484 posteaquam
2225 1410 2377 1455 non
2409 1384 2707 1455 auderet

575 1493 1143 1590 reprehendere,
1194 1495 1485 1567 laudare
1536 1498 1838 1592 coepisse
1860 1491 1951 1584 ²⁸,
1998 1520 2175 1580 llos,
2222 1509 2303 1566 ut
2348 1494 2704 1581 ostendit,

578 1603 972 1674 admodum
1012 1604 1274 1701 diligit,
1321 1606 1810 1703 amplectitur,
1856 1620 2087 1689 amat,
2131 1619 2379 1703 aperte
2426 1605 2703 1691 laudat;

580 1714 897 1801 occulte,
944 1714 1066 1785 sed
1110 1717 1238 1801 ita,
1295 1731 1376 1787 ut
1426 1717 1892 1813 perspicuum
1940 1716 2136 1802 sit29,
2180 1714 2470 1786 invidet.
2515 1713 2707 1784 Nihil

580 1854 827 1917 come,
873 1828 1050 1900 nihil
1092 1826 1502 1926 simplex³⁰,
1534 1829 1715 1900 nihil
1752 1836 1811 1902 ἐν
1850 1840 1976 1911 τοῖς
2020 1824 2429 1910 nuntiante&
2483 1827 2710 1898 hone—

575 382 714 453 300

650 2055 733 2103 23.
774 2053 898 2101 Boni
919 2053 1034 2101 viri.
1058 2054 1357 2118 optimates,
1376 2054 1566 2103 nobiles
1582 2089 1597 2115 ,

579 2133 846 2198 primores,
876 2144 931 2182 ut
948 2132 1186 2182 infinitis
1172 2151 1223 2181 m
1247 2134 1386 2183 locis.
1412 2137 1591 2183 (ἔπιεν.

650 2222 736 2270 24.
773 2213 1020 2278 Lycurgei,
1048 2214 1164 2262 Non
1189 2230 1216 2260 ι
1244 2216 1459 2279 Lycurgo
1485 2230 1596 2278 rege

579 2292 1051 2342 Lacedaemoniorum
1101 2294 1252 2342 ducto
1304 2294 1502 2341 nomine
1546 2310 1597 2341 se

579 2375 877 2439 Lycur-geum
910 2374 1058 2423 fuisse
1091 2373 1294 2431 scribit3
1330 2373 1416 2421 sed
1443 2390 1470 2421 a
1502 2375 1596 2436 Ly-

578 2470 727 2519 curgo
764 2465 956 2502 oratore
990 2455 1310 2512 Atheniensi,
1340 2471 1484 2518 quem
1522 2455 1594 2500 se-

577 2543 693 2581 runt
742 2533 795 2580 in
842 2533 1056 2581 dicendo
1101 2533 1242 2582 valde
1284 2550 1501 2582 severum
1547 2544 1598 2580 et

577 2610 805 2660 acerbum
841 2613 1098 2662 exstitisse.
1133 2615 1247 2661 Bos.
1269 2641 1336 2649 —
1357 2615 1491 2677 Ego,
1510 2612 1597 2675 qui

580 2708 714 2739 sacer
757 2692 1075 2755 reprehensor
1118 2701 1167 2739 et
1216 2692 1395 2740 vindex
1443 2694 1595 2740 malo-

579 2787 686 2819 rum
706 2772 856 2819 instar
868 2772 1082 2836 Lycurgi
1101 2771 1230 2820 illius
1250 2772 1429 2820 nobilis
1449 2772 1597 2819 Athe-

580 2851 763 2899 niensis
785 2853 1013 2906 oratoris,
1034 2852 1094 2899 de
1112 2867 1211 2915 quo
1231 2853 1381 2912 Diod.
1400 2853 1597 2909 Simvt,

585 2932 679 2993 89,
708 2942 754 2978 et
781 2931 885 2979 cic.
911 2932 961 2978 in
987 2933 1121 2980 nme.
1149 2934 1243 2988 3⁴,
1270 2917 1491 2996 qnotidie
1518 2948 1597 2978 re-

579 3011 724 3058 mitto
741 3009 925 3074 aliquid
943 3010 1003 3057 de
1020 3012 1272 3059 severitate
1290 3027 1409 3059 mea.
1425 3014 1596 3059 Gson.

654 3090 740 3137 25.
764 3089 884 3139 Sint.
910 3091 1035 3150 Alii,
1059 3090 1135 3139 sit.
1173 3093 1203 3139 J
1211 3125 1223 3138 .
1242 3093 1306 3137 V.
1336 3092 1389 3138 L.

654 3171 740 3218 26.
778 3170 995 3218 Amicus.
1033 3171 1310 3234 Pompeius.
1352 3168 1600 3217 Serviebat

582 3250 711 3296 enim
731 3248 961 3296 omnibus
980 3248 1199 3310 gratiosis
1220 3259 1322 3294 tnm
1343 3249 1598 3311 temporis,

584 3338 641 3375 ut
665 3340 771 3376 ncta
798 3330 904 3388 ejus
923 3327 1054 3374 bello
1071 3313 1403 3375 Mithridatico
1423 3326 1600 3374 confir-

584 3418 844 3455 marentur.
862 3410 1031 3455 Gson.
1046 3433 1117 3442 —-
1135 3411 1172 3453 F
1173 3405 1322 3454 loruit
1342 3409 1601 3471 Pompeius

583 3496 722 3533 extra
738 3485 919 3534 Urbem
939 3485 1056 3532 dum
1083 3486 1202 3546 fuit,
1228 3498 1276 3534 et
1302 3503 1395 3551 pro
1415 3486 1604 3552 populo

585 3578 787 3611 romano
813 3564 938 3612 bella
965 3566 1125 3628 gessit.
1163 3569 1402 3614 Reversus
1430 3567 1483 3613 in
1510 3569 1605 3614 Ur-

585 3641 697 3688 bem
737 3645 907 3690 misere
948 3645 1145 3704 jacuit:
1186 3661 1473 3709 quamquam
1499 3647 1604 3708 ipse

588 3736 702 3767 sane
727 3721 780 3767 in
805 3739 947 3770 causa
973 3723 1093 3783 fuit,
1118 3726 1203 3788 qni
1227 3725 1342 3772 dum
1366 3724 1470 3771 vult
1497 3739 1605 3771 om·

590 3799 728 3846 nium
765 3803 939 3864 gratias
966 3806 1172 3852 retinere
1188 3840 1205 3865 ,
1235 3806 1452 3853 omnium
1479 3805 1601 3851 ami·

591 3880 670 3925 sit.
699 3879 909 3928 Cassum

665 3973 748 4025 ²7·
773 3956 1052 4024 Scin’quem
1079 3962 1257 4010 dicam.
1269 3962 1385 4010 Non
1414 3972 1603 4010 tantum

595 4037 701 4085 haee
743 4038 888 4085 verba
928 4040 1056 4088 notis
1085 4041 1419 4103 parentheseos
1445 4043 1604 4090 inclu-

593 4119 655 4165 sit
679 4118 883 4167 casaub.
916 4118 1002 4166 sed
1031 4120 1191 4167 omnin
1210 4136 1319 4182 que
1336 4131 1603 4183 sequuntur

1683 2071 1837 2119 usque
1858 2056 1921 2103 ad
1946 2056 2143 2119 coepisse
2156 2088 2174 2112 ,
2207 2054 2294 2102 ubi
2320 2053 2498 2102 desinit
2528 2069 2708 2117 peren·

1683 2136 1850 2184 thesis.
1874 2138 1990 2185 Non
2014 2135 2096 2182 hic
2120 2136 2292 2184 Cicero
2311 2133 2710 2197 Pompeiumne·

1685 2215 1906 2263 minatim
1934 2214 2152 2271 indicat,
2174 2212 2260 2260 sed
2287 2212 2474 2260 indicat
2493 2212 2708 2259 certissi-

1685 2311 1768 2343 mo
1796 2294 2001 2342 indicio.
2029 2316 2053 2334 κ
2073 2296 2122 2340 Is
2147 2303 2220 2340 est
2237 2326 2252 2351 ,
2291 2291 2454 2355 inquit
2476 2325 2492 2350 ,
2517 2289 2577 2337 de
2606 2307 2710 2355 quo

1685 2386 1741 2423 tu
1783 2374 2020 2437 scripsisti
2063 2372 2126 2420 nd
2164 2388 2239 2418 me
2269 2405 2283 2430 ,
2323 2380 2492 2434 postea
2513 2405 2527 2429 ‚
2563 2380 2660 2418 etc.
2684 2393 2710 2411 ›-

1683 2455 1790 2503 'Nec
1840 2452 2046 2500 dubium
2096 2451 2321 2499 Atticum
2370 2449 2423 2497 id
2457 2449 2711 2514 scripsisse

1684 2533 1944 2590 Ciceroni,
1969 2547 2069 2578 una
2101 2530 2264 2594 alique
2304 2546 2367 2577 ex
2401 2528 2560 2575 tribus
2601 2531 2709 2592 epi-

1682 2613 1840 2673 stolis,
1857 2628 1967 2675 quae
1991 2610 2137 2671 hujus
2162 2609 2306 2655 initio
2327 2623 2713 2655 commemoran-

1682 2704 1764 2740 tur
1780 2725 1794 2750 ,
1819 2707 1970 2755 quum
1985 2692 2140 2737 Roma
2169 2686 2427 2735 discedens
2461 2687 2713 2735 incidisset

1683 2770 1736 2819 in
1763 2770 2054 2834 Pompeium
2071 2803 2086 2827 ,
2112 2768 2199 2831 qui
2226 2767 2414 2815 ebeno
2446 2767 2711 2814 Mithrida-

1687 2854 1790 2901 tico
1831 2853 2038 2899 Romam
2073 2848 2281 2897 redibat.
2309 2849 2438 2896 Nam
2471 2864 2582 2895 eum
2608 2851 2713 2897 Ro-

1685 2948 1814 2979 mam
1836 2931 2052 2991 venisse,
2076 2939 2124 2975 et
2149 2928 2297 2975 fuisse
2324 2927 2387 2974 ad
2410 2926 2595 2975 Urbem
2616 2927 2713 2975 hoc
2744 2993 2745 2998 1

1686 3022 1908 3075 tempore
1945 3018 2146 3074 apparet
2171 3008 2315 3057 etiam
2341 3024 2406 3055 ex
2433 3023 2534 3071 seq.
2562 3007 2711 3072 epist.

1688 3092 1906 3140 ciam..

1759 3172 1844 3218 28.
1889 3169 2121 3217 Laudare
2154 3167 2365 3231 coepisse.
2401 3168 2539 3214 Sero.
2580 3165 2708 3211 Nam

1688 3251 1891 3297 nimium
1928 3248 2010 3295 diu
2046 3248 2216 3295 tacuit.
2253 3249 2345 3309 Ep.
2386 3262 2446 3308 ¹9
2483 3245 2531 3291 h.
2574 3243 2607 3290 l.
2644 3241 2705 3288 ld

1688 3329 1907 3392 queritur
1918 3328 2022 3376 Cic.
2033 3342 2115 3391 ep.
2132 3343 2157 3387 7
2174 3326 2237 3373 sd
2252 3325 2364 3374 Div.
2378 3323 2528 3370 lum.
2542 3321 2705 3370 Con.

1761 3424 1845 3469 29.
1871 3409 1953 3454 Ita
1973 3418 2028 3453 ut
2041 3405 2349 3470 perspicuum
2366 3404 2441 3451 sit.
2471 3404 2582 3449 Hoc
2602 3415 2709 3447 ms·

1691 3488 1863 3535 niseste
1904 3486 2058 3548 tangit
2094 3484 2394 3548 Pompeium.
2417 3479 2549 3528 Alias
2574 3480 2706 3527 enim

1693 3565 1754 3612 de
1776 3565 1862 3613 illo
1887 3565 2094 3621 Coelius,
2110 3565 2233 3610 vui
2249 3598 2263 3621 ,
2294 3578 2312 3609 1
2341 3578 2354 3611 ε
2380 3583 2402 3604 ι
2421 3560 2550 3608 Solet
2576 3559 2708 3606 euim

1691 3644 1825 3692 aliud
1850 3645 2028 3691 sentire
2044 3653 2121 3702 ,et
2146 3642 2287 3705 loqui
2302 3675 2315 3699 ‚
2345 3655 2502 3704 neque
2519 3650 2710 3686 tantum

1691 3723 1851 3770 valere
1876 3723 2073 3785 ingenio
2086 3757 2101 3783 ‚
2121 3732 2176 3769 ut
2193 3736 2295 3767 non
2318 3728 2570 3783 appareat,
2590 3716 2715 3780 quid

1693 3804 1857 3867 cupiat
1876 3825 1916 3850 ι.
1948 3803 2039 3849 En.

1762 3883 1846 3929 30.
1896 3880 2035 3927 Nihil
2080 3878 2306 3942 simplex.
2346 3879 2406 3924 ln
2442 3876 2716 3940 Pompeio,

1702 3962 1827 4025 nqui
1853 3958 1979 4007 solet
2003 3957 2138 4007 aliud
2164 3959 2371 4014 sentire,
2395 3967 2445 4003 et
2470 3955 2607 4003 alind
2635 3954 2710 4002 lo-

1690 4043 1820 4105 qui·
1833 4055 1952 4103 ,ep-
1979 4055 2029 4093 1,
2053 4037 2145 4085 lib.
2149 4038 2295 4094 Vm,
2319 4036 2383 4083 sd
2409 4035 2524 4084 Div.
2545 4036 2711 4084 Cone.

1765 4122 1792 4167 3
1808 4136 1849 4167 t.
1877 4122 1939 4167 Εν
1959 4116 2052 4172 τοῖς
2069 4115 2342 4172 πολιτικοῖς.
2373 4118 2432 4164 In
2452 4114 2598 4162 rebus
2622 4130 2718 4177 pu·
