3023 4773
505 465 1020 535 EPISTOLAE
1066 468 1208 535 AD
1254 467 1757 554 ATTICUM,
1807 471 1941 551 IV,
1989 470 2049 540 8.
2199 475 2343 567 499

213 663 947 684 mmm-mmmm
1229 665 1503 685 mmm
1508 653 2338 689 mmm—mmm

815 849 1427 930 EPISTOLA
1481 851 1740 931 VIII.

212 1007 489 1087 Epistolae
513 1008 729 1081 Attici,
774 1008 876 1086 qui
906 1008 1145 1068 domum
1180 1010 1337 1069 Antii
1367 1011 1460 1069 vel
1489 1011 1552 1069 in
1584 1030 1725 1090 agro
1754 1010 2094 1070 suburbano
2121 1011 2339 1071 habere

293 1107 603 1179 voluerat,
636 1106 975 1185 respondet3
1005 1106 1374 1166 librariorum
1409 1106 1482 1166 ab
1515 1128 1585 1168 co
1620 1108 1731 1168 sibi
1754 1108 2059 1168 missorum
2097 1129 2338 1189 operam

291 1202 522 1271 laudat;
557 1202 853 1281 quomodo
881 1223 944 1261 se
970 1203 1317 1282 gladiatores
1343 1204 1524 1261 Attici
1555 1206 1859 1281 gesserint,
1892 1205 2114 1283 quaerit.
2158 1204 2341 1265 Addit

293 1297 369 1357 de
396 1297 660 1358 Domitio
700 1300 1007 1359 consulatu
1033 1319 1206 1378 quem
1244 1299 1522 1378 petierat,
1554 1299 1818 1378 deject03
1860 1300 1933 1359 de
1959 1302 2134 1361 variis
2165 1300 2341 1361 rebus

292 1394 639 1454 domesticis.
671 1395 859 1476 (Antii
878 1439 896 1469 ,
930 1415 1083 1455 anno
1112 1400 1186 1456 U.
1216 1400 1283 1455 C.
1313 1396 1449 1473 697,
1480 1415 1675 1455 mense
1702 1397 1900 1470 main.)

882 1559 1194 1625 CICERO
1240 1562 1557 1626 ATTICO
1601 1562 1666 1627 S.

308 1692 575 1763 Mntsra
618 1715 739 1762 me
787 1691 866 1761 in
920 1692 1224 1790 epistola
1266 1706 1391 1763 tua
1445 1693 1928 1784 delectarunt,
1978 1693 2104 1767 sed
2161 1696 2343 1768 nihil

217 1804 472 1898 magis,
504 1826 724 1899 quam
761 1802 1003 1898 patina
1028 1802 1448 1897 tyrotarichi
1466 1814 1513 1871 ¹.
1543 1805 1767 1875 Nam⁵²
1790 1803 1881 1874 de
1903 1802 2343 1876 raudusculo

211 1907 415 2010 quod
453 1905 739 1992 scribis,
784 1913 969 2001 μήπω
1017 1910 1205 2004 μέγαν
1228 1897 1257 1943 ³
1290 1910 1495 1999 εἴπῃς,
1535 1912 1673 2003 πρὶν
1716 1915 2149 1988 τελευτήσαντ’
2176 1907 2340 2009 ἴδῃς.

211 2015 561 2086 AEdificati
599 2013 732 2085 tibi
781 2016 857 2084 in
902 2017 1086 2109 agris
1122 2014 1299 2084 nihil
1338 2017 1623 2111 reperio
1639 2019 1693 2085 4.
1746 2023 1829 2088 In
1866 2015 2189 2117 oppido⁵
2236 2034 2344 2091 est

210 2123 561 2222 quiddam
579 2178 598 2211 ,
636 2124 728 2196 de
758 2149 909 2221 quo
935 2138 1041 2195 est
1070 2122 1375 2193 dubium
1397 2179 1416 2208 ,
1450 2126 1635 2195 sitne
1663 2127 1950 2214 venale,
1979 2152 2060 2198 ac
2096 2131 2345 2226 proxi-

208 2259 416 2306 mum
446 2233 740 2332 quidem
769 2236 1031 2306 nostris
1057 2233 1351 2305 aedibus,
1381 2239 1537 2306 Hoc
1567 2236 1745 2307 scito
1764 2289 1784 2324 ,
1822 2235 2163 2307 Antium⁶
2192 2262 2345 2311 esse

288 2438 334 2471 1.
384 2420 696 2484 Tyr-otaricht’.
751 2420 964 2469 Videtur
1004 2422 1200 2469 Atticus
1219 2456 1235 2484 ,

209 2500 274 2549 ils
297 2517 407 2564 quae
450 2501 510 2549 de
538 2499 868 2566 tyrotaricho,
894 2510 944 2547 et
969 2500 1029 2548 de
1062 2500 1239 2548 raudu-

210 2578 352 2627 sculo
376 2580 667 2643 scripserat,
692 2589 886 2626 notasse
905 2578 1074 2625 miram
1102 2579 1239 2627 Cice·

211 2658 345 2706 ronis
386 2659 764 2721 parcimoniam,
804 2674 901 2721 qua
946 2658 1127 2722 grande
1173 2675 1238 2707 aes

210 2736 451 2795 alienum,
497 2736 633 2802 quod
682 2738 827 2785 rebus
874 2737 977 2785 suis
1021 2737 1237 2786 adversis

207 2817 536 2875 conflaverat,
563 2818 629 2863 ita
656 2818 925 2878 minuerat,
958 2827 1015 2864 ut
1040 2817 1093 2864 id
1119 2833 1229 2864 ruo-

210 2895 377 2943 dicum
407 2896 508 2955 jam
547 2905 689 2942 esset.
725 2896 849 2942 Nam
884 2895 1229 2944 raudusculum

208 2985 285 3023 est
309 2972 558 3020 modicum
584 2988 665 3020 aes.
691 2974 1040 3036 Tyrotarichus
1068 2986 1231 3023 autem

208 3064 364 3118 genus
401 3062 504 3100 erat
545 3051 740 3115 opsonii
780 3051 967 3099 vilioris
980 3086 995 3110 ,
1037 3054 1229 3103 rusticis

209 3132 477 3194 familiare,
511 3129 650 3194 quod
680 3144 821 3177 caseo
852 3139 901 3176 et
934 3129 1231 3178 salsamentis

210 3210 498 3261 constabat:
522 3208 655 3258 unde
679 3219 730 3257 et
752 3223 933 3256 nomeu
957 3219 1230 3272 acceperat.

209 3291 404 3339 Bosms.

284 3387 334 3418 2.
369 3370 504 3417 Nam
535 3367 600 3417 de
629 3366 937 3415 raudusculo.
977 3366 1126 3431 Quod
1162 3366 1232 3414 ais

212 3463 290 3497 ne
309 3464 374 3496 ass
390 3447 515 3496 illud
542 3446 754 3495 alienum
772 3478 788 3504 ‚
817 3444 961 3509 quod¹
981 3446 1226 3505 contraxi,

212 3526 282 3574 ita
309 3527 570 3587 minuisse,
605 3536 664 3573 nt
690 3525 744 3573 id
768 3525 870 3585 jan
895 3540 1000 3573 non
1024 3540 1117 3583 a,
1145 3523 1233 3572 sed

210 3606 560 3655 raudusenlum
585 3607 679 3665 sit3
704 3621 766 3652 ne
793 3620 869 3652 me
894 3619 1154 3668 magnum,
1176 3602 1234 3651 id

210 3697 315 3745 eet,
348 3684 491 3733 bonis
517 3684 821 3740 affluentem,
853 3694 904 3732 et
931 3684 1230 3732 fortunatum

211 3763 419 3823 dixeris,
438 3764 720 3827 priusquam
735 3762 916 3811 videris
933 3764 1019 3827 qui
1038 3763 1232 3811 sutum

210 3843 277 3891 sit
310 3842 469 3891 exitus
504 3858 664 3890 rerum
690 3858 921 3890 mearum.
962 3843 1089 3890 Nam
1124 3839 1233 3890 fieri

213 3933 377 3987 potest
392 3956 408 3981 ,
435 3931 519 3979 ut,
545 3934 804 3985 antequam
829 3921 1035 3979 moriar,
1054 3924 1232 3969 iterum

212 4001 423 4049 fortunae
456 4017 578 4049 meae
610 3999 672 4047 ad
707 3999 904 4048 eosdem
934 3999 1231 4049 miseriarum

213 4078 445 4144 scopulos
466 4079 746 4128 allidantur.
767 4081 925 4127 lun.

289 4160 339 4210 3.
376 4154 539 4213 Βῆπω
568 4157 740 4226 μέγαν.
782 4157 1065 4208 Invenimus
1101 4157 1234 4208 hunc

1290 2432 1297 2437 ·
1325 2421 1619 2469 versiculum
1643 2420 1776 2484 apud
1797 2423 2039 2471 Joannem
2063 2424 2310 2473 Stobaeum
2324 2463 2340 2489 ,

1325 2500 1417 2546 sub
1435 2502 1633 2548 nomine
1650 2500 1924 2565 Sophoclis.
1947 2502 2171 2565 Explicat
2186 2515 2345 2552 autem

1326 2579 1425 2625 sere
1475 2578 1669 2626 Solonis
1710 2583 1996 2627 sententiam
2015 2615 2031 2639 ,
2067 2582 2153 2643 qui
2189 2584 2343 2631 nemi·

1326 2674 1433 2704 nem
1474 2657 1670 2705 beatum
1703 2670 1962 2723 antequam
2006 2658 2207 2709 obiisset
2248 2661 2344 2709 dici

1324 2735 1538 2784 volebat.
1565 2741 1787 2787 Vicroa.
1808 2764 1879 2774 --
1899 2739 2090 2786 Mavult
2117 2741 2343 2793 Gronov.

1318 2811 1464 2881 μήπω
1497 2814 1608 2883 μέγ’
1650 2814 1797 2881 εἴπῃς.
1838 2818 1949 2864 Hoc
1985 2827 2086 2875 est,
2127 2833 2190 2865 ne
2225 2818 2345 2880 quid

1317 2909 1546 2956 magnum
1586 2893 1747 2951 dicas,
1781 2895 2063 2958 priusquam
2099 2906 2344 2943 mortuum

1315 2972 1524 3039 videris,
1558 2990 1645 3021 seu
1672 2989 1734 3021 ne
1770 2969 1988 3037 glorieris
2017 2974 2080 3022 de
2119 2975 2345 3023 adversa-

1316 3051 1391 3100 rio
1405 3085 1421 3113 ,
1452 3053 1734 3120 priusquam
1757 3053 1931 3113 jaceat.
1972 3052 2201 3119 Τιλιυτᾷν
2241 3070 2344 3102 non

1317 3132 1467 3180 modo
1486 3143 1560 3181 est
1581 3132 1708 3179 mori
1721 3166 1736 3189 ,
1759 3130 1846 3179 sed
1862 3145 2171 3195 quocumque
2189 3132 2341 3180 modo

1318 3207 1477 3260 finire.
1519 3215 1691 3276 Itaque
1717 3213 1944 3260 τελιυτῶν
1981 3226 2109 3274 saepe
2139 3212 2342 3275 ponitur

1319 3304 1411 3352 pro
1438 3289 1679 3354 denique,
1713 3289 1776 3338 ad
1814 3299 2131 3353 postremum.
2167 3289 2342 3339 Cicero

1317 3366 1668 3431 elegantissime
1709 3368 1889 3418 abusus
1942 3379 2015 3417 est
2054 3368 2153 3416 hoc
2190 3368 2337 3417 dicto.

1318 3448 1528 3511 Accepit
1554 3445 1903 3501 τελευτήσαντα.
1935 3446 2074 3511 quasi
2104 3457 2230 3496 esset
2255 3464 2336 3495 ac·
2394 3440 2400 3445 ’

1317 3525 1522 3572 cusativi
1545 3526 1747 3590 pluralis
1771 3526 2017 3586 nean-ius,
2040 3537 2088 3573 et
2115 3525 2343 3589 loquere-

1318 3613 1398 3651 tm·
1412 3615 1559 3668 poeta
1579 3605 1640 3657 de
1653 3606 1877 3654 nummis.
1897 3603 2151 3669 Significat
2169 3606 2334 3669 igitur,

1316 3699 1380 3731 ne
1415 3682 1668 3746 gratuleris
1704 3684 1794 3732 tibi
1834 3683 1895 3730 de
1936 3683 2145 3729 nummis
2181 3684 2338 3746 prius·

1318 3777 1466 3827 quam
1487 3759 1726 3823 finientia,
1745 3762 1840 3810 hoc
1860 3770 1931 3809 est
1948 3794 1966 3820 ,
1988 3759 2135 3808 finem
2154 3766 2339 3826 negotii

1318 3840 1518 3889 videris.

1389 3916 1597 3975 advilu'l
1607 3917 1804 3981 reperio.
1828 3916 1980 3979 Quod
1995 3934 2150 3967 emere
2162 3924 2335 3984 possis.

1392 3998 1441 4046 5.
1470 4001 1532 4045 In
1559 3996 1758 4061 oppido.
1784 3998 2051 4046 Antiatum.
2080 3998 2238 4049 Cou-

1391 4078 1446 4129 6.
1474 4077 1681 4127 Anes'um
1710 4077 1997 4126 Buthrotum
2022 4093 2122 4125 esse
2153 4081 2335 4128 Romoe.

1322 4160 1396 4209 ut
1423 4160 1639 4223 001an
1668 4158 1960 4208 Buthrotum
1986 4173 2141 4222 prope
2171 4159 2338 4214 habet,

1991 4242 2098 4312 32.
