3023 4773
619 409 755 481 382
1272 412 1368 476 M.
1413 412 1486 476 T.
1543 411 2096 485 CICERONIS

618 612 799 631 mm
806 610 1817 631 w-”Qmmmmmmmmm
1823 611 2276 631 mmuflvnm
2286 613 2718 633 “QQssmuQQQ
2725 616 2746 632 ἱ

1293 804 1886 884 EPISTOLA
1940 808 2085 885 IX.

609 973 828 1034 Scribit
853 992 914 1030 se
946 972 1003 1029 in
1037 973 1178 1031 caelo
1214 972 1470 1029 futurum
1490 1015 1507 1045 ,
1552 973 1599 1029 si
1629 972 1869 1031 Clodius
1901 991 2032 1051 quae
2076 971 2371 1031 Ciceronis
2412 992 2577 1033 causa
2614 993 2746 1033 cum

693 1071 969 1149 Pompeio
995 1069 1307 1147 pepigerit,
1324 1088 1443 1125 non
1468 1081 1678 1132 servet.
1701 1072 1970 1128 Ceterum
1994 1090 2054 1127 se
2075 1089 2192 1126 non
2211 1070 2401 1126 vereri
2422 1091 2492 1127 ne
2512 1070 2747 1128 Clodius

693 1167 805 1225 sibi
846 1168 1145 1225 nociturus
1185 1165 1274 1227 sit.
1313 1165 1596 1223 Invidiam
1619 1165 1739 1243 jam
1768 1165 1840 1224 ad
1870 1167 2033 1237 illos,
2066 1168 2167 1246 qui
2200 1166 2471 1245 injustam
2500 1166 2608 1224 sibi
2636 1188 2746 1244 po-

692 1264 925 1321 tentiam
964 1275 1264 1341 arrogent,
1303 1263 1692 1321 transituram.
1722 1264 1989 1340 Denique
2025 1263 2231 1322 itinera
2261 1283 2363 1321 sua
2395 1278 2576 1321 notat.
2604 1266 2749 1338 (An-

692 1361 819 1417 tiati
836 1403 851 1427 ,
875 1379 1029 1418 anno
1053 1364 1129 1419 U.
1152 1363 1214 1419 C.
1237 1361 1352 1437 694
1371 1405 1387 1432 ,
1415 1380 1610 1420 mense
1636 1356 1853 1438 aprili.)

1285 1546 1598 1610 CICERO
1642 1547 1953 1612 ATTICO
1997 1548 2059 1611 S.

709 1708 776 1774 S.
826 1707 907 1773 V.
953 1707 1023 1773 B.
1069 1707 1143 1774 E.
1187 1706 1454 1810 Quum!
1481 1703 1656 1773 mihi
1699 1702 1993 1775 dixisset
2030 1705 2354 1775 Caecilius
2395 1721 2744 1801 quaestor‚

619 1838 927 1911 puerum
979 1839 1053 1884 se
1093 1819 1395 1884 Romam
1441 1817 1767 1898 mittere,
1824 1814 1973 1886 haec
2017 1818 2269 1913 scripsi
2306 1819 2607 1913 raptim,
2670 1832 2745 1886 ut

613 1939 776 1994 tuos
828 1923 1158 1994 elicerem
1203 1922 1546 1995 mirificos
1583 1948 1748 1995 cum
1800 1924 2061 1995 Publio
2106 1925 2464 2024 dialogos,
2514 1953 2743 2024 quum

604 2059 763 2119 εοε,
795 2034 884 2104 de
913 2031 1179 2129 quibus
1205 2032 1487 2118 scribis,
1516 2050 1669 2104 tum
1701 2033 1905 2105 illum
1928 2090 1947 2119 ‚
1981 2061 2202 2131 quem
2231 2035 2470 2120 abdis,
2507 2052 2581 2107 et
2608 2041 2741 2119 ais,

610 2144 907 2240 longum
959 2169 1154 2229 esse,
1212 2170 1372 2241 quae
1424 2144 1515 2215 ad
1574 2170 1657 2215 ea
1707 2146 2204 2242 responderis,
2257 2145 2738 2242 perscribere:

611 2249 812 2319 illum
842 2275 1015 2322 vero
1037 2263 1055 2294 ¹
1070 2306 1087 2337 ‚
1108 2253 1232 2346 qui
1254 2249 1582 2321 nondum
1603 2249 1893 2321 habitus
1915 2266 2020 2321 est
2040 2305 2058 2336 ‚
2077 2276 2293 2347 quem
2312 2252 2428 2322 illa
2449 2259 2745 2340 βοῶπις’,

607 2386 836 2457 quum
872 2388 912 2432 e
947 2361 1246 2434 Solonio
1279 2359 1614 2448 redierit,
1650 2360 1741 2434 ad
1770 2376 1841 2435 te
1872 2376 1977 2433 est
2003 2360 2354 2441 relatura.
2393 2363 2496 2434 sic
2530 2362 2740 2434 velim

610 2485 855 2569 pute5‚
896 2472 1074 2541 nihil
1119 2472 1260 2542 hoc
1303 2495 1516 2568 posse
1555 2472 1733 2542 mihi
1772 2496 1926 2543 esse
1956 2472 2369 2569 jucundius.
2429 2476 2499 2542 Si
2534 2497 2743 2556 vern,

605 2607 772 2678 quae
809 2581 899 2653 de
945 2607 1059 2652 me
1110 2578 1359 2679 pacta³
1398 2597 1601 2669 sunt,
1658 2607 1738 2653 ea
1777 2599 2396 2672 nonservantum
2444 2585 2518 2653 in
2570 2584 2777 2654 caelo·

610 2717 768 2763 sum
805 2719 820 2760 ε
867 2708 946 2762 ut
988 2694 1164 2764 sciat
1187 2692 1318 2764 hic
1364 2709 1612 2765 noster
1643 2694 2334 2791 Hierosolymarius‘*
2373 2694 2744 2765 traductor

607 2800 693 2872 ad
718 2800 1003 2899 plebem
1021 2798 1074 2886 ⁵,
1096 2827 1314 2898 quam
1338 2801 1608 2874 bonam
1632 2807 1809 2872 meis
1835 2801 2269 2901 putissimis⁶
2296 2801 2743 2876 orationibus

608 2909 906 3003 gratiam
924 2909 1252 2980 retulerit
1265 2937 1284 2994 ;
1296 2932 1606 3006 quarum
1626 2924 1958 3005 exspecta
1974 2910 2288 2980 divinam
2299 2905 2673 3000 παλινῳδίαν
2687 2917 2738 2973 7·

607 3023 885 3090 Etenim
912 3073 930 3100 ‚
968 3036 1322 3116 quantum
1364 3019 1781 3114 conjectura
1820 3044 2292 3116 auguramur,
2346 3023 2402 3089 si
2438 3025 2574 3091 erit
2612 3044 2739 3091 ne-

683 3280 725 3311 1.
758 3263 902 3309 Illum
929 3277 1069 3309 vero.
1092 3258 1390 3326 Σολσικισμὸς
1409 3262 1622 3317 Grecis,
1714 3272 1829 3308 sunt
1857 3259 2069 3310 inducite
2088 3282 2127 3309 ι.
2162 3263 2260 3311 En.
2288 3288 2352 3298 ·—-
2378 3263 2572 3310 Ernest.
2597 3263 2733 3321 conj.

603 3354 652 3390 et
671 3343 896 3390 Ciceroni
920 3342 1142 3389 usit-tun.
1171 3342 1328 3389 Conn-
1704 3340 1861 3404 [κατ’.
1884 3343 1915 3393 J
1922 3378 1935 3390 .
1957 3343 2023 3389 V.
2050 3342 2102 3389 1..

590 3451 595 3456 ·
679 3440 726 3472 «ι.
765 3426 965 3478 Boi-›mc-
997 3411 1219 3470 ἐπίθετον
1254 3420 1466 3468 Iunonie
1491 3418 1626 3483 apud
1786 3425 1840 3480 4.
1882 3420 2338 3483 Hierosolymarius.
2381 3420 2641 3485 Pompeia
2656 3455 2670 3476 ‚
2709 3438 2735 3468 a

606 3505 899 3559 Homerum,
919 3501 1056 3564 quasi
1073 3500 1283 3548 boviuos
1305 3495 1491 3546 habens
1508 3514 1628 3545 ocn-
1716 3501 2070 3565 Hierosolymis
2098 3502 2269 3565 captis.
2299 3504 2441 3549 Man.

605 3583 696 3629 los.
724 3582 898 3630 Cicero
927 3580 1170 3629 transtulit
1194 3579 1257 3627 ad
1291 3577 1455 3627 Clodii
1480 3593 1625 3624 sot-o·
1788 3581 1834 3627 5.
1869 3581 2144 3628 Traductor
2176 3580 2246 3627 ud
2262 3580 2472 3643 plebem.
2497 3579 2738 3626 'rr-nadu-

606 3679 733 3718 rem,
752 3674 993 3725 tamquam
1013 3660 1212 3708 alteram
1232 3662 1495 3711 Junonem‚
1517 3671 1625 3720 qne
1714 3671 1848 3707 xerat
1869 3660 2115 3709 Clodium.
2141 3656 2236 3723 Ep.
2261 3676 2307 3719 7.
2332 3663 2407 3706 In.

604 3757 716 3788 cum
744 3741 887 3788 fratre
929 3741 1060 3788 coire
1097 3740 1354 3787 diceretur.
1389 3737 1545 3801 Epist.
1580 3753 1623 3782 1.
1784 3740 1834 3785 6.
1862 3738 2147 3786 Putissimis.
2176 3738 2482 3795 Luculeutis‚
2504 3748 2550 3784 et
2578 3736 2739 3800 splen·

605 3821 819 3866 Mum-r.
1712 3817 1824 3866 dide
1867 3818 2084 3880 scriptun
2139 3817 2318 3880 quibus
2362 3818 2501 3864 illum
2548 3820 2735 3864 ornavi.

673 3897 718 3942 3.
762 3900 912 3944 Pacta
950 3907 1078 3943 sune.
1107 3897 1394 3944 Promiserat
1421 3894 1622 3943 Clodius
1711 3896 1855 3944 Unde
1876 3912 2048 3942 amum
2062 3894 2234 3957 'purum
2249 3907 2440 3958 putum.
2466 3899 2539 3942 In.

599 3977 834 4040 Pompeio
847 3973 932 4032 {se
957 3974 1075 4021 nihil
1098 3985 1319 4022 acturum
1345 3985 1513 4021 eontra
1541 3975 1621 4020 Ci-
1694 3986 1699 3992 ’
1783 3992 1832 4032 7.
1871 3969 2193 4041 Παλινῳὸίαν.
2218 3976 2519 4022 Contrarium
2542 3975 2735 4021 cantio·

600 4071 839 4105 ceronem.
861 4055 957 4116 Ep.
983 4069 1046 4099 ἰα
1073 4065 1121 4101 et
1142 4056 1227 4104 23.
1257 4056 1616 4104 Inna—Pas·
1708 4070 1816 4101 nem
1838 4091 1851 4110 ‚
1893 4070 1986 4116 qua
2026 4056 2309 4118 Pompeium
2328 4092 2341 4115 ,
2370 4070 2513 4117 quem
2540 4069 2733 4116 semper

596 4138 696 4186 sive
723 4136 924 4192 dictum,
949 4144 1003 4179 ut
1031 4130 1175 4180 offic.
1207 4137 1258 4192 1,
1301 4137 1381 4190 33,
1420 4157 1442 4174 ι·
1463 4146 1616 4198 pactae
1708 4134 1924 4191 laudavi,
1954 4151 2083 4182 nunc
2116 4135 2399 4198 vituperem.
2440 4135 2597 4181 Coun.
