3023 4773
541 412 1062 481 EPISTOLAE
1113 415 1247 483 AD
1298 415 1810 501 ATTICUM‚
1860 421 1919 502 Ι,
1980 414 2086 487 13.
2241 443 2375 514 297

266 531 446 603 nelio
468 584 490 618 ,
532 556 750 627 quam
788 531 1049 603 Tribus
1085 532 1433 606 Tabernis
1453 547 1509 625 ²,
1546 550 1629 606 ut
1666 539 1947 634 opinor,
1983 538 2047 608 ei
2087 536 2381 623 dedisti;

262 641 580 728 alteram,
625 666 848 737 quam
886 641 1062 711 mihi
1097 646 1500 739 Canusinus
1533 658 1704 715 tuus
1737 644 2000 743 hospes
2032 645 2381 736 reddidit3

261 753 538 822 tertiam
560 804 579 837 ‚
611 776 829 847 quam
850 806 869 838 ,
904 751 1268 823 utscribis
1290 807 1309 841 ‚
1344 778 1608 824 ancora
1633 754 1866 825 soluta
1884 752 1937 841 ³,
1967 753 2056 826 de
2084 756 2381 853 phaselo

256 859 548 931 dedisti:
592 886 752 956 quae
792 858 1089 932 fuerunt
1128 886 1379 934 omnes
1411 862 1807 933 rhetorum.
1842 867 2027 933 Pure
2065 865 2382 961 loquun-

255 985 402 1055 tur,
471 996 701 1066 quum
757 969 1224 1043 humanitatis
1284 997 1545 1071 sparsae
1609 972 1801 1060 sale,
1865 986 2022 1044 tum
2073 974 2385 1070 insignes

251 1081 520 1152 amoris
560 1082 770 1152 notis.
818 1081 1105 1173 Quibus
1151 1082 1474 1180 epistolis
1533 1107 1689 1154 sum
1757 1081 2096 1179 equidem
2143 1080 2271 1153 abs
2313 1097 2385 1154 te

249 1189 621 1262 lacessitus
675 1191 765 1262 ad
825 1191 1329 1282 scribendum3
1386 1193 1513 1265 sed
1565 1193 1836 1265 idcirco
1882 1211 2044 1262 sum
2092 1193 2384 1280 tardior,

249 1299 454 1396 quod
492 1326 641 1371 non
691 1304 984 1373 invenio
1022 1301 1310 1373 fidelem
1356 1301 1828 1373 tabellarium.
1870 1302 2155 1390 Quotus
2188 1304 2381 1371 enim

247 1416 562 1507 quisque
613 1425 755 1495 est,
816 1415 944 1508 qui
1009 1413 1384 1510 epistolam
1445 1412 1691 1511 paullo
1746 1414 2140 1509 graviorem
2199 1409 2385 1482 serre

247 1523 513 1618 possit,
566 1523 705 1590 nisi
760 1546 917 1593 eam
973 1523 1403 1619 pellectione
1454 1522 1885 1594 relevat-iu?
1924 1518 2215 1592 Accedit
2257 1546 2385 1606 e0,

247 1628 458 1725 quod
506 1629 687 1699 mihi
741 1655 891 1700 non
951 1645 1057 1702 est
1118 1647 1409 1717 notum,
1462 1646 1545 1703 ut
1597 1636 1907 1729 quisque
1963 1634 2041 1700 in
2085 1633 2385 1728 Epirum

245 1738 774 1836 proficiscatur.
812 1747 964 1838 Ego
1000 1744 1194 1812 enim
1227 1756 1296 1812 te
1328 1740 1664 1826 arbitror,
1697 1743 1891 1812 caesis
1925 1740 2116 1838 apud
2144 1739 2384 1810 Amal-

241 1847 540 1919 theam⁵
584 1864 781 1919 tuam
818 1851 1147 1937 victimiS,
1188 1856 1425 1923 statim
1463 1878 1618 1924 esse
1656 1852 1745 1923 ad
1788 1847 2214 1947 Sicyonem⁶
2250 1874 2386 1948 op-

240 1958 775 2056 pugnandum7
811 1958 1237 2054 profectum.
1284 1966 1537 2058 Neque
1573 1978 1815 2033 tamen
1856 1960 1930 2031 id
1965 1964 2201 2058 ipsum
2230 1985 2384 2031 cer-

237 2082 409 2139 tum
449 2066 724 2154 habeo,
766 2068 1062 2163 quando
1111 2069 1201 2139 ad
1242 2073 1638 2141 Antonium
1687 2068 2146 2169 proficiscare
2163 2066 2217 2153 ⁸,
2260 2084 2384 2139 aut

236 2176 437 2275 quid
492 2180 567 2247 in
623 2179 844 2275 Epiro
899 2182 1245 2276 temporis
1306 2203 1556 2276 ponas.
1611 2183 1716 2249 Ita
1770 2203 2011 2275 neque
2063 2178 2384 2250 Achaicis

236 2286 714 2376 hominibuS,
756 2314 995 2385 neque
1035 2294 1416 2388 Epiroticis
1455 2289 1698 2386 paullo
1741 2287 2113 2361 liberiores
2149 2290 2386 2361 literas
2491 2313 2502 2328 ·

239 2403 710 2471 committere
756 2400 1010 2471 audeo.
1057 2406 1241 2473 Sunt
1275 2417 1516 2473 autem
1557 2416 1722 2499 post
1766 2399 2153 2472 discessum
2191 2427 2232 2473 a
2267 2428 2384 2478 me

240 2524 465 2581 tuum
498 2533 613 2580 res
641 2508 876 2607 dignae
914 2510 1136 2582 literis
1172 2516 1472 2601 nostris,
1505 2509 1633 2582 sed
1670 2535 1822 2582 non
1855 2510 2383 2583 committendae

315 2825 369 2856 α.
426 2806 597 2856 Tribus
638 2808 884 2856 Tabernis.
920 2812 1080 2857 Locus
1115 2810 1170 2856 iu
1197 2809 1275 2856 via

242 2887 414 2952 Appia
445 2900 459 2934 ε
487 2901 669 2934 nomen
692 2887 766 2935 illi
795 2900 956 2936 manet
981 2888 1027 2935 Ie
1055 2890 1145 2935 Tre
1179 2890 1274 2935 Ta-

240 2967 409 3015 beme.
440 2968 537 3015 En.

314 3044 372 3096 3.
409 3046 500 3095 ΑΙ.
522 3063 548 3093 e
573 3045 697 3092 Mss
713 3078 728 3101 ‚
763 3045 993 3092 «ancoris
1018 3045 1220 3094 sublatis
1235 3069 1275 3092 ιι.

241 3126 451 3173 Monuit
481 3124 613 3171 enim
643 3124 955 3172 casaubonus
990 3123 1139 3171 latine
1170 3124 1277 3187 qui-

240 3204 354 3252 dem
378 3204 488 3252 dici
513 3219 653 3250 oram
670 3203 866 3263 solvere,
885 3218 988 3250 uon
1010 3202 1277 3249 anchoram

241 3285 449 3332 solvere.
483 3283 600 3330 Sca.

315 3371 370 3420 4.
399 3361 698 3410 Pella-tione
717 3360 953 3408 relevat-it.
974 3362 1100 3409 Nam
1118 3361 1280 3408 solent

215 3443 417 3492 ,literas
464 3444 520 3489 in
556 3441 730 3488 itinere
766 3440 918 3503 aliqui
953 3456 1196 3498 reserare,
1232 3449 1280 3486 et

240 3522 521 3587 inspicere,
537 3519 715 3583 quibus
733 3535 900 3582 graves
922 3519 1166 3578 videntur,
1187 3518 1281 3565 nisi

242 3618 324 3650 eas
347 3601 568 3649 leviores
590 3598 887 3646 reddiderint
902 3613 915 3647 z
931 3615 1081 3662 quum
1096 3597 1281 3661 legunt,

243 3691 350 3727 tum
383 3680 523 3727 enim
554 3677 781 3725 videntur
805 3695 906 3725 esse
930 3678 1152 3725 leviores.
1171 3679 1282 3724 Hoc

223 3770 350 3820 ent,
381 3758 527 3823 quod
564 3758 682 3804 dicit
709 3774 759 3805 se
786 3774 887 3805 non
911 3758 1128 3805 invenire
1139 3745 1277 3824 fide-

245 3839 342 3885 lem
371 3835 692 3885 tabellan‘um
708 3871 722 3895 ‚
748 3837 835 3900 qni
861 3848 988 3885 recte
1015 3853 1094 3884 eas
1119 3837 1278 3900 perfe-

246 3928 344 3966 rat.
369 3918 506 3964 ‘Nam
544 3917 727 3964 multos
764 3933 865 3964 esse
898 3917 984 3980 qni
1026 3917 1279 3980 epistolam

245 3997 427 4061 paullo
473 3996 741 4058 graviorem
780 3996 901 4044 ferre
937 4011 1035 4043 non
1074 3997 1277 4060 possint.

246 4078 479 4123 Μοιιτ.
1077 4121 1081 4125 ‚

325 4154 378 4200 5.
412 4153 562 4201 Coesis
580 4153 720 4216 apud
727 4151 1052 4201 Amaltheam.
1063 4156 1092 4204 J
1098 4167 1282 4211 ocatur,

1363 2807 1649 2872 metaphora
1690 2825 1717 2856 a
1757 2824 1810 2856 re
1854 2809 2053 2856 militari
2103 2808 2381 2871 desumpta.

1363 2885 1553 2951 fingens
1604 2887 1826 2935 Atticum
1870 2888 2000 2936 sacto
2039 2885 2279 2934 sacrificio
2331 2886 2383 2932 in

1363 2968 1597 3016 Achaiam
1615 2966 1677 3013 nd
1691 2965 1976 3029 exigendam
1992 2982 2021 3012 a
2037 2965 2280 3030 Sicyoniis
2296 2981 2380 3029 pe-

1364 3048 1557 3095 cuniam
1583 3045 1793 3094 debitam
1823 3045 2114 3109 profectum,
2140 3056 2381 3107 tamquam

1363 3126 1701 3190 imperatorem
1725 3124 1789 3171 ad
1806 3123 2108 3173 bellum.En.
2132 3149 2201 3185 ς-
2216 3123 2386 3171 Ama!-

1364 3205 1494 3265 ehea‚
1509 3223 1553 3254 s.
1569 3203 1898 3261 Amaltheam,
1912 3214 2014 3251 erat
2029 3202 2143 3250 villa
2162 3202 2317 3249 Attici
2334 3203 2385 3251 in

1364 3285 1541 3348 Epiro,
1584 3286 1709 3332 sorte
1734 3301 1760 3331 a
1790 3284 1933 3347 copia
1962 3299 2120 3330 rerum
2162 3283 2381 3329 omnium

1366 3363 1491 3411 dicta
1511 3399 1525 3421 ,
1546 3366 1683 3427 quasi
1709 3379 1850 3426 capra
1875 3361 2148 3409 Amalthea.
2165 3361 2357 3408 Portu.

1439 3445 1490 3490 6.
1516 3444 1604 3490 Ad
1616 3444 1879 3504 Sicyonem.
1910 3440 2165 3505 Sicyonios
2190 3440 2384 3489 debito-

1369 3536 1444 3567 res
1492 3532 1625 3579 tuos,
1659 3539 1736 3586 ep.
1780 3521 1841 3567 16
1880 3520 1932 3567 h.
1973 3521 2007 3569 l.
2046 3520 2294 3581 Sicyonem
2329 3523 2381 3569 in

1369 3600 1659 3648 Macedonia
1707 3601 1851 3664 ponit
1904 3599 2061 3646 Plaut.
2106 3602 2159 3646 in
2207 3601 2382 3649 Pseud.

1371 3680 1535 3727 Coun.

1444 3775 1491 3819 7.
1526 3756 1933 3821 Oppugnandum.
1956 3759 2025 3805 Ut
2048 3775 2272 3808 nummos
2296 3778 2382 3807 ex-

1366 3837 1562 3901 primas.
1593 3839 1677 3884 Est
1703 3834 1970 3903 μιταφορά.
2002 3840 2149 3886 Inna.

1417 3963 1420 3964 γ
1441 3918 1492 3965 8.
1519 3916 1605 3964 Ad
1624 3916 1890 3963 Antonium
1908 3917 2235 3984 proficiscare.
2260 3922 2382 3969 Cum

1369 3995 1520 4042 literis
1558 3995 1612 4042 in
1649 3995 1827 4058 quibus
1864 4006 1911 4044 te
1945 3998 2015 4044 illi
2053 3998 2342 4045 commendo
2368 4031 2383 4056 ,

1371 4075 1513 4138 epist.
1537 4075 1566 4121 5
1583 4109 1599 4134 ,
1623 4073 1711 4121 lib.
1727 4077 1796 4133 V,
1820 4076 1930 4123 Div.
1950 4076 2094 4124 Unde
2114 4076 2196 4123 ille
2213 4087 2382 4139 postea

1373 4158 1548 4219 gratias
1575 4156 1673 4220 egit
1691 4190 1706 4216 ,
1731 4156 1871 4219 epist.
1895 4159 1956 4205 13
1978 4155 2030 4204 h.
2052 4155 2084 4202 l.
2110 4157 2259 4202 Ῑυιιι.
