3023 4773
610 348 740 442 ¹94
1229 342 1322 407 M.
1376 340 1451 406 T.
1508 339 2093 408 clcssaole

596 481 1030 567 optatosque
1069 485 1221 533 esse
1245 515 1264 548 ‚
1295 461 1421 559 qui
1455 459 1547 531 de
1586 484 1702 533 me
1741 484 2070 531 rumores
2106 456 2538 548 afferuntur,
2578 489 2732 536 non

592 577 887 663 dubito,
919 575 1019 643 mi
1044 570 1452 644 dulcissime
1466 572 1674 659 Τίτος
1712 569 2245 669 praestaboque,
2267 585 2339 641 et
2362 574 2617 657 enitar,
2650 591 2735 645 ut

589 692 666 759 in
691 685 842 758 dies
877 682 1098 781 magis
1125 682 1497 779 magisque
1526 679 1679 751 haec
1703 704 2008 752 nascens
2035 679 2128 752 de
2167 705 2283 752 me
2317 679 2734 779 duplicetur

589 799 859 897 opinio.
918 795 1161 882 Quare
1198 790 1399 889 quod
1446 791 1809 889 polliceris
1855 806 1927 863 te
1969 790 2511 864 buccinatorem
2564 792 2730 867 sore

585 906 1131 982 existimationis
1167 927 1371 989 meae,
1408 900 1623 973 firmo
1659 901 1734 972 id
1773 903 2288 999 constantique
2332 903 2571 973 animo
2613 902 2727 974 sa-

582 1023 724 1093 cias
768 1019 957 1089 licet.
998 1019 1307 1085 Tantum
1350 1014 1544 1084 enim
1588 1010 1768 1082 mihi
1802 1011 2130 1084 dolorem
2175 1012 2726 1110 cruciatumque

580 1126 983 1200 attulerunt
1014 1137 1244 1194 errata
1277 1124 1500 1193 aetatis
1538 1146 1748 1209 meae,
1776 1136 1858 1192 ut
1894 1145 2046 1193 non
2082 1122 2318 1223 solum
2359 1123 2647 1195 animus
2682 1150 2727 1195 a

580 1239 818 1325 factis,
864 1233 993 1306 sed
1027 1257 1238 1305 aures
1274 1256 1574 1331 quoque
1626 1257 1666 1303 a
1711 1235 2403 1305 commemoratione
2451 1232 2728 1306 abhor-

580 1362 804 1423 reant.
856 1344 1083 1439 Cujus
1141 1356 1214 1415 te
1273 1342 1778 1415 sollicitudinis
1835 1357 1909 1415 et
1962 1341 2230 1416 doloris
2293 1345 2725 1443 participem

577 1458 794 1530 fuisse
816 1510 836 1543 ‚
863 1470 1120 1526 notum
1151 1452 1757 1551 exploratumque
1779 1468 1886 1524 est
1907 1452 2126 1524 mihi:
2157 1478 2295 1525 nec
2315 1452 2389 1524 id
2422 1456 2718 1526 mirum.

576 1573 760 1639 Nam
812 1590 1039 1664 quum
1083 1568 1329 1635 omnia
1368 1587 1530 1634 mea
1565 1586 1777 1635 causa
1805 1559 2076 1635 velles³
2114 1563 2291 1634 mihi
2342 1588 2667 1637 successa
2699 1594 2717 1636 ε

575 1693 731 1750 tum
771 1679 987 1750 etiam
1029 1690 1175 1746 tua.
1231 1674 1521 1745 Socium
1564 1676 1760 1744 enim
1800 1689 1872 1747 te
1908 1698 2240 1746 meorum
2278 1674 2717 1746 commodo-

572 1814 737 1861 rum
784 1810 1071 1884 semper
1107 1808 1261 1857 esse
1298 1783 1520 1854 volui.
1585 1783 1804 1873 Quod
1838 1787 2061 1882 igitur
2096 1800 2251 1857 tum
2292 1810 2380 1857 ex
2423 1810 2541 1857 me
2579 1786 2721 1858 do-

571 1900 803 1988 luisti,
857 1921 1056 1968 nunc
1079 1949 1098 1984 ‚
1163 1910 1242 1965 ut
1305 1892 1718 1992 duplicetur
1762 1907 1971 1966 tuum
2032 1920 2121 1966 ex
2175 1919 2289 1965 me
2334 1893 2721 1993 gaudium,

568 2006 946 2109 praestabo,
982 2007 1330 2102 Cratippo
1360 2027 1514 2092 me,
1547 2006 1755 2092 scit0‚
1784 2028 1936 2075 non
1962 2018 2048 2075 ut
2073 2004 2547 2103 discipulum,
2584 2007 2720 2078 sed

569 2135 651 2191 ut
686 2117 916 2189 filium
941 2171 959 2203 ‚
1012 2140 1166 2189 esse
1209 2114 1905 2208 conjunctissimum.
1950 2117 2133 2186 Nam
2171 2139 2404 2212 quum
2446 2114 2715 2188 audio4

565 2229 769 2299 illum
812 2225 1148 2312 libenter,
1191 2239 1347 2295 tum
1400 2226 1616 2295 etiam
1668 2224 2038 2322 propriam
2085 2224 2243 2318 ejus
2279 2228 2712 2299 suavitatem

567 2338 1031 2411 vehementer
1073 2335 1487 2433 amplector.
1533 2338 1711 2405 Sum
1757 2347 1952 2406 totos
1996 2331 2146 2406 dies
2191 2359 2359 2407 curn
2398 2358 2530 2425 e0‚
2568 2362 2712 2409 no·

567 2452 843 2547 ctisque
876 2469 1372 2545 saepenumero
1407 2458 1686 2543 partem
1718 2471 1734 2514 :
1766 2468 1993 2515 exoro
2032 2447 2261 2533 enim,
2295 2459 2376 2516 ut
2417 2471 2711 2518 mecum

563 2585 784 2658 quam
816 2557 1202 2655 saepissime
1231 2570 1493 2627 coenet.
1526 2559 1677 2630 Hac
1699 2552 2115 2626 introducta
2142 2557 2715 2645 consuetudine,

563 2694 747 2768 saepe
776 2664 1245 2739 inscientibus
1272 2665 1484 2738 nobis
1513 2680 1586 2737 et
1623 2664 2082 2737 coenantibus
2110 2665 2397 2765 obrepit
2415 2722 2435 2755 ‚
2468 2668 2712 2740 subla-

565 2798 783 2879 taque
824 2778 1199 2850 severitate
1234 2776 1739 2875 philosophiae,
1777 2776 2288 2850 humanissime
2322 2777 2705 2850 nobiscum

556 2892 862 2986 jocatur.
887 2892 1131 2979 Quare
1165 2887 1257 2959 da
1284 2912 1576 2986 operam
1596 2942 1616 2970 ,
1646 2901 1727 2957 ut
1761 2886 1958 2960 hunc
1978 2887 2192 2960 talem
2214 2943 2235 2978 ‚
2263 2903 2407 2985 tam
2435 2889 2708 2985 jucun-

560 3000 774 3088 dum,
814 3014 959 3070 tam
1005 2998 1479 3070 excellentem
1529 2999 1765 3068 virum
1804 2997 2045 3071 videas
2089 3023 2307 3097 quam
2354 3001 2700 3098 primum.

559 3115 739 3181 Nam
772 3107 951 3208 quid
981 3132 1116 3206 ego
1142 3107 1231 3179 de
1261 3109 1541 3179 Bruttio
1577 3107 2095 3208 dicam?quem
2132 3109 2338 3182 nullo
2370 3125 2709 3206 tempore

560 3245 598 3290 a
626 3243 740 3291 me
768 3220 1004 3317 patior
1031 3216 1426 3289 discedere:
1454 3218 1665 3313 cujus
1689 3245 1921 3316 quum
1948 3218 2135 3318 frugi
2168 3244 2559 3318 severaque
2590 3237 2708 3292 est

557 3330 722 3416 vita,
751 3341 907 3398 tum
929 3328 1141 3396 etiarn
1167 3325 1691 3421 jucundissima
1710 3331 2068 3401 convictio
2090 3328 2142 3400 ⁵.
2174 3335 2340 3405 Non
2370 3344 2478 3402 est
2502 3332 2706 3403 enim

619 3577 672 3629 3.
696 3580 852 3630 Vellet
875 3580 997 3630 muza·
1011 3597 1228 3631 successa
1241 3615 1256 3638 ,
1287 3594 1389 3631 tum
1412 3584 1578 3632 eciam.
1670 3585 1823 3635 iverat
1845 3587 2086 3636 Henricus
2104 3590 2378 3654 Stephanus
2404 3589 2458 3637 in
2476 3589 2706 3638 Pseudo-

555 3663 689 3709 Dms
729 3660 817 3708 has
857 3677 1004 3710 voces
1018 3697 1035 3722 ,
1078 3685 1102 3705 α
1118 3663 1240 3710 mihi
1284 3680 1504 3712 successa
1527 3687 1575 3722 ιο,
1667 3666 1922 3715 Cicerone.
1946 3668 2208 3732 Vulgatam
2255 3679 2416 3717 tamen
2458 3670 2707 3724 acerrime

552 3755 664 3803 qnae
690 3740 880 3787 fuerant
904 3742 1193 3803 interjecta,
1222 3742 1396 3791 delevi.
1424 3746 1577 3792 Erant
1665 3753 1830 3794 tuetur
1859 3747 2010 3812 Gasp.
2030 3747 2311 3813 Scioppius,
2339 3749 2704 3798 Veri-similium

552 3821 681 3865 enim
723 3833 1117 3882 supervacanea,
1148 3833 1198 3871 et
1243 3823 1572 3871 soloecismum
1663 3823 1750 3872 lib.
1777 3827 1849 3885 11,
1887 3842 1996 3892 cap.
2017 3828 2068 3876 3.
2105 3829 2260 3876 Omv.
2297 3855 2369 3867 -
2402 3827 2502 3875 Alii
2524 3828 2707 3891 legunt

551 3896 828 3961 gignebant.
851 3899 922 3945 Its
940 3900 1067 3946 enim
1095 3901 1253 3949 Latini
1277 3901 1572 3966 loquuntur,
1664 3923 1687 3945 ι
1701 3919 1920 3952 successe
1934 3927 1975 3953 ι.
2004 3908 2056 3956 J.
2071 3907 2131 3954 V.
2155 3908 2211 3956 L.

549 3977 726 4024 Omnia
749 3986 829 4022 tu·
855 3992 995 4025 cansa
1024 3978 1173 4029 volo:
1203 3997 1360 4044 neque
1384 3980 1576 4029 addunt
1738 3991 1785 4039 4.
1812 3984 1942 4043 Alii,
1979 4002 2164 4050 «quum
2190 3997 2239 4034 et
2263 3984 2465 4033 audio·-
2483 3987 2616 4036 J.V.
2640 3989 2698 4038 L

552 4054 683 4117 haec,
709 4077 734 4100 ι
748 4054 868 4103 mihi
893 4072 1108 4106 successa
1118 4080 1157 4106 ιι.
1177 4061 1335 4110 Lnn.
1359 4089 1428 4101 —-
1447 4061 1576 4109 1²1ae-
1738 4064 1785 4111 5.
1813 4062 2070 4115 convictio.
2096 4066 2299 4129 Elegnns
2320 4066 2425 4113 haec
2443 4065 2593 4112 lectio
2613 4066 2699 4113 de-
