3023 4773
615 386 755 460 682
1270 390 1368 457 M.
1412 391 1486 458 T.
1541 389 2092 458 CICERONIS

610 510 790 581 nihil
856 513 1112 581 Caesari
1176 511 1423 605 negari
1444 564 1462 595 ,
1534 512 1923 607 omniaque
1989 523 2060 580 et
2124 510 2490 582 cumulate
2511 565 2531 596 ,
2584 537 2760 608 quae

610 620 928 718 postulet
951 673 970 706 ,
1015 617 1204 706 dari3
1263 644 1424 717 quae
1478 619 1598 691 ille
1621 675 1643 709 ,
1701 619 2229 691 amentissimus
2293 618 2545 706 fuerit,
2608 624 2760 693 nisi

609 731 1012 828 acceperit,
1055 734 1448 828 praesertim
1492 755 1721 827 quum
1767 729 2388 827 impudentissime
2431 732 2765 829 postula-

608 843 812 911 verit.
866 843 1045 931 Quis
1092 842 1287 912 enim
1333 854 1413 911 tu
1455 865 1565 928 eS,
1613 842 1742 937 qui
1787 839 2020 927 dicaS,
2057 843 2114 912 si
2152 843 2228 911 in
2257 845 2288 892 ⁴
2330 844 2756 940 Hispaniam

610 950 979 1049 profectus
1020 952 1191 1040 erit,
1240 954 1296 1022 si
1350 950 1678 1048 praesidia
1727 949 2118 1022 dimiserit?
2171 956 2444 1022 Tamen
2489 978 2759 1024 conce·

610 1059 886 1149 ditur⁵;
930 1063 1172 1133 minus
1211 1062 1518 1133 honeste
1560 1087 1757 1132 nunc
1805 1061 2134 1158 quidem,
2178 1063 2438 1133 violata
2475 1063 2621 1158 jam
2659 1061 2756 1134 ab

615 1174 735 1244 illo
778 1172 1181 1270 republica,
1233 1173 1580 1270 illatoque
1629 1169 1862 1260 bello,
1912 1196 2132 1269 quam
2176 1175 2235 1242 si
2282 1171 2456 1242 olim
2500 1171 2590 1243 de
2628 1197 2752 1242 ra-

613 1279 854 1352 tione⁶
901 1280 1232 1353 habenda
1276 1283 1731 1379 impetrasset
1763 1307 1779 1350 ε
1829 1295 1901 1351 et
1934 1295 2181 1352 tamen
2218 1305 2493 1366 vereor,
2528 1296 2610 1351 ut
2638 1281 2752 1353 his

616 1393 786 1490 ipsis
823 1404 1213 1482 contentus
1257 1395 1369 1462 sit.
1411 1395 1591 1462 Nam
1621 1415 1851 1488 quum
1898 1391 2028 1461 ista
2065 1389 2400 1461 mandata
2436 1390 2757 1464 dedisset

612 1506 688 1572 L.
724 1504 981 1571 Caesari
1005 1555 1023 1589 ,
1071 1500 1324 1573 debuit
1362 1527 1518 1573 esse
1555 1502 1795 1600 paullo
1824 1502 2164 1597 quietior,
2195 1500 2371 1573 dum
2402 1527 2754 1600 responsa

612 1609 1077 1684 referrentur.
1124 1613 1409 1684 Dicitur
1445 1628 1687 1684 autem
1722 1636 1919 1682 nunc
1955 1635 2111 1682 esse
2138 1617 2546 1683 acerrimuS.
2575 1617 2750 1683 Tre-

612 1721 851 1793 batius
888 1721 1186 1819 quidem
1224 1722 1509 1807 scribit,
1536 1748 1610 1794 se
1638 1720 1729 1793 ab
1759 1722 1888 1791 illo
1921 1747 1997 1792 1x
2031 1721 2167 1791 kal.
2206 1720 2388 1793 febr.
2417 1737 2750 1820 rogatum

614 1857 768 1904 esse
788 1887 807 1920 ,
844 1847 925 1903 ut
954 1833 1300 1905 scriberet
1326 1833 1413 1904 ad
1450 1857 1565 1904 me
1583 1887 1603 1920 ,
1643 1847 1726 1903 ut
1762 1857 1992 1904 essem
2021 1832 2111 1903 ad
2137 1832 2442 1922 Urbem;
2473 1834 2660 1904 nihil
2686 1838 2750 1905 ei

613 1968 730 2015 me
760 1945 1030 2040 gratius
1058 1942 1287 2016 facere
1322 1969 1555 2042 posse.
1587 1948 1753 2018 Haec
1777 1943 2014 2015 verbis
2042 1944 2393 2041 plurimis.
2417 1943 2752 2017 Intellexi

612 2079 701 2125 ex
730 2052 1009 2125 dierum
1036 2058 1348 2143 ratione,
1379 2068 1460 2123 ut
1487 2058 1806 2151 primum
1843 2053 1931 2125 de
1960 2053 2283 2126 discessu
2310 2070 2562 2126 nostro
2600 2061 2752 2127 Cae-

617 2188 731 2235 sar
758 2161 1071 2234 audisset
1090 2218 1110 2251 ,
1136 2162 1463 2235 laborare
1491 2189 1659 2234 eum
1692 2168 1995 2262 coepisse
2015 2218 2033 2249 ,
2063 2189 2154 2236 ne
2183 2188 2439 2235 omnes
2464 2163 2752 2235 abesse-

612 2297 795 2343 mus.
823 2277 1079 2370 Itaque
1113 2299 1264 2343 non
1316 2272 1609 2362 dubito,
1662 2274 1840 2371 quin
1886 2272 1975 2344 ad
2019 2274 2391 2359 Pisonem,
2430 2279 2612 2371 quin
2665 2272 2751 2343 ad

611 2385 934 2456 Servium
976 2386 1360 2484 scripserit.
1409 2382 1603 2455 Illud
1646 2382 1983 2471 admiror,
2030 2409 2181 2453 non
2221 2384 2459 2481 ipsum
2502 2383 2592 2454 ad
2638 2408 2749 2454 me

613 2496 976 2592 scripsisse
999 2549 1019 2583 ,
1084 2521 1235 2567 non
1301 2520 1434 2593 per
1493 2493 1937 2566 Dolabellam
1963 2548 1981 2582 ,
2043 2520 2193 2564 non
2258 2519 2391 2593 per
2442 2494 2749 2565 Coelium

614 2609 839 2704 egisse
884 2635 899 2677 :
954 2632 1399 2704 quamquam
1452 2632 1606 2676 non
1656 2630 2005 2703 aspernor
2042 2603 2360 2675 Trebatii
2404 2605 2676 2691 literaS,
2709 2630 2750 2675 a

614 2742 764 2814 quo
792 2741 910 2787 me
937 2717 1148 2786 unice
1175 2715 1373 2813 diligi
1402 2717 1570 2787 scio.
1601 2716 1959 2812 'Rescripsi
1989 2716 2077 2786 ad
2099 2713 2516 2786 Trebatium
2540 2715 2748 2809 (nam

615 2825 707 2897 ad
743 2830 981 2924 ipsum
1024 2831 1412 2914 Caesarem,
1448 2830 1576 2923 qui
1603 2826 1781 2898 mihi
1814 2827 1993 2896 nibil
2023 2827 2450 2924 scripsisset,
2486 2827 2751 2922 nolui),

614 2962 832 3035 quam
876 2935 1054 3007 illud
1099 2937 1244 3009 hoc
1288 2952 1618 3037 tempore
1651 2951 1835 3008 esset
1872 2936 2202 3023 difficile3
2249 2960 2365 3006 me
2405 2952 2649 3008 tamen
2677 2939 2750 3006 in

613 3049 896 3147 praediis
932 3053 1112 3122 meis
1147 3076 1298 3123 esse
1322 3106 1343 3141 ,
1381 3075 1619 3148 neque
1651 3049 2012 3120 delectum
2043 3050 2274 3122 ullum
2298 3105 2317 3137 ‚
2361 3076 2604 3149 neque
2633 3075 2750 3121 ne-

616 3161 893 3259 gotium
932 3165 1350 3259 suscepisse.
1389 3164 1475 3230 In
1502 3185 1653 3259 quo
1683 3158 1978 3256 quidem
2010 3159 2325 3231 manebo
2344 3214 2362 3245 ,
2390 3159 2568 3229 dum
2593 3184 2747 3257 spes

614 3273 811 3369 pacis
846 3274 1018 3357 erit;
1058 3272 1167 3340 sin
1202 3270 1475 3341 bellum
1515 3285 1828 3368 geretur,
1858 3296 2010 3340 non
2049 3271 2268 3342 deero
2311 3268 2586 3356 officio,
2620 3293 2748 3340 nec

614 3376 943 3474 dignitati
978 3401 1151 3448 meae
1174 3430 1192 3461 ,
1225 3400 1488 3474 pueros
1516 3379 1910 3471 ὑπεκθέμενος
1934 3389 1959 3432 ⁷
2003 3379 2078 3446 in
2107 3378 2452 3447 Graeciam
2477 3402 2492 3443 :
2522 3388 2744 3444 totam

614 3491 808 3558 enim
837 3488 1112 3560 Italiam
1143 3488 1604 3589 flagraturam
1632 3487 1825 3560 bello
1856 3487 2204 3586 intelligo.
2240 3492 2547 3557 Tantum
2585 3484 2747 3554 mali

615 3600 1004 3669 excitatum
1030 3601 1290 3696 partim
1321 3623 1410 3669 ex
1442 3597 1797 3696 improbis
1819 3652 1838 3683 ,
1873 3601 2136 3696 partim
2171 3622 2260 3668 ex
2295 3596 2551 3666 invidis
2581 3594 2746 3664 civi-

613 3707 777 3780 bus.
807 3707 950 3780 Sed
972 3708 1128 3779 haec
1149 3710 1393 3806 paucis
1413 3707 1670 3781 diebus
1697 3734 1788 3780 ex
1809 3709 2000 3779 illius
2027 3707 2115 3778 ad
2139 3721 2388 3777 nostra
2411 3726 2750 3802 responsa

689 3910 736 3958 4.
751 3901 806 3947 δι’
817 3901 867 3948 in
887 3899 1191 3965 Hispaniam.
1207 3905 1297 3950 11oe
1314 3902 1507 3950 suerunt
1522 3917 1640 3949 eon-
1728 3903 2015 3957 Gruterum,
2050 3915 2153 3946 non
2188 3897 2489 3946 conceditur.
2537 3900 2589 3946 J.
2604 3900 2666 3943 V.
2700 3898 2752 3943 1.

620 3982 829 4030 ditiones
855 3996 882 4025 a
904 3983 1090 4030 Cae-are
1111 3981 1241 4031 latoe.
1261 3981 1343 4031 Ad
1363 3982 1478 4031 Div.
1494 3983 1636 4047 epist.
1801 3981 1849 4029 6.
1866 3979 2088 4028 Ratione.
2109 3978 2333 4026 Absentis
2348 4013 2363 4036 ,
2379 3993 2530 4041 quum
2550 3985 2752 4040 peteret.

626 4079 645 4110 t
662 4080 682 4111 ι
700 4098 715 4125 ,
736 4060 819 4109 lib.
848 4060 987 4106 XVI.
1020 4062 1167 4108 Mn«.
1806 4077 1853 4121 ⁷·
1883 4047 2212 4126 Ῠπεκθέμενος.
2244 4060 2408 4121 Quum
2435 4055 2754 4118 subduxero,

692 4144 743 4191 5.
772 4138 905 4190 Male
921 4139 1172 4187 Emestim
1192 4173 1206 4201 ,
1231 4150 1345 4205 post
1368 4143 1565 4189 Bosium
1595 4151 1643 4189 et
1732 4150 1781 4188 et
1808 4140 1929 4188 clam
1957 4136 2357 4203 transportandae
2382 4151 2636 4185 curavero.
