<?xml version="1.0" encoding="UTF-8"?>
<!DOCTYPE html PUBLIC "-//W3C//DTD XHTML 1.0 Transitional//EN"
    "http://www.w3.org/TR/xhtml1/DTD/xhtml1-transitional.dtd">
<html xmlns="http://www.w3.org/1999/xhtml" xml:lang="en" lang="en">
 <head>
  <title>
</title>
<meta http-equiv="Content-Type" content="text/html;charset=utf-8" />
  <meta name='ocr-system' content='tesseract 3.04.00' />
  <meta name='ocr-capabilities' content='ocr_page ocr_carea ocr_par ocr_line ocrx_word'/>
</head>
<body>
  <div class='ocr_page' id='page_1' title='image "./mtciceronisquae01bouigoog_0428.png"; bbox 0 0 3023 4773; ppageno 0'>
   <div class='ocr_carea' id='block_1_1' title="bbox 640 411 2108 502">
    <p class='ocr_par' dir='ltr' id='par_1_1' title="bbox 640 411 2108 502">
     <span class='ocr_line' id='line_1_1' title="bbox 640 411 2108 502; baseline -0.002 -15"><span class='ocrx_word' id='word_1_1' title='bbox 640 419 781 502; x_wconf 71' lang='lat'>418</span> <span class='ocrx_word' id='word_1_2' title='bbox 1285 417 1378 484; x_wconf 87' lang='grc' dir='ltr'>Μ.</span> <span class='ocrx_word' id='word_1_3' title='bbox 1429 417 1503 482; x_wconf 91' lang='grc' dir='ltr'>Τ.</span> <span class='ocrx_word' id='word_1_4' title='bbox 1561 411 2108 485; x_wconf 85' lang='lat' dir='ltr'>CICERONIS</span> 
     </span>
    </p>
   </div>
   <div class='ocr_carea' id='block_1_2' title="bbox 615 530 2755 2504">
    <p class='ocr_par' dir='ltr' id='par_1_2' title="bbox 615 530 2755 2504">
     <span class='ocr_line' id='line_1_2' title="bbox 640 530 2755 633; baseline -0.001 -21"><span class='ocrx_word' id='word_1_5' title='bbox 640 541 959 612; x_wconf 87' lang='lat' dir='ltr'>Vettium</span> <span class='ocrx_word' id='word_1_6' title='bbox 1017 541 1091 607; x_wconf 90' lang='lat' dir='ltr'>in</span> <span class='ocrx_word' id='word_1_7' title='bbox 1130 542 1386 608; x_wconf 85' lang='lat' dir='ltr'>Rostra</span> <span class='ocrx_word' id='word_1_8' title='bbox 1443 533 1920 633; x_wconf 82' lang='lat' dir='ltr'>produxit¹⁵;</span> <span class='ocrx_word' id='word_1_9' title='bbox 1975 560 2288 632; x_wconf 88' lang='lat' dir='ltr'>eumque</span> <span class='ocrx_word' id='word_1_10' title='bbox 2337 539 2413 606; x_wconf 89' lang='lat' dir='ltr'>in</span> <span class='ocrx_word' id='word_1_11' title='bbox 2466 560 2555 608; x_wconf 88' lang='lat' dir='ltr'>eo</span> <span class='ocrx_word' id='word_1_12' title='bbox 2594 530 2755 610; x_wconf 89' lang='lat' dir='ltr'>loco</span> 
     </span>
     <span class='ocr_line' id='line_1_3' title="bbox 636 644 2751 744; baseline -0.001 -23"><span class='ocrx_word' id='word_1_13' title='bbox 636 649 1034 735; x_wconf 88' lang='lat' dir='ltr'>constituit,</span> <span class='ocrx_word' id='word_1_14' title='bbox 1071 672 1221 744; x_wconf 88' lang='lat' dir='ltr'>quo</span> <span class='ocrx_word' id='word_1_15' title='bbox 1260 644 1517 715; x_wconf 86' lang='lat' dir='ltr'>Bibulo</span> <span class='ocrx_word' id='word_1_16' title='bbox 1554 646 1827 716; x_wconf 92' lang='lat' dir='ltr'>consuli</span> <span class='ocrx_word' id='word_1_17' title='bbox 1861 648 2172 743; x_wconf 88' lang='lat' dir='ltr'>aspirare</span> <span class='ocrx_word' id='word_1_18' title='bbox 2211 644 2439 716; x_wconf 79' lang='lat' dir='ltr'>non¹⁶</span> <span class='ocrx_word' id='word_1_19' title='bbox 2482 647 2751 733; x_wconf 59' lang='lat' dir='ltr'>liftceret.</span> 
     </span>
     <span class='ocr_line' id='line_1_4' title="bbox 636 754 2752 852; baseline 0.001 -24"><span class='ocrx_word' id='word_1_20' title='bbox 636 761 766 829; x_wconf 87' lang='lat' dir='ltr'>Hic</span> <span class='ocrx_word' id='word_1_21' title='bbox 813 756 933 827; x_wconf 90' lang='lat' dir='ltr'>ille</span> <span class='ocrx_word' id='word_1_22' title='bbox 973 757 1250 839; x_wconf 88' lang='lat' dir='ltr'>omnia,</span> <span class='ocrx_word' id='word_1_23' title='bbox 1306 779 1465 850; x_wconf 84' lang='lat' dir='ltr'>quae</span> <span class='ocrx_word' id='word_1_24' title='bbox 1516 754 1777 844; x_wconf 91' lang='lat' dir='ltr'>voluit,</span> <span class='ocrx_word' id='word_1_25' title='bbox 1829 754 1920 825; x_wconf 90' lang='lat' dir='ltr'>de</span> <span class='ocrx_word' id='word_1_26' title='bbox 1970 754 2339 852; x_wconf 81' lang='lat' dir='ltr'>republica</span> <span class='ocrx_word' id='word_1_27' title='bbox 2386 755 2599 843; x_wconf 60' lang='lat' dir='ltr'>dixin</span> <span class='ocrx_word' id='word_1_28' title='bbox 2644 774 2752 846; x_wconf 89' lang='lat' dir='ltr'>et,</span> 
     </span>
     <span class='ocr_line' id='line_1_5' title="bbox 636 862 2748 964; baseline -0.001 -29"><span class='ocrx_word' id='word_1_29' title='bbox 636 870 763 963; x_wconf 84' lang='lat' dir='ltr'>qui</span> <span class='ocrx_word' id='word_1_30' title='bbox 807 865 976 935; x_wconf 87' lang='lat' dir='ltr'>illuc</span> <span class='ocrx_word' id='word_1_31' title='bbox 1004 862 1231 934; x_wconf 86' lang='lat' dir='ltr'>factus</span> <span class='ocrx_word' id='word_1_32' title='bbox 1250 875 1311 918; x_wconf 80' lang='lat'>¹⁷</span> <span class='ocrx_word' id='word_1_33' title='bbox 1341 865 1860 960; x_wconf 83' lang='lat' dir='ltr'><strong>institutusque</strong></span> <span class='ocrx_word' id='word_1_34' title='bbox 1886 867 2224 952; x_wconf 86' lang='lat' dir='ltr'>venisset,</span> <span class='ocrx_word' id='word_1_35' title='bbox 2257 869 2569 964; x_wconf 84' lang='lat' dir='ltr'>primum</span> <span class='ocrx_word' id='word_1_36' title='bbox 2596 873 2748 938; x_wconf 72' lang='lat' dir='ltr'>Cae.</span> 
     </span>
     <span class='ocr_line' id='line_1_6' title="bbox 632 975 2752 1075; baseline 0.001 -28"><span class='ocrx_word' id='word_1_37' title='bbox 632 982 925 1075; x_wconf 89' lang='lat' dir='ltr'>pionem</span> <span class='ocrx_word' id='word_1_38' title='bbox 957 977 1047 1047; x_wconf 86' lang='lat' dir='ltr'>de</span> <span class='ocrx_word' id='word_1_39' title='bbox 1074 977 1397 1046; x_wconf 89' lang='lat' dir='ltr'>oratione</span> <span class='ocrx_word' id='word_1_40' title='bbox 1425 997 1553 1044; x_wconf 89' lang='lat' dir='ltr'>sua</span> <span class='ocrx_word' id='word_1_41' title='bbox 1583 975 1904 1062; x_wconf 80' lang='lat' dir='ltr'><strong>sustulit,</strong></span> <span class='ocrx_word' id='word_1_42' title='bbox 1933 1001 2151 1072; x_wconf 86' lang='lat' dir='ltr'>quem</span> <span class='ocrx_word' id='word_1_43' title='bbox 2181 980 2255 1046; x_wconf 89' lang='lat' dir='ltr'>in</span> <span class='ocrx_word' id='word_1_44' title='bbox 2286 993 2535 1049; x_wconf 88' lang='lat' dir='ltr'>senatu</span> <span class='ocrx_word' id='word_1_45' title='bbox 2558 1004 2752 1050; x_wconf 86' lang='lat' dir='ltr'>acer·</span> 
     </span>
     <span class='ocr_line' id='line_1_7' title="bbox 630 1087 2747 1181; baseline 0.001 -25"><span class='ocrx_word' id='word_1_46' title='bbox 630 1089 808 1157; x_wconf 85' lang='lat' dir='ltr'>rime</span> <span class='ocrx_word' id='word_1_47' title='bbox 843 1087 1281 1164; x_wconf 88' lang='lat' dir='ltr'>nominarat,</span> <span class='ocrx_word' id='word_1_48' title='bbox 1311 1098 1394 1153; x_wconf 91' lang='lat' dir='ltr'>ut</span> <span class='ocrx_word' id='word_1_49' title='bbox 1430 1100 1842 1181; x_wconf 81' lang='lat' dir='ltr'>appareret,</span> <span class='ocrx_word' id='word_1_50' title='bbox 1885 1100 2171 1156; x_wconf 87' lang='lat' dir='ltr'>noctem</span> <span class='ocrx_word' id='word_1_51' title='bbox 2211 1102 2284 1158; x_wconf 91' lang='lat' dir='ltr'>et</span> <span class='ocrx_word' id='word_1_52' title='bbox 2316 1104 2747 1159; x_wconf 86' lang='lat' dir='ltr'>nocturnam</span> 
     </span>
     <span class='ocr_line' id='line_1_8' title="bbox 628 1181 2743 1294; baseline 0.002 -28"><span class='ocrx_word' id='word_1_53' title='bbox 628 1197 1206 1294; x_wconf 76' lang='lat' dir='ltr'>deprecationem</span> <span class='ocrx_word' id='word_1_54' title='bbox 1227 1192 1285 1236; x_wconf 78' lang='lat'>¹⁸</span> <span class='ocrx_word' id='word_1_55' title='bbox 1316 1197 1832 1281; x_wconf 82' lang='lat' dir='ltr'>intercessisse3</span> <span class='ocrx_word' id='word_1_56' title='bbox 1860 1194 2152 1279; x_wconf 86' lang='lat' dir='ltr'>deinde,</span> <span class='ocrx_word' id='word_1_57' title='bbox 2181 1222 2366 1292; x_wconf 89' lang='lat' dir='ltr'>quos</span> <span class='ocrx_word' id='word_1_58' title='bbox 2390 1181 2463 1268; x_wconf 85' lang='lat' dir='ltr'>in</span> <span class='ocrx_word' id='word_1_59' title='bbox 2491 1214 2743 1270; x_wconf 86' lang='lat' dir='ltr'>senatu</span> 
     </span>
     <span class='ocr_line' id='line_1_9' title="bbox 628 1303 2745 1400; baseline -0.001 -21"><span class='ocrx_word' id='word_1_60' title='bbox 628 1333 718 1380; x_wconf 85' lang='lat' dir='ltr'>ne</span> <span class='ocrx_word' id='word_1_61' title='bbox 757 1304 1171 1375; x_wconf 84' lang='lat' dir='ltr'>tenuissima</span> <span class='ocrx_word' id='word_1_62' title='bbox 1209 1303 1505 1399; x_wconf 87' lang='lat' dir='ltr'>quidem</span> <span class='ocrx_word' id='word_1_63' title='bbox 1543 1304 1950 1400; x_wconf 85' lang='lat' dir='ltr'><strong>suspicione</strong></span> <span class='ocrx_word' id='word_1_64' title='bbox 1978 1304 2338 1400; x_wconf 79' lang='lat' dir='ltr'>attigerat,</span> <span class='ocrx_word' id='word_1_65' title='bbox 2363 1330 2488 1377; x_wconf 87' lang='lat' dir='ltr'>eos</span> <span class='ocrx_word' id='word_1_66' title='bbox 2520 1311 2745 1377; x_wconf 54' lang='lat' dir='ltr'>nornis</span> 
     </span>
     <span class='ocr_line' id='line_1_10' title="bbox 627 1414 2743 1508; baseline 0 -21"><span class='ocrx_word' id='word_1_67' title='bbox 627 1418 823 1487; x_wconf 87' lang='lat' dir='ltr'>navit</span> <span class='ocrx_word' id='word_1_68' title='bbox 860 1441 876 1482; x_wconf 71' lang='grc' dir='ltr'><strong><em>ε</em></strong></span> <span class='ocrx_word' id='word_1_69' title='bbox 916 1414 1405 1500; x_wconf 83' lang='lat' dir='ltr'>Lucullum19,</span> <span class='ocrx_word' id='word_1_70' title='bbox 1465 1439 1504 1483; x_wconf 89' lang='lat' dir='ltr'>a</span> <span class='ocrx_word' id='word_1_71' title='bbox 1547 1437 1698 1508; x_wconf 89' lang='lat' dir='ltr'>quo</span> <span class='ocrx_word' id='word_1_72' title='bbox 1743 1414 2034 1484; x_wconf 87' lang='lat' dir='ltr'>solitum</span> <span class='ocrx_word' id='word_1_73' title='bbox 2099 1439 2251 1485; x_wconf 85' lang='lat' dir='ltr'>esse</span> <span class='ocrx_word' id='word_1_74' title='bbox 2306 1416 2394 1486; x_wconf 88' lang='lat' dir='ltr'>ad</span> <span class='ocrx_word' id='word_1_75' title='bbox 2444 1437 2519 1488; x_wconf 87' lang='lat' dir='ltr'>se</span> <span class='ocrx_word' id='word_1_76' title='bbox 2560 1421 2743 1489; x_wconf 85' lang='lat' dir='ltr'>mitti</span> 
     </span>
     <span class='ocr_line' id='line_1_11' title="bbox 624 1523 2742 1626; baseline 0.001 -30"><span class='ocrx_word' id='word_1_77' title='bbox 624 1532 701 1596; x_wconf 92' lang='lat' dir='ltr'>C.</span> <span class='ocrx_word' id='word_1_78' title='bbox 744 1526 1091 1596; x_wconf 85' lang='lat' dir='ltr'>Fannium</span> <span class='ocrx_word' id='word_1_79' title='bbox 1128 1524 1367 1606; x_wconf 90' lang='lat' dir='ltr'>illum,</span> <span class='ocrx_word' id='word_1_80' title='bbox 1427 1525 1556 1619; x_wconf 86' lang='lat' dir='ltr'>qui</span> <span class='ocrx_word' id='word_1_81' title='bbox 1599 1524 1675 1591; x_wconf 89' lang='lat' dir='ltr'>in</span> <span class='ocrx_word' id='word_1_82' title='bbox 1730 1528 1802 1593; x_wconf 90' lang='lat' dir='ltr'>P.</span> <span class='ocrx_word' id='word_1_83' title='bbox 1850 1523 2180 1594; x_wconf 87' lang='lat' dir='ltr'>Clodium</span> <span class='ocrx_word' id='word_1_84' title='bbox 2200 1534 2268 1568; x_wconf 82' lang='lat'>²⁰</span> <span class='ocrx_word' id='word_1_85' title='bbox 2304 1526 2742 1626; x_wconf 87' lang='lat' dir='ltr'>subscripse-</span> 
     </span>
     <span class='ocr_line' id='line_1_12' title="bbox 621 1632 2740 1727; baseline 0 -20"><span class='ocrx_word' id='word_1_86' title='bbox 621 1650 766 1720; x_wconf 81' lang='lat' dir='ltr'>rat;</span> <span class='ocrx_word' id='word_1_87' title='bbox 806 1642 882 1707; x_wconf 88' lang='lat' dir='ltr'>L.</span> <span class='ocrx_word' id='word_1_88' title='bbox 915 1633 1417 1715; x_wconf 72' lang='lat' dir='ltr'>Domitium-²¹,</span> <span class='ocrx_word' id='word_1_89' title='bbox 1447 1632 1652 1727; x_wconf 88' lang='lat' dir='ltr'>cujus</span> <span class='ocrx_word' id='word_1_90' title='bbox 1676 1633 1975 1705; x_wconf 88' lang='lat' dir='ltr'>domum</span> <span class='ocrx_word' id='word_1_91' title='bbox 2003 1637 2466 1705; x_wconf 84' lang='lat' dir='ltr'>constitutam</span> <span class='ocrx_word' id='word_1_92' title='bbox 2495 1635 2740 1724; x_wconf 87' lang='lat' dir='ltr'>fuisse,</span> 
     </span>
     <span class='ocr_line' id='line_1_13' title="bbox 622 1743 2742 1842; baseline 0 -24"><span class='ocrx_word' id='word_1_93' title='bbox 622 1746 816 1818; x_wconf 81' lang='lat' dir='ltr'>unde</span> <span class='ocrx_word' id='word_1_94' title='bbox 872 1747 1160 1842; x_wconf 89' lang='lat' dir='ltr'>eruptio</span> <span class='ocrx_word' id='word_1_95' title='bbox 1204 1743 1457 1826; x_wconf 87' lang='lat' dir='ltr'>fieret;</span> <span class='ocrx_word' id='word_1_96' title='bbox 1511 1768 1626 1815; x_wconf 89' lang='lat' dir='ltr'>me</span> <span class='ocrx_word' id='word_1_97' title='bbox 1684 1768 1833 1814; x_wconf 91' lang='lat' dir='ltr'>non</span> <span class='ocrx_word' id='word_1_98' title='bbox 1886 1746 2319 1831; x_wconf 79' lang='lat' dir='ltr'>nominavit3</span> <span class='ocrx_word' id='word_1_99' title='bbox 2361 1746 2490 1816; x_wconf 90' lang='lat' dir='ltr'>sed</span> <span class='ocrx_word' id='word_1_100' title='bbox 2528 1746 2742 1834; x_wconf 82' lang='lat' dir='ltr'>dixit,</span> 
     </span>
     <span class='ocr_line' id='line_1_14' title="bbox 619 1853 2742 1940; baseline 0 -12"><span class='ocrx_word' id='word_1_101' title='bbox 619 1858 1071 1930; x_wconf 81' lang='lat' dir='ltr'>consularem</span> <span class='ocrx_word' id='word_1_102' title='bbox 1101 1855 1478 1939; x_wconf 88' lang='lat' dir='ltr'>disertum,</span> <span class='ocrx_word' id='word_1_103' title='bbox 1513 1855 1824 1924; x_wconf 86' lang='lat' dir='ltr'>vicinum</span> <span class='ocrx_word' id='word_1_104' title='bbox 1860 1854 2280 1940; x_wconf 71' lang='lat' dir='ltr'>consulis22,</span> <span class='ocrx_word' id='word_1_105' title='bbox 2301 1853 2439 1925; x_wconf 90' lang='lat' dir='ltr'>sibi</span> <span class='ocrx_word' id='word_1_106' title='bbox 2462 1853 2742 1939; x_wconf 85' lang='lat' dir='ltr'>dixisse,</span> 
     </span>
     <span class='ocr_line' id='line_1_15' title="bbox 615 1959 2741 2062; baseline -0.001 -24"><span class='ocrx_word' id='word_1_107' title='bbox 615 1967 909 2038; x_wconf 81' lang='lat' dir='ltr'>Ahalam</span> <span class='ocrx_word' id='word_1_108' title='bbox 943 1963 1318 2035; x_wconf 89' lang='lat' dir='ltr'>Servilium</span> <span class='ocrx_word' id='word_1_109' title='bbox 1339 1959 1402 2005; x_wconf 77' lang='lat'>²³</span> <span class='ocrx_word' id='word_1_110' title='bbox 1433 1962 1745 2060; x_wconf 89' lang='lat' dir='ltr'>aliquem</span> <span class='ocrx_word' id='word_1_111' title='bbox 1769 2015 1788 2048; x_wconf 96' lang='lat'>,</span> <span class='ocrx_word' id='word_1_112' title='bbox 1820 1977 1944 2033; x_wconf 85' lang='lat' dir='ltr'>aut</span> <span class='ocrx_word' id='word_1_113' title='bbox 1973 1969 2274 2034; x_wconf 88' lang='lat' dir='ltr'>Brutum</span> <span class='ocrx_word' id='word_1_114' title='bbox 2293 1969 2356 2016; x_wconf 76' lang='lat'>²4</span> <span class='ocrx_word' id='word_1_115' title='bbox 2386 1988 2571 2062; x_wconf 87' lang='lat' dir='ltr'>opus</span> <span class='ocrx_word' id='word_1_116' title='bbox 2589 1991 2741 2038; x_wconf 90' lang='lat' dir='ltr'>esse</span> 
     </span>
     <span class='ocr_line' id='line_1_16' title="bbox 617 2070 2738 2175; baseline 0.001 -29"><span class='ocrx_word' id='word_1_117' title='bbox 617 2078 936 2175; x_wconf 86' lang='lat' dir='ltr'>reperiri.</span> <span class='ocrx_word' id='word_1_118' title='bbox 986 2072 1285 2144; x_wconf 81' lang='lat' dir='ltr'>Addidit</span> <span class='ocrx_word' id='word_1_119' title='bbox 1324 2070 1414 2142; x_wconf 91' lang='lat' dir='ltr'>ad</span> <span class='ocrx_word' id='word_1_120' title='bbox 1450 2088 1896 2159; x_wconf 80' lang='lat' dir='ltr'>extremum,</span> <span class='ocrx_word' id='word_1_121' title='bbox 1947 2097 2212 2170; x_wconf 88' lang='lat' dir='ltr'>quum,</span> <span class='ocrx_word' id='word_1_122' title='bbox 2255 2077 2401 2170; x_wconf 85' lang='lat' dir='ltr'>jam</span> <span class='ocrx_word' id='word_1_123' title='bbox 2456 2077 2738 2148; x_wconf 89' lang='lat' dir='ltr'>dimissa</span> 
     </span>
     <span class='ocr_line' id='line_1_17' title="bbox 616 2180 2736 2270; baseline 0.001 -15"><span class='ocrx_word' id='word_1_124' title='bbox 616 2189 1001 2267; x_wconf 88' lang='lat' dir='ltr'>concione,</span> <span class='ocrx_word' id='word_1_125' title='bbox 1046 2194 1418 2254; x_wconf 87' lang='lat' dir='ltr'>revocatus</span> <span class='ocrx_word' id='word_1_126' title='bbox 1455 2207 1494 2252; x_wconf 91' lang='lat' dir='ltr'>a</span> <span class='ocrx_word' id='word_1_127' title='bbox 1525 2180 1889 2253; x_wconf 79' lang='lat' dir='ltr'>Vatinio²⁵</span> <span class='ocrx_word' id='word_1_128' title='bbox 1928 2184 2217 2270; x_wconf 85' lang='lat' dir='ltr'>fuisset,</span> <span class='ocrx_word' id='word_1_129' title='bbox 2262 2209 2338 2255; x_wconf 89' lang='lat' dir='ltr'>se</span> <span class='ocrx_word' id='word_1_130' title='bbox 2382 2185 2661 2258; x_wconf 84' lang='lat' dir='ltr'>audisse</span> <span class='ocrx_word' id='word_1_131' title='bbox 2695 2212 2736 2257; x_wconf 87' lang='lat' dir='ltr'>a</span> 
     </span>
     <span class='ocr_line' id='line_1_18' title="bbox 617 2291 2733 2394; baseline 0.001 -29"><span class='ocrx_word' id='word_1_132' title='bbox 617 2297 970 2379; x_wconf 88' lang='lat' dir='ltr'>Curione,</span> <span class='ocrx_word' id='word_1_133' title='bbox 1000 2293 1112 2362; x_wconf 81' lang='lat' dir='ltr'>his</span> <span class='ocrx_word' id='word_1_134' title='bbox 1139 2291 1480 2363; x_wconf 73' lang='lat' dir='ltr'>derebus</span> <span class='ocrx_word' id='word_1_135' title='bbox 1523 2295 1888 2364; x_wconf 90' lang='lat' dir='ltr'>conscium</span> <span class='ocrx_word' id='word_1_136' title='bbox 1926 2319 2080 2365; x_wconf 89' lang='lat' dir='ltr'>esse</span> <span class='ocrx_word' id='word_1_137' title='bbox 2119 2296 2481 2379; x_wconf 84' lang='lat' dir='ltr'>Pisonem,</span> <span class='ocrx_word' id='word_1_138' title='bbox 2522 2321 2733 2394; x_wconf 86' lang='lat' dir='ltr'>gene-</span> 
     </span>
     <span class='ocr_line' id='line_1_19' title="bbox 616 2406 2734 2504; baseline 0.001 -29"><span class='ocrx_word' id='word_1_139' title='bbox 616 2430 775 2477; x_wconf 87' lang='lat' dir='ltr'>rum</span> <span class='ocrx_word' id='word_1_140' title='bbox 812 2429 1092 2489; x_wconf 74' lang='lat' dir='ltr'>meum,</span> <span class='ocrx_word' id='word_1_141' title='bbox 1124 2418 1197 2474; x_wconf 91' lang='lat' dir='ltr'>et</span> <span class='ocrx_word' id='word_1_142' title='bbox 1238 2408 1332 2473; x_wconf 90' lang='lat' dir='ltr'>M.</span> <span class='ocrx_word' id='word_1_143' title='bbox 1377 2407 1854 2475; x_wconf 85' lang='lat' dir='ltr'>Laterensem.</span> <span class='ocrx_word' id='word_1_144' title='bbox 1907 2409 2115 2475; x_wconf 89' lang='lat' dir='ltr'>Nunc</span> <span class='ocrx_word' id='word_1_145' title='bbox 2150 2429 2317 2475; x_wconf 84' lang='lat' dir='ltr'>reus</span> <span class='ocrx_word' id='word_1_146' title='bbox 2353 2421 2506 2477; x_wconf 90' lang='lat' dir='ltr'>erat</span> <span class='ocrx_word' id='word_1_147' title='bbox 2547 2406 2734 2504; x_wconf 88' lang='lat' dir='ltr'>apud</span> 
     </span>
    </p>
   </div>
   <div class='ocr_carea' id='block_1_3' title="bbox 592 2622 2735 4199">
    <p class='ocr_par' dir='ltr' id='par_1_3' title="bbox 607 2622 2735 3006">
     <span class='ocr_line' id='line_1_20' title="bbox 687 2622 2735 2692; baseline 0.004 -21"><span class='ocrx_word' id='word_1_148' title='bbox 687 2628 768 2675; x_wconf 70' lang='lat'>¹5.</span> <span class='ocrx_word' id='word_1_149' title='bbox 815 2622 1071 2681; x_wconf 66' lang='lat' dir='ltr'>Rmduaeit.</span> <span class='ocrx_word' id='word_1_150' title='bbox 1117 2622 1243 2670; x_wconf 75' lang='lat' dir='ltr'>Nun</span> <span class='ocrx_word' id='word_1_151' title='bbox 1292 2623 1483 2687; x_wconf 75' lang='lat' dir='ltr'>privato</span> <span class='ocrx_word' id='word_1_152' title='bbox 1532 2636 1633 2673; x_wconf 78' lang='lat' dir='ltr'>non</span> <span class='ocrx_word' id='word_1_153' title='bbox 1723 2634 1823 2672; x_wconf 87' lang='lat' dir='ltr'>non</span> <span class='ocrx_word' id='word_1_154' title='bbox 1837 2625 1910 2674; x_wconf 75' lang='lat' dir='ltr'>de</span> <span class='ocrx_word' id='word_1_155' title='bbox 1934 2624 2103 2675; x_wconf 74' lang='lat' dir='ltr'>Marco</span> <span class='ocrx_word' id='word_1_156' title='bbox 2123 2628 2231 2687; x_wconf 75' lang='lat' dir='ltr'>eins</span> <span class='ocrx_word' id='word_1_157' title='bbox 2249 2626 2427 2686; x_wconf 76' lang='lat' dir='ltr'>fratre,</span> <span class='ocrx_word' id='word_1_158' title='bbox 2450 2631 2561 2679; x_wconf 74' lang='grc' dir='ltr'><strong><em>κατ’</em></strong></span> <span class='ocrx_word' id='word_1_159' title='bbox 2578 2624 2735 2692; x_wconf 58' lang='lat' dir='ltr'>steph·</span> 
     </span>
     <span class='ocr_line' id='line_1_21' title="bbox 608 2702 2285 2767; baseline 0.001 -16"><span class='ocrx_word' id='word_1_160' title='bbox 608 2706 820 2752; x_wconf 73' lang='lat' dir='ltr'>licuisset</span> <span class='ocrx_word' id='word_1_161' title='bbox 847 2702 908 2750; x_wconf 82' lang='lat' dir='ltr'>de</span> <span class='ocrx_word' id='word_1_162' title='bbox 943 2703 1191 2765; x_wconf 80' lang='lat' dir='ltr'>superiore</span> <span class='ocrx_word' id='word_1_163' title='bbox 1225 2702 1337 2750; x_wconf 86' lang='lat' dir='ltr'>loco</span> <span class='ocrx_word' id='word_1_164' title='bbox 1366 2702 1557 2764; x_wconf 83' lang='lat' dir='ltr'>dicere,</span> <span class='ocrx_word' id='word_1_165' title='bbox 1586 2715 1634 2749; x_wconf 89' lang='lat' dir='ltr'>et</span> <span class='ocrx_word' id='word_1_166' title='bbox 1723 2704 2104 2767; x_wconf 72' lang='lat' dir='ltr'>intelligendum.</span> <span class='ocrx_word' id='word_1_167' title='bbox 2135 2708 2285 2752; x_wconf 72' lang='lat' dir='ltr'>Inus.</span> 
     </span>
     <span class='ocr_line' id='line_1_22' title="bbox 610 2779 2731 2846; baseline 0.002 -17"><span class='ocrx_word' id='word_1_168' title='bbox 610 2782 897 2830; x_wconf 81' lang='lat' dir='ltr'>concionem</span> <span class='ocrx_word' id='word_1_169' title='bbox 932 2779 1137 2838; x_wconf 84' lang='lat' dir='ltr'>habere,</span> <span class='ocrx_word' id='word_1_170' title='bbox 1175 2782 1267 2828; x_wconf 85' lang='lat' dir='ltr'>nisi</span> <span class='ocrx_word' id='word_1_171' title='bbox 1296 2799 1321 2829; x_wconf 77' lang='lat' dir='ltr'>a</span> <span class='ocrx_word' id='word_1_172' title='bbox 1353 2782 1632 2845; x_wconf 79' lang='lat' dir='ltr'>magistratu</span> <span class='ocrx_word' id='word_1_173' title='bbox 1795 2798 1876 2832; x_wconf 75' lang='lat' dir='ltr'>ao.</span> <span class='ocrx_word' id='word_1_174' title='bbox 1910 2786 1967 2830; x_wconf 82' lang='lat' dir='ltr'>In</span> <span class='ocrx_word' id='word_1_175' title='bbox 1987 2787 2044 2831; x_wconf 85' lang='grc' dir='ltr'>Ρ.</span> <span class='ocrx_word' id='word_1_176' title='bbox 2080 2782 2315 2832; x_wconf 75' lang='lat' dir='ltr'>Clodium.</span> <span class='ocrx_word' id='word_1_177' title='bbox 2353 2786 2516 2846; x_wconf 87' lang='lat' dir='ltr'>Quum</span> <span class='ocrx_word' id='word_1_178' title='bbox 2539 2796 2731 2833; x_wconf 74' lang='lat' dir='ltr'>accuss-</span> 
     </span>
     <span class='ocr_line' id='line_1_23' title="bbox 610 2860 2732 2927; baseline 0.001 -18"><span class='ocrx_word' id='word_1_179' title='bbox 610 2861 977 2911; x_wconf 85' lang='lat' dir='ltr'>eoncederetur.</span> <span class='ocrx_word' id='word_1_180' title='bbox 1010 2860 1161 2924; x_wconf 84' lang='lat' dir='ltr'>Epist.</span> <span class='ocrx_word' id='word_1_181' title='bbox 1195 2876 1216 2908; x_wconf 87' lang='lat'>1</span> <span class='ocrx_word' id='word_1_182' title='bbox 1248 2871 1297 2909; x_wconf 76' lang='lat' dir='ltr'>et</span> <span class='ocrx_word' id='word_1_183' title='bbox 1329 2877 1357 2907; x_wconf 81' lang='lat'><em>2</em></span> <span class='ocrx_word' id='word_1_184' title='bbox 1376 2897 1391 2917; x_wconf 91' lang='lat'>,</span> <span class='ocrx_word' id='word_1_185' title='bbox 1412 2861 1505 2909; x_wconf 56' lang='lat' dir='ltr'>lit».</span> <span class='ocrx_word' id='word_1_186' title='bbox 1541 2863 1630 2913; x_wconf 85' lang='lat' dir='ltr'>lv.</span> <span class='ocrx_word' id='word_1_187' title='bbox 1724 2874 1801 2910; x_wconf 83' lang='lat' dir='ltr'>tus</span> <span class='ocrx_word' id='word_1_188' title='bbox 1819 2872 1891 2909; x_wconf 87' lang='lat' dir='ltr'>est</span> <span class='ocrx_word' id='word_1_189' title='bbox 1907 2864 2107 2911; x_wconf 82' lang='lat' dir='ltr'>crimine</span> <span class='ocrx_word' id='word_1_190' title='bbox 2123 2863 2417 2927; x_wconf 76' lang='lat' dir='ltr'>pollutarum</span> <span class='ocrx_word' id='word_1_191' title='bbox 2431 2863 2732 2927; x_wconf 72' lang='lat' dir='ltr'>religionum.</span> 
     </span>
     <span class='ocr_line' id='line_1_24' title="bbox 607 2939 2265 3006; baseline 0.001 -17"><span class='ocrx_word' id='word_1_192' title='bbox 607 2943 756 2990; x_wconf 66' lang='lat' dir='ltr'>Mur.</span> <span class='ocrx_word' id='word_1_193' title='bbox 777 2967 845 2977; x_wconf 89' lang='lat'>—-</span> <span class='ocrx_word' id='word_1_194' title='bbox 867 2943 1056 2991; x_wconf 76' lang='lat' dir='ltr'>Auctor</span> <span class='ocrx_word' id='word_1_195' title='bbox 1072 2950 1232 2988; x_wconf 78' lang='lat' dir='ltr'>autem</span> <span class='ocrx_word' id='word_1_196' title='bbox 1258 2939 1352 2987; x_wconf 84' lang='lat' dir='ltr'>fnit</span> <span class='ocrx_word' id='word_1_197' title='bbox 1371 2941 1551 3000; x_wconf 78' lang='lat' dir='ltr'>Caessr,</span> <span class='ocrx_word' id='word_1_198' title='bbox 1577 2950 1634 2987; x_wconf 86' lang='lat' dir='ltr'>nt</span> <span class='ocrx_word' id='word_1_199' title='bbox 1725 2942 1815 3006; x_wconf 88' lang='lat' dir='ltr'>Ep.</span> <span class='ocrx_word' id='word_1_200' title='bbox 1839 2958 1926 3001; x_wconf 82' lang='grc' dir='ltr'>ιο,</span> <span class='ocrx_word' id='word_1_201' title='bbox 1946 2942 2030 2990; x_wconf 88' lang='lat' dir='ltr'>lib.</span> <span class='ocrx_word' id='word_1_202' title='bbox 2050 2945 2090 2990; x_wconf 93' lang='lat'>1.</span> <span class='ocrx_word' id='word_1_203' title='bbox 2112 2945 2265 2991; x_wconf 69' lang='lat' dir='ltr'>luxu.</span> 
     </span>
    </p>

    <p class='ocr_par' dir='ltr' id='par_1_4' title="bbox 608 3019 2732 3084">
     <span class='ocr_line' id='line_1_25' title="bbox 608 3019 2732 3084; baseline 0.001 -17"><span class='ocrx_word' id='word_1_204' title='bbox 608 3023 822 3069; x_wconf 80' lang='lat' dir='ltr'>Vettium</span> <span class='ocrx_word' id='word_1_205' title='bbox 843 3021 1066 3068; x_wconf 79' lang='lat' dir='ltr'>Vatinius</span> <span class='ocrx_word' id='word_1_206' title='bbox 1091 3019 1401 3084; x_wconf 84' lang='lat' dir='ltr'>produceret.</span> <span class='ocrx_word' id='word_1_207' title='bbox 1425 3019 1524 3065; x_wconf 86' lang='lat' dir='ltr'>En.</span> <span class='ocrx_word' id='word_1_208' title='bbox 1794 3037 1848 3068; x_wconf 67' lang='grc' dir='ltr'>αι</span> <span class='ocrx_word' id='word_1_209' title='bbox 1865 3057 1876 3068; x_wconf 93' lang='grc'><strong>.</strong></span> <span class='ocrx_word' id='word_1_210' title='bbox 1919 3025 1972 3067; x_wconf 80' lang='lat' dir='ltr'>L.</span> <span class='ocrx_word' id='word_1_211' title='bbox 2013 3023 2294 3069; x_wconf 80' lang='lat' dir='ltr'>Domitium.</span> <span class='ocrx_word' id='word_1_212' title='bbox 2331 3021 2732 3081; x_wconf 78' lang='lat' dir='ltr'>Ahenobarbum,</span> 
     </span>
    </p>

    <p class='ocr_par' dir='ltr' id='par_1_5' title="bbox 603 3096 2731 3397">
     <span class='ocr_line' id='line_1_26' title="bbox 686 3096 2730 3165; baseline 0.001 -19"><span class='ocrx_word' id='word_1_213' title='bbox 686 3100 766 3147; x_wconf 81' lang='lat'>16.</span> <span class='ocrx_word' id='word_1_214' title='bbox 822 3100 1058 3163; x_wconf 80' lang='lat' dir='ltr'>Aspirare</span> <span class='ocrx_word' id='word_1_215' title='bbox 1103 3114 1202 3144; x_wconf 81' lang='lat' dir='ltr'>non</span> <span class='ocrx_word' id='word_1_216' title='bbox 1255 3098 1434 3145; x_wconf 77' lang='lat' dir='ltr'>liceret.</span> <span class='ocrx_word' id='word_1_217' title='bbox 1484 3096 1630 3143; x_wconf 89' lang='lat' dir='ltr'>Domi</span> <span class='ocrx_word' id='word_1_218' title='bbox 1719 3100 1803 3163; x_wconf 88' lang='lat' dir='ltr'>qni</span> <span class='ocrx_word' id='word_1_219' title='bbox 1818 3101 1988 3147; x_wconf 88' lang='lat' dir='ltr'>consul</span> <span class='ocrx_word' id='word_1_220' title='bbox 2002 3101 2093 3148; x_wconf 81' lang='lat' dir='ltr'>fuit</span> <span class='ocrx_word' id='word_1_221' title='bbox 2108 3117 2216 3148; x_wconf 86' lang='lat' dir='ltr'>cum</span> <span class='ocrx_word' id='word_1_222' title='bbox 2232 3104 2326 3165; x_wconf 83' lang='lat' dir='ltr'>Ap.</span> <span class='ocrx_word' id='word_1_223' title='bbox 2344 3100 2567 3148; x_wconf 74' lang='lat' dir='ltr'>Claudio.</span> <span class='ocrx_word' id='word_1_224' title='bbox 2585 3103 2730 3150; x_wconf 71' lang='lat' dir='ltr'>Inus.</span> 
     </span>
     <span class='ocr_line' id='line_1_27' title="bbox 606 3175 2731 3243; baseline 0 -15"><span class='ocrx_word' id='word_1_225' title='bbox 606 3181 736 3229; x_wconf 78' lang='lat' dir='ltr'>enim</span> <span class='ocrx_word' id='word_1_226' title='bbox 763 3196 814 3227; x_wconf 89' lang='lat' dir='ltr'>se</span> <span class='ocrx_word' id='word_1_227' title='bbox 841 3178 1036 3227; x_wconf 74' lang='lat' dir='ltr'>tenebat</span> <span class='ocrx_word' id='word_1_228' title='bbox 1062 3193 1305 3224; x_wconf 80' lang='lat' dir='ltr'>armorum</span> <span class='ocrx_word' id='word_1_229' title='bbox 1332 3185 1478 3243; x_wconf 83' lang='lat' dir='ltr'>metu.</span> <span class='ocrx_word' id='word_1_230' title='bbox 1511 3175 1627 3223; x_wconf 87' lang='lat' dir='ltr'>Non</span> <span class='ocrx_word' id='word_1_231' title='bbox 1788 3194 1872 3227; x_wconf 65' lang='grc' dir='ltr'>αα.</span> <span class='ocrx_word' id='word_1_232' title='bbox 1910 3179 2129 3227; x_wconf 78' lang='lat' dir='ltr'>Vicinum</span> <span class='ocrx_word' id='word_1_233' title='bbox 2151 3181 2378 3228; x_wconf 78' lang='lat' dir='ltr'>consulis.</span> <span class='ocrx_word' id='word_1_234' title='bbox 2404 3180 2607 3228; x_wconf 82' lang='lat' dir='ltr'>Vicinus</span> <span class='ocrx_word' id='word_1_235' title='bbox 2631 3192 2731 3228; x_wconf 73' lang='lat' dir='ltr'>erat</span> 
     </span>
     <span class='ocr_line' id='line_1_28' title="bbox 605 3253 2730 3323; baseline -0.003 -16"><span class='ocrx_word' id='word_1_236' title='bbox 605 3260 730 3307; x_wconf 74' lang='lat' dir='ltr'>dixit</span> <span class='ocrx_word' id='word_1_237' title='bbox 773 3258 1038 3315; x_wconf 79' lang='lat' dir='ltr'>accedere,</span> <span class='ocrx_word' id='word_1_238' title='bbox 1084 3256 1171 3303; x_wconf 70' lang='lat' dir='ltr'>sed</span> <span class='ocrx_word' id='word_1_239' title='bbox 1205 3254 1442 3319; x_wconf 68' lang='lat' dir='ltr'>aspirare.</span> <span class='ocrx_word' id='word_1_240' title='bbox 1471 3253 1622 3315; x_wconf 79' lang='lat' dir='ltr'>Quod</span> <span class='ocrx_word' id='word_1_241' title='bbox 1709 3258 1883 3306; x_wconf 75' lang='lat' dir='ltr'>Cicero</span> <span class='ocrx_word' id='word_1_242' title='bbox 1919 3259 2124 3307; x_wconf 69' lang='lat' dir='ltr'>Caeuris</span> <span class='ocrx_word' id='word_1_243' title='bbox 2161 3259 2411 3318; x_wconf 70' lang='lat' dir='ltr'>consulis,</span> <span class='ocrx_word' id='word_1_244' title='bbox 2456 3259 2595 3322; x_wconf 80' lang='lat' dir='ltr'>quod</span> <span class='ocrx_word' id='word_1_245' title='bbox 2630 3261 2730 3323; x_wconf 60' lang='lat' dir='ltr'>ipa!</span> 
     </span>
     <span class='ocr_line' id='line_1_29' title="bbox 603 3338 2730 3397; baseline 0 -11"><span class='ocrx_word' id='word_1_246' title='bbox 603 3340 765 3386; x_wconf 84' lang='lat' dir='ltr'>minus</span> <span class='ocrx_word' id='word_1_247' title='bbox 788 3349 878 3385; x_wconf 88' lang='lat' dir='ltr'>est.</span> <span class='ocrx_word' id='word_1_248' title='bbox 904 3338 1047 3385; x_wconf 68' lang='lat' dir='ltr'>Mus.</span> <span class='ocrx_word' id='word_1_249' title='bbox 1116 3388 1119 3391; x_wconf 17' lang='grc' dir='ltr'><em>Α</em></span> <span class='ocrx_word' id='word_1_250' title='bbox 1709 3339 1760 3384; x_wconf 88' lang='lat' dir='ltr'>in</span> <span class='ocrx_word' id='word_1_251' title='bbox 1783 3338 1969 3386; x_wconf 74' lang='lat' dir='ltr'>Palatio</span> <span class='ocrx_word' id='word_1_252' title='bbox 1989 3371 2004 3397; x_wconf 87' lang='lat'>,</span> <span class='ocrx_word' id='word_1_253' title='bbox 2034 3341 2195 3389; x_wconf 77' lang='lat' dir='ltr'>Caesar</span> <span class='ocrx_word' id='word_1_254' title='bbox 2219 3350 2380 3387; x_wconf 73' lang='lat' dir='ltr'>antem</span> <span class='ocrx_word' id='word_1_255' title='bbox 2405 3339 2457 3385; x_wconf 84' lang='lat' dir='ltr'>in</span> <span class='ocrx_word' id='word_1_256' title='bbox 2483 3340 2625 3386; x_wconf 71' lang='lat' dir='ltr'>Sacra</span> <span class='ocrx_word' id='word_1_257' title='bbox 2655 3342 2730 3386; x_wconf 71' lang='lat' dir='ltr'>vi·</span> 
     </span>
    </p>

    <p class='ocr_par' dir='ltr' id='par_1_6' title="bbox 599 3411 2730 3626">
     <span class='ocr_line' id='line_1_30' title="bbox 678 3411 2730 3481; baseline 0.001 -16"><span class='ocrx_word' id='word_1_258' title='bbox 678 3435 698 3465; x_wconf 75' lang='grc' dir='ltr'><strong>ι</strong></span> <span class='ocrx_word' id='word_1_259' title='bbox 711 3434 755 3479; x_wconf 88' lang='lat'>7.</span> <span class='ocrx_word' id='word_1_260' title='bbox 776 3419 969 3463; x_wconf 79' lang='lat' dir='ltr'>Factus.</span> <span class='ocrx_word' id='word_1_261' title='bbox 989 3417 1098 3465; x_wconf 80' lang='lat' dir='ltr'>Hoc</span> <span class='ocrx_word' id='word_1_262' title='bbox 1112 3424 1209 3471; x_wconf 69' lang='lat'>032,</span> <span class='ocrx_word' id='word_1_263' title='bbox 1222 3411 1620 3475; x_wconf 60' lang='lat' dir='ltr'>fnumflmsquid</span> <span class='ocrx_word' id='word_1_264' title='bbox 1706 3416 1985 3475; x_wconf 72' lang='lat' dir='ltr'>habitabat,</span> <span class='ocrx_word' id='word_1_265' title='bbox 2016 3433 2126 3481; x_wconf 75' lang='lat' dir='ltr'>quae</span> <span class='ocrx_word' id='word_1_266' title='bbox 2143 3420 2411 3467; x_wconf 72' lang='lat' dir='ltr'>secandum</span> <span class='ocrx_word' id='word_1_267' title='bbox 2434 3419 2622 3467; x_wconf 75' lang='lat' dir='ltr'>radices</span> <span class='ocrx_word' id='word_1_268' title='bbox 2641 3422 2730 3467; x_wconf 77' lang='lat' dir='ltr'>Pa-</span> 
     </span>
     <span class='ocr_line' id='line_1_31' title="bbox 599 3491 2724 3561; baseline 0 -16"><span class='ocrx_word' id='word_1_269' title='bbox 599 3498 783 3545; x_wconf 80' lang='lat' dir='ltr'>diceret</span> <span class='ocrx_word' id='word_1_270' title='bbox 798 3513 825 3543; x_wconf 82' lang='lat' dir='ltr'>a</span> <span class='ocrx_word' id='word_1_271' title='bbox 847 3496 1032 3544; x_wconf 79' lang='lat' dir='ltr'>Caessre</span> <span class='ocrx_word' id='word_1_272' title='bbox 1053 3504 1103 3540; x_wconf 80' lang='lat' dir='ltr'>et</span> <span class='ocrx_word' id='word_1_273' title='bbox 1121 3491 1336 3538; x_wconf 67' lang='lat' dir='ltr'>Vatinio.</span> <span class='ocrx_word' id='word_1_274' title='bbox 1362 3491 1489 3537; x_wconf 78' lang='lat' dir='ltr'>Vide</span> <span class='ocrx_word' id='word_1_275' title='bbox 1514 3491 1618 3539; x_wconf 84' lang='lat' dir='ltr'>Cic.</span> <span class='ocrx_word' id='word_1_276' title='bbox 1707 3497 1809 3543; x_wconf 78' lang='lat' dir='ltr'>latii</span> <span class='ocrx_word' id='word_1_277' title='bbox 1833 3515 1861 3543; x_wconf 83' lang='lat' dir='ltr'>a</span> <span class='ocrx_word' id='word_1_278' title='bbox 1880 3497 2067 3546; x_wconf 76' lang='lat' dir='ltr'>Carinis</span> <span class='ocrx_word' id='word_1_279' title='bbox 2087 3497 2138 3544; x_wconf 87' lang='lat' dir='ltr'>in</span> <span class='ocrx_word' id='word_1_280' title='bbox 2161 3499 2456 3561; x_wconf 71' lang='lat' dir='ltr'>Capitolium</span> <span class='ocrx_word' id='word_1_281' title='bbox 2483 3498 2724 3546; x_wconf 74' lang='lat' dir='ltr'>tendebat·</span> 
     </span>
     <span class='ocr_line' id='line_1_32' title="bbox 599 3575 1860 3626; baseline -0.002 0"><span class='ocrx_word' id='word_1_282' title='bbox 599 3591 721 3626; x_wconf 78' lang='lat' dir='ltr'>orat.</span> <span class='ocrx_word' id='word_1_283' title='bbox 742 3579 792 3625; x_wconf 90' lang='lat' dir='ltr'>in</span> <span class='ocrx_word' id='word_1_284' title='bbox 812 3577 978 3623; x_wconf 79' lang='lat' dir='ltr'>Vatin.</span> <span class='ocrx_word' id='word_1_285' title='bbox 1000 3575 1178 3621; x_wconf 61' lang='grc' dir='ltr'>(ἔπιεν.</span> <span class='ocrx_word' id='word_1_286' title='bbox 1709 3576 1860 3625; x_wconf 64' lang='lat' dir='ltr'>Inest.</span> 
     </span>
    </p>

    <p class='ocr_par' dir='ltr' id='par_1_7' title="bbox 593 3650 2728 4018">
     <span class='ocr_line' id='line_1_33' title="bbox 676 3650 2728 3718; baseline -0.004 -14"><span class='ocrx_word' id='word_1_287' title='bbox 676 3674 691 3703; x_wconf 84' lang='grc' dir='ltr'>ι</span> <span class='ocrx_word' id='word_1_288' title='bbox 705 3658 753 3704; x_wconf 83' lang='grc'>8.</span> <span class='ocrx_word' id='word_1_289' title='bbox 776 3658 1075 3703; x_wconf 76' lang='grc' dir='ltr'>Νοσιηηιαηι</span> <span class='ocrx_word' id='word_1_290' title='bbox 1090 3650 1490 3716; x_wconf 72' lang='lat' dir='ltr'>deprecationem.</span> <span class='ocrx_word' id='word_1_291' title='bbox 1513 3653 1619 3698; x_wconf 82' lang='lat' dir='ltr'>Ser·</span> <span class='ocrx_word' id='word_1_292' title='bbox 1779 3658 1864 3705; x_wconf 60' lang='grc' dir='ltr'>αθ,</span> <span class='ocrx_word' id='word_1_293' title='bbox 1919 3656 2135 3705; x_wconf 69' lang='lat' dir='ltr'>Ahalam</span> <span class='ocrx_word' id='word_1_294' title='bbox 2182 3656 2442 3704; x_wconf 65' lang='lat' dir='ltr'>Servilium,</span> <span class='ocrx_word' id='word_1_295' title='bbox 2491 3656 2593 3718; x_wconf 78' lang='lat' dir='ltr'>Qui</span> <span class='ocrx_word' id='word_1_296' title='bbox 2643 3671 2728 3702; x_wconf 67' lang='lat' dir='ltr'>sna</span> 
     </span>
     <span class='ocr_line' id='line_1_34' title="bbox 596 3731 2727 3799; baseline -0.004 -19"><span class='ocrx_word' id='word_1_297' title='bbox 596 3736 753 3791; x_wconf 74' lang='lat' dir='ltr'>vilioe,</span> <span class='ocrx_word' id='word_1_298' title='bbox 774 3736 911 3782; x_wconf 82' lang='lat' dir='ltr'>Bruti</span> <span class='ocrx_word' id='word_1_299' title='bbox 933 3732 1128 3789; x_wconf 77' lang='lat' dir='ltr'>matris,</span> <span class='ocrx_word' id='word_1_300' title='bbox 1147 3746 1292 3795; x_wconf 78' lang='lat' dir='ltr'>qnam</span> <span class='ocrx_word' id='word_1_301' title='bbox 1312 3731 1474 3778; x_wconf 70' lang='lat' dir='ltr'>Caesar</span> <span class='ocrx_word' id='word_1_302' title='bbox 1490 3745 1616 3777; x_wconf 73' lang='lat' dir='ltr'>ams-</span> <span class='ocrx_word' id='word_1_303' title='bbox 1706 3748 1852 3782; x_wconf 77' lang='lat' dir='ltr'>mann</span> <span class='ocrx_word' id='word_1_304' title='bbox 1885 3737 1947 3798; x_wconf 91' lang='lat' dir='ltr'>Q.</span> <span class='ocrx_word' id='word_1_305' title='bbox 1979 3736 2225 3793; x_wconf 61' lang='lat' dir='ltr'>Metilium,</span> <span class='ocrx_word' id='word_1_306' title='bbox 2261 3751 2462 3798; x_wconf 77' lang='lat' dir='ltr'>regnum</span> <span class='ocrx_word' id='word_1_307' title='bbox 2497 3744 2727 3799; x_wconf 59' lang='lat' dir='ltr'>appan.</span> 
     </span>
     <span class='ocr_line' id='line_1_35' title="bbox 595 3809 2504 3876; baseline 0.002 -17"><span class='ocrx_word' id='word_1_308' title='bbox 595 3817 682 3861; x_wconf 66' lang='lat' dir='ltr'>vit.</span> <span class='ocrx_word' id='word_1_309' title='bbox 702 3815 860 3874; x_wconf 79' lang='lat' dir='ltr'>Hujus</span> <span class='ocrx_word' id='word_1_310' title='bbox 879 3812 1013 3876; x_wconf 75' lang='lat' dir='ltr'>apud</span> <span class='ocrx_word' id='word_1_311' title='bbox 1028 3813 1267 3861; x_wconf 72' lang='lat' dir='ltr'>Caesarem·</span> <span class='ocrx_word' id='word_1_312' title='bbox 1285 3826 1453 3874; x_wconf 78' lang='lat' dir='ltr'>preces</span> <span class='ocrx_word' id='word_1_313' title='bbox 1469 3809 1620 3872; x_wconf 80' lang='lat' dir='ltr'>signi·</span> <span class='ocrx_word' id='word_1_314' title='bbox 1707 3823 1803 3860; x_wconf 72' lang='lat' dir='ltr'>tem</span> <span class='ocrx_word' id='word_1_315' title='bbox 1819 3848 1835 3873; x_wconf 94' lang='lat'>‚</span> <span class='ocrx_word' id='word_1_316' title='bbox 1862 3813 2124 3867; x_wconf 74' lang='lat' dir='ltr'>occiderat.</span> <span class='ocrx_word' id='word_1_317' title='bbox 2145 3815 2326 3862; x_wconf 73' lang='lat' dir='ltr'>Livius.</span> <span class='ocrx_word' id='word_1_318' title='bbox 2350 3817 2504 3862; x_wconf 73' lang='lat' dir='ltr'>Inus.</span> 
     </span>
     <span class='ocr_line' id='line_1_36' title="bbox 596 3887 2727 3959; baseline -0.001 -20"><span class='ocrx_word' id='word_1_319' title='bbox 596 3892 707 3939; x_wconf 72' lang='lat' dir='ltr'>licat</span> <span class='ocrx_word' id='word_1_320' title='bbox 727 3929 741 3952; x_wconf 89' lang='lat'>,</span> <span class='ocrx_word' id='word_1_321' title='bbox 774 3904 829 3938; x_wconf 81' lang='lat' dir='ltr'>ut</span> <span class='ocrx_word' id='word_1_322' title='bbox 856 3891 986 3938; x_wconf 77' lang='lat' dir='ltr'>filius</span> <span class='ocrx_word' id='word_1_323' title='bbox 1011 3893 1113 3951; x_wconf 81' lang='lat' dir='ltr'>ejus</span> <span class='ocrx_word' id='word_1_324' title='bbox 1149 3890 1317 3954; x_wconf 64' lang='lat' dir='ltr'>Capio</span> <span class='ocrx_word' id='word_1_325' title='bbox 1353 3892 1531 3937; x_wconf 82' lang='lat' dir='ltr'>Brutus</span> <span class='ocrx_word' id='word_1_326' title='bbox 1555 3887 1617 3934; x_wconf 78' lang='lat' dir='ltr'>ds</span> <span class='ocrx_word' id='word_1_327' title='bbox 1777 3902 1864 3947; x_wconf 72' lang='lat'>24.</span> <span class='ocrx_word' id='word_1_328' title='bbox 1912 3896 2127 3941; x_wconf 77' lang='lat' dir='ltr'>Brutum.</span> <span class='ocrx_word' id='word_1_329' title='bbox 2166 3893 2264 3955; x_wconf 88' lang='lat' dir='ltr'>Qui</span> <span class='ocrx_word' id='word_1_330' title='bbox 2308 3909 2445 3959; x_wconf 78' lang='lat' dir='ltr'>reges</span> <span class='ocrx_word' id='word_1_331' title='bbox 2492 3903 2727 3954; x_wconf 72' lang='lat' dir='ltr'>exegerat.</span> 
     </span>
     <span class='ocr_line' id='line_1_37' title="bbox 593 3968 1855 4018; baseline 0 0"><span class='ocrx_word' id='word_1_332' title='bbox 593 3971 813 4018; x_wconf 76' lang='lat' dir='ltr'>oratione</span> <span class='ocrx_word' id='word_1_333' title='bbox 835 3969 987 4016; x_wconf 82' lang='lat' dir='ltr'>Vettii</span> <span class='ocrx_word' id='word_1_334' title='bbox 1005 3969 1273 4017; x_wconf 80' lang='lat' dir='ltr'>tolleretur.</span> <span class='ocrx_word' id='word_1_335' title='bbox 1301 3968 1445 4016; x_wconf 56' lang='lat' dir='ltr'>Man.</span> <span class='ocrx_word' id='word_1_336' title='bbox 1709 3970 1855 4018; x_wconf 61' lang='lat' dir='ltr'>Insa.</span> 
     </span>
    </p>

    <p class='ocr_par' dir='ltr' id='par_1_8' title="bbox 592 4047 2730 4199">
     <span class='ocr_line' id='line_1_38' title="bbox 669 4047 2730 4113; baseline -0 -17"><span class='ocrx_word' id='word_1_337' title='bbox 669 4066 746 4112; x_wconf 81' lang='lat'>¹9·</span> <span class='ocrx_word' id='word_1_338' title='bbox 826 4050 1088 4097; x_wconf 75' lang='lat' dir='ltr'>Lucullum.</span> <span class='ocrx_word' id='word_1_339' title='bbox 1154 4052 1320 4110; x_wconf 79' lang='lat' dir='ltr'>Quum</span> <span class='ocrx_word' id='word_1_340' title='bbox 1387 4047 1616 4094; x_wconf 75' lang='lat' dir='ltr'>Lucullus</span> <span class='ocrx_word' id='word_1_341' title='bbox 1775 4052 1858 4099; x_wconf 76' lang='lat'>25.</span> <span class='ocrx_word' id='word_1_342' title='bbox 1877 4054 1921 4096; x_wconf 84' lang='lat' dir='ltr'><em>A</em></span> <span class='ocrx_word' id='word_1_343' title='bbox 1945 4050 2274 4113; x_wconf 75' lang='lat' dir='ltr'>Vatinio.Qni</span> <span class='ocrx_word' id='word_1_344' title='bbox 2292 4051 2595 4105; x_wconf 75' lang='lat' dir='ltr'>cumvettio,</span> <span class='ocrx_word' id='word_1_345' title='bbox 2613 4064 2730 4113; x_wconf 67' lang='lat' dir='ltr'>pra·</span> 
     </span>
     <span class='ocr_line' id='line_1_39' title="bbox 592 4126 2723 4199; baseline -0.001 -24"><span class='ocrx_word' id='word_1_346' title='bbox 592 4131 772 4199; x_wconf 58' lang='lat' dir='ltr'>dieitur</span> <span class='ocrx_word' id='word_1_347' title='bbox 811 4131 914 4176; x_wconf 79' lang='lat' dir='ltr'>sine</span> <span class='ocrx_word' id='word_1_348' title='bbox 956 4126 1280 4191; x_wconf 62' lang='lat' dir='ltr'>prenomine3</span> <span class='ocrx_word' id='word_1_349' title='bbox 1329 4127 1389 4173; x_wconf 80' lang='lat' dir='ltr'>de</span> <span class='ocrx_word' id='word_1_350' title='bbox 1427 4127 1580 4173; x_wconf 84' lang='lat' dir='ltr'>Lucio</span> <span class='ocrx_word' id='word_1_351' title='bbox 1597 4158 1612 4181; x_wconf 90' lang='lat'>,</span> <span class='ocrx_word' id='word_1_352' title='bbox 1703 4137 1835 4172; x_wconf 85' lang='lat' dir='ltr'>sente</span> <span class='ocrx_word' id='word_1_353' title='bbox 1866 4126 2049 4189; x_wconf 86' lang='lat' dir='ltr'>populo</span> <span class='ocrx_word' id='word_1_354' title='bbox 2078 4143 2296 4191; x_wconf 78' lang='lat' dir='ltr'>romano,</span> <span class='ocrx_word' id='word_1_355' title='bbox 2307 4128 2632 4189; x_wconf 69' lang='lat' dir='ltr'>colloquium,</span> <span class='ocrx_word' id='word_1_356' title='bbox 2653 4127 2723 4172; x_wconf 85' lang='lat' dir='ltr'>in·</span> 
     </span>
    </p>
   </div>
  </div>
 </body>
</html>
