3023 4773
663 473 798 545 292
1299 450 1395 515 M,
1448 450 1523 515 T.
1580 445 2160 547 CICERONIS

662 587 875 642 antea
911 568 1383 667 significarem
1429 567 1563 639 tibi
1612 593 1745 666 per
1785 568 2060 650 literaS‚
2100 589 2216 635 me
2259 587 2544 661 sperare
2587 563 2791 635 illum

660 682 734 751 in
777 694 1023 751 nostra
1062 692 1415 776 potestate
1452 668 1650 762 fore,
1691 700 1886 747 nunc
1925 674 2118 746 idem
2147 673 2391 746 videar
2426 671 2792 761 diffidere;

661 789 1084 863 incredibile
1127 802 1275 877 cst,
1316 803 1592 885 quanto
1635 787 1818 857 mihi
1856 785 2186 856 videatur
2224 784 2414 854 illius
2458 783 2795 855 voluntas

660 901 1112 985 obstinatior,
1147 914 1220 970 et
1253 900 1327 967 in
1362 892 1496 969 hac
1532 894 1899 969 iracundia
1934 893 2387 965 obfirmatior
2415 921 2431 962 ε
2477 893 2595 964 sed
2637 894 2794 965 haec

656 1025 783 1082 aut
817 1008 1288 1096 sanabuntur,
1320 1028 1551 1104 quum
1581 1008 1905 1090 veneris3
1946 1020 2072 1075 aut
2105 1005 2171 1073 ei
2209 1001 2508 1073 molesta
2541 1017 2790 1086 erunt,

654 1124 728 1191 in
781 1135 948 1191 utro
998 1118 1212 1216 culpa
1256 1123 1461 1188 erit&
1516 1117 1734 1206 Quod
1787 1122 1863 1187 in
1908 1114 2208 1213 epistola
2256 1127 2383 1184 tua
2437 1116 2791 1211 scriptum

653 1244 840 1313 erat,
885 1251 1002 1299 mc
1038 1228 1185 1322 jam
1222 1226 1552 1298 arbitrari
1588 1228 2038 1322 designatum
2080 1219 2318 1310 esse53
2351 1226 2567 1309 scito,
2607 1222 2792 1293 nihil

652 1355 798 1409 tam
851 1340 1244 1408 exercitum
1299 1362 1452 1409 esse
1494 1361 1693 1408 nunc
1737 1342 2024 1422 Romae,
2067 1358 2280 1432 quam
2328 1332 2789 1420 candidat03‚

653 1447 997 1519 omnibus
1039 1447 1587 1545 iniquitatibus;
1626 1471 1801 1527 nee,
1842 1443 2138 1543 quando
2190 1442 2431 1514 futura
2480 1447 2625 1514 sint
2668 1466 2791 1513 co·

652 1560 887 1644 mitia,
936 1561 1122 1630 sciri.
1168 1564 1443 1630 Verum
1496 1557 1647 1629 haec
1683 1555 1930 1627 audies
1967 1555 2058 1626 de
2091 1553 2587 1651 Philadelpho.
2630 1557 2741 1623 Tu
2765 1608 2787 1637 ‚

648 1668 902 1756 velim,
936 1694 1099 1766 quae
1136 1669 1533 1740 Academiae
1567 1683 1829 1739 nostrae
1867 1669 2167 1763 parasti,
2213 1690 2429 1763 quam
2467 1666 2786 1761 primum

651 1783 910 1850 mittas.
971 1779 1152 1848 Mire
1206 1803 1426 1873 quam
1483 1777 1675 1847 illius
1737 1776 1872 1847 loci
1925 1801 2075 1846 non
2131 1775 2353 1845 modo
2407 1798 2615 1858 usus»,
2656 1772 2789 1844 sed

647 1891 864 1960 etiam
921 1887 1259 1983 cogitatio
1308 1887 1636 1958 delectat.
1688 1887 1947 1958 Libros
1992 1912 2167 1958 vero
2213 1900 2377 1956 tuos
2418 1909 2587 1956 cave
2626 1887 2788 1956 cui-

647 2022 865 2094 quam
895 1995 1130 2067 tradas
1158 2022 1173 2065 ε
1211 1994 1423 2066 nobis
1450 2022 1577 2067 eos
1597 2050 1616 2082 ‚
1643 1995 2261 2094 quemadmodum
2291 1994 2579 2082 scribiS,
2612 2021 2792 2069 con-

647 2130 866 2177 serva.
897 2110 1276 2177 Summum
1300 2130 1417 2176 me
1441 2132 1698 2178 eorum
1721 2105 2042 2178 studium
2063 2121 2292 2197 tenet,
2317 2110 2504 2178 sicut
2529 2105 2785 2178 odium

718 2371 767 2419 4.
808 2364 912 2410 Aret
944 2361 995 2410 ei
1025 2363 1230 2411 molesta
1264 2373 1430 2419 erunt,
1473 2361 1524 2409 in
1559 2372 1669 2409 uem

646 2441 794 2505 eulpa
810 2441 914 2488 eric.
928 2442 1154 2490 Ciceroni
1170 2456 1196 2488 a
1214 2440 1503 2503 quibusdam
1523 2440 1669 2487 nimia

647 2521 805 2584 gravia
846 2518 955 2567 dica
983 2519 1165 2568 dicitur
1188 2530 1392 2584 propter
1415 2515 1523 2567 hoec
1558 2536 1667 2567 ver-

646 2599 741 2647 ba:
768 2614 976 2662 quorum
1003 2611 1105 2647 non
1133 2610 1207 2646 cat
1235 2600 1502 2656 sententia,
1539 2602 1664 2647 Luc-

645 2678 754 2726 ceio
780 2676 1039 2725 creandam
1064 2676 1362 2736 molestiam,
1383 2689 1492 2726 utcr
1518 2678 1665 2724 etiam

645 2774 708 2805 ex
742 2757 839 2804 illia
872 2767 1042 2804 auctor
1067 2756 1308 2805 exstiterit
1335 2756 1493 2821 culpa:
1514 2767 1562 2804 et
1590 2756 1667 2803 os-

648 2837 794 2885 tense
809 2869 824 2894 ,
850 2836 951 2884 sive
976 2835 1198 2896 injuriam
1219 2835 1356 2884 alteri
1374 2836 1559 2883 fecerit.
1574 2834 1669 2883 Sed

646 2917 728 2966 hic
743 2949 759 2974 ‚
783 2917 835 2963 ui
861 2915 1035 2963 fallunt
1052 2931 1129 2963 me
1153 2915 1314 2974 omnia
1331 2952 1347 2977 ,
1374 2925 1445 2962 est
1470 2930 1637 2962 sensus
1652 2950 1667 2972 ,

647 2995 916 3043 molestiam
941 2993 1014 3041 illi
1041 2994 1174 3053 fore,
1200 2994 1253 3042 in
1281 3007 1383 3058 quo
1408 2994 1572 3041 futura
1601 2995 1667 3041 ait

645 3075 788 3140 eulpa
809 3110 824 3133 ‚
849 3089 950 3139 quo
985 3073 1146 3120 minua
1170 3073 1344 3120 iterum
1372 3073 1566 3137 possint
1591 3088 1665 3120 re·

645 3155 752 3202 dire
775 3153 985 3201 invicem
1014 3151 1062 3198 in
1087 3153 1310 3215 gratiam.
1338 3154 1388 3200 J.
1410 3153 1476 3198 A.
1498 3150 1662 3198 Fabri·

644 3236 773 3300 cius,
800 3231 929 3281 Bibl.
961 3234 1070 3278 Lat.
1095 3229 1185 3278 lib.
1214 3232 1266 3291 1,
1291 3245 1400 3293 cap.
1430 3229 1478 3278 8.
1500 3229 1661 3291 Quam

643 3313 929 3378 opinionem
947 3308 1210 3373 probamus
1233 3307 1406 3356 leviter
1429 3308 1658 3357 emenda-

645 3405 740 3441 tam
767 3409 794 3439 a
820 3393 871 3440 J.
896 3390 961 3439 V.
985 3391 1044 3436 L.
1075 3388 1279 3452 Scripsit
1302 3387 1426 3446 hoc,
1454 3388 1659 3452 opinor,

641 3474 839 3532 Cicero,
855 3480 914 3519 ut
928 3467 1221 3532 Epicureum
1239 3466 1390 3514 Attici
1410 3477 1659 3531 torporem

640 3551 886 3598 excitaret.
913 3546 1126 3595 Volebat
1152 3544 1234 3593 ille
1259 3545 1456 3608 quidem
1484 3561 1660 3595 recou-

638 3633 790 3680 ciliari
817 3647 928 3679 cum
963 3628 1172 3676 Lucceio
1187 3664 1202 3690 ‚
1226 3627 1313 3675 aed
1337 3626 1492 3675 aliena
1517 3628 1658 3677 Cice·

639 3713 772 3758 mnis
788 3721 936 3774 atque
948 3709 1213 3756 amicorum
1234 3723 1398 3772 opera.
1409 3707 1546 3755 nulla
1559 3724 1661 3757 sua.

639 3789 725 3846 Id,
739 3789 874 3852 quod
891 3805 954 3836 ex
972 3788 1177 3852 epistola
1190 3787 1337 3848 huius
1354 3786 1468 3835 libri
1487 3788 1657 3850 quinta

633 3867 844 3931 intelligi
879 3877 1070 3930 potest,
1105 3867 1317 3931 itemque
1352 3883 1413 3914 ex
1445 3866 1653 3916 decima.

637 3950 829 3994 Frustra
865 3960 983 4007 ergo
1009 3946 1044 3991 ii
1058 3979 1073 4003 ‚
1102 3961 1227 4008 quoa
1253 3944 1504 3992 Fabricius
1529 3944 1654 3992 deai-

636 4035 750 4089 gnat
771 4060 786 4082 ,
841 4023 1126 4071 Ciceronem
1176 4023 1497 4073 traducebant
1519 4057 1535 4082 ‚
1579 4025 1653 4071 uti

632 4102 947 4170 perfidiosum
992 4100 1237 4150 hominem
1282 4113 1428 4166 atque
1462 4103 1654 4167 impro-

631 4186 748 4235 bum
775 4220 790 4246 ,
825 4181 911 4247 qui
956 4180 1269 4245 polliceretur
1317 4183 1559 4230 facturum
1601 4198 1653 4230 se

1757 2360 1858 2409 anis
1873 2358 2086 2419 artibus,
2099 2371 2154 2410 ut
2168 2360 2315 2422 hujus
2328 2360 2621 2438 'offensionis
2636 2361 2786 2429 culpa

1756 2440 1915 2487 omnis
1964 2451 2111 2504 atque
2162 2440 2345 2487 invidia
2392 2441 2444 2488 in
2481 2442 2748 2491 Lucceium
2768 2479 2783 2503 ,

1755 2536 1856 2583 quo
1887 2522 1997 2582 jure
2022 2558 2037 2581 ‚
2075 2538 2171 2585 qua
2207 2521 2387 2582 injuria
2412 2555 2427 2578 ,
2461 2521 2779 2571 derivaretur.

1753 2603 1907 2649 Aiunt
1930 2604 2219 2652 Ciceronem
2244 2604 2312 2650 ita
2337 2601 2547 2650 scribere
2561 2638 2578 2660 ,
2609 2614 2667 2650 ut
2687 2606 2785 2651 At-

1755 2681 1856 2728 tico
1875 2681 1988 2746 plue
2006 2682 2214 2743 tribuat,
2231 2697 2376 2745 quam
2394 2683 2619 2729 Lucceio.
2643 2682 2783 2744 Quid

1757 2770 1919 2808 tamen
1944 2761 2154 2809 scribere
2173 2771 2367 2824 poterat
2380 2762 2532 2824 magia
2551 2775 2609 2808 ex
2629 2763 2781 2825 equi-

1757 2849 1884 2899 tate,
1911 2857 2057 2904 quam
2085 2839 2216 2888 istud
2235 2841 2258 2887 P
2287 2842 2344 2886 In
2370 2840 2606 2888 utrolibet
2630 2841 2776 2906 culpa

1756 2919 1873 2976 erit,
1909 2919 1982 2967 illi
2008 2919 2102 2967 en't
2135 2918 2372 2967 molestia.
2400 2921 2528 2966 Tum
2563 2920 2686 2967 nihil
2721 2921 2777 2970 iu

1753 2998 1911 3047 tribua
1965 3010 2036 3046 eat
2073 2998 2293 3063 epistolia
2314 3033 2329 3056 ‚
2366 2998 2499 3047 uude
2532 2999 2732 3065 colligas
2757 3036 2776 3059 ,

1753 3075 1874 3124 falso
1928 3076 2067 3142 queri
2114 3077 2375 3126 Lucceium
2412 3093 2427 3127 ε
2463 3090 2578 3127 sunt
2612 3090 2775 3127 autem

1746 3155 1902 3203 multa
1933 3191 1948 3215 ‚
2001 3172 2109 3221 qnae
2166 3155 2469 3220 significent,
2503 3158 2777 3220 profectam

1750 3250 1854 3282 eeac
1878 3235 1939 3282 nb
1958 3237 2125 3284 Attico
2144 3251 2340 3299 gravem
2366 3236 2769 3296 injuriam.01.1v.

1823 3314 1873 3363 5.
1932 3315 2250 3384 Desigmatum
2303 3332 2415 3364 esse.
2453 3316 2625 3378 Magna
2671 3317 2771 3364 fnit

1750 3392 2070 3457 discrepantia
2118 3397 2248 3442 inter
2289 3397 2344 3444 P.
2382 3395 2655 3442 Manutium
2710 3411 2771 3443 ac

1749 3471 2039 3520 Corradum.
2066 3472 2161 3520 Hic
2182 3474 2384 3538 putabat
2404 3473 2480 3536 agi
2502 3472 2563 3521 de
2593 3489 2775 3522 conau-

1747 3552 1849 3599 latn
1884 3549 2139 3601 Ciceronis
2161 3587 2177 3612 ,
2215 3556 2470 3602 Manutius
2506 3564 2668 3602 autern
2706 3555 2772 3603 de

1747 3642 2131 3694 pretura,quem
2155 3631 2352 3681 Schiitz.
2381 3632 2581 3681 omnino
2604 3635 2775 3697 aequi·
2829 3693 2847 3703 ⁹

1749 3721 1848 3757 tur.
1884 3711 2087 3758 Faciunt
2122 3726 2234 3759 cum
2265 3713 2492 3760 Manutio
2519 3712 2770 3760 Caaaubo-

1748 3804 1866 3847 uus,
1902 3801 1952 3838 et
1986 3790 2303 3854 Mongaltm:
2332 3790 2395 3839 de
2420 3806 2629 3855 quornm
2655 3809 2771 3840 aen-

1746 3869 1895 3916 tentia
1935 3867 2160 3918 Olivetua
2194 3869 2245 3915 in
2282 3868 2519 3917 laterculo
2554 3870 2772 3918 chrono-

1741 3944 1905 4010 logico
1953 3945 2079 3995 hanc
2137 3947 2392 4011 epistolam
2448 3948 2575 3998 dixit
2625 3950 2773 3997 fuine

1741 4025 1970 4089 scriptam
2016 4042 2098 4076 an.
2142 4026 2269 4075 urb.
2310 4028 2444 4085 686;
2489 4027 2629 4091 quod
2664 4045 2767 4077 non

1739 4104 2084 4154 animadvertit
2121 4108 2379 4164 Muretus,
2426 4107 2511 4171 qui
2558 4107 2765 4156 Con-adi

1740 4186 2033 4234 sententiam
2061 4185 2311 4250 amplexus
2334 4195 2422 4235 eat.
2451 4187 2543 4233 En.
