3023 4773
909 395 1466 479 amsi-ome,
1515 396 1768 482 xm,
1824 395 1931 466 18.
2392 424 2486 498 29

342 529 562 592 men’
615 517 923 591 dubium
956 516 1212 604 nobiS‚
1266 521 1452 615 quin
1508 519 1609 588 ita
1650 515 1979 589 futurum
2022 516 2279 608 fuerit,
2329 546 2482 593 non

345 630 544 725 erat)
563 684 583 718 ‚
609 629 806 701 ultro
840 627 930 699 ad
960 653 1126 700 eum
1158 631 1543 728 scripsisse,
1574 631 1788 725 eique
1819 652 1955 700 nec
1986 632 2317 728 opinanti
2353 657 2482 703 vo-

341 742 699 814 luntatem
751 755 949 811 tuam
994 752 1270 809 tantam
1313 761 1445 835 per
1482 736 1726 808 literas
1770 735 2129 810 detulisse.
2172 743 2284 811 De
2329 764 2482 837 quo

343 878 499 924 non
554 849 772 922 modo
809 873 1062 947 rogare
1100 862 1214 930 te,
1266 862 1350 919 ut
1406 871 1496 918 eo
1543 846 1936 918 studiosius
1979 872 2138 919 mea
2180 876 2482 949 quoque

342 985 565 1033 causa
598 958 850 1047 faciem,
887 983 1035 1029 non
1075 955 1311 1028 debeo
1355 956 1588 1054 (nihil
1624 957 1817 1028 enim
1855 956 2288 1033 cumulatius
2321 958 2480 1034 fieri

342 1085 590 1170 potest
606 1123 625 1156 ‚
645 1093 866 1166 quam
892 1066 1332 1167 polliceris),
1354 1065 1480 1139 sed
1507 1092 1602 1139 ne
1629 1070 1892 1163 gratias
1920 1066 2217 1166 quidem
2246 1095 2478 1168 agere,

342 1178 549 1278 quod
573 1175 601 1222 ³
647 1194 730 1248 tu
766 1191 841 1249 et
876 1179 1099 1276 ipsius
1138 1201 1383 1264 eausa,
1416 1191 1488 1248 et
1523 1193 1649 1249 tua
1680 1193 1939 1277 sponte
1977 1176 2250 1251 feceris.
2289 1180 2477 1253 Illud

339 1305 589 1361 tamen
615 1286 850 1359 dicam
872 1342 892 1373 ‚
915 1287 1094 1358 mihi
1120 1287 1193 1358 id
1214 1343 1234 1374 ‚
1263 1287 1465 1385 quod
1487 1286 1757 1376 fecisti,
1783 1312 1938 1360 esse
1972 1290 2474 1386 gratissimum.

339 1398 511 1470 Tale
540 1400 736 1469 enim
767 1412 978 1469 tuum
1009 1396 1364 1493 judicium
1395 1397 1487 1470 de
1527 1397 1822 1470 homine
1849 1423 1962 1488 eo,
1999 1425 2220 1497 quem
2264 1405 2478 1475 unice

340 1508 568 1608 diligo
595 1563 614 1597 ,
652 1532 804 1579 non
837 1522 1076 1607 potest
1115 1507 1295 1579 mihi
1341 1532 1490 1578 non
1532 1532 1811 1579 summe
1845 1532 2000 1580 esse
2040 1506 2476 1605 jucundum.

338 1617 564 1711 Quod
599 1642 831 1717 quum
873 1620 971 1688 ita
1008 1620 1139 1706 sit,
1172 1642 1326 1689 esse
1361 1633 1646 1715 gratum
1688 1641 1981 1691 necesse
2019 1634 2145 1692 est.
2193 1615 2334 1693 Sed
2368 1636 2476 1695 ta·-

339 1756 509 1802 men
531 1784 553 1817 ,
588 1754 821 1827 quum
859 1727 1088 1817 mihi,
1119 1752 1256 1827 pro
1292 1728 1809 1825 conjunctione
1846 1744 2128 1821 nostra,
2155 1728 2271 1803 vel
2301 1754 2475 1832 pec-

341 1863 504 1910 care
551 1837 747 1937 apud
801 1852 872 1909 te
922 1841 997 1908 in
1039 1837 1422 1910 scribendo
1471 1832 1637 1910 licet
1686 1864 1702 1908 ε
1750 1852 2144 1938 utrumque
2189 1867 2477 1930 eorum,

339 1974 506 2048 quae
547 1949 799 2047 negavi
837 1942 1015 2019 mihi
1052 1942 1376 2021 facienda
1405 1972 1560 2020 esse
1584 2002 1603 2036 ‚
1625 1942 1899 2020 faciam.
1925 1953 2106 2021 Nam
2133 1964 2205 2022 et
2238 1952 2328 2024 ad
2366 1953 2473 2043 id,

339 2058 546 2157 quod
576 2060 790 2130 Attici
826 2084 1037 2130 causa
1079 2072 1149 2130 te
1184 2057 1565 2130 ostendisti
1592 2082 1746 2130 esse
1775 2056 2165 2149 facturum,
2192 2076 2475 2133 tantum
2496 2063 2515 2075 “

339 2170 557 2242 velim
602 2169 862 2258 addas,
920 2184 1274 2267 quantum
1322 2193 1408 2266 ex
1453 2182 1707 2240 nostro
1751 2193 2000 2240 amore
2051 2174 2475 2245 accessionis

337 2280 498 2354 fieri
527 2295 799 2380 potest,
828 2295 936 2369 et,
964 2278 1166 2379 quod
1194 2274 1414 2351 modo
1445 2277 1749 2351 verebar
1771 2278 1905 2351 tibi
1934 2284 2194 2378 gratias
2222 2306 2432 2380 agere
2454 2337 2474 2371 ‚

338 2416 542 2464 nunc
582 2392 794 2490 plane
836 2417 1012 2489 ago,
1071 2407 1291 2489 teque
1330 2394 1430 2461 ita
1468 2392 1880 2462 existimare
1919 2391 2120 2480 volo,
2165 2391 2472 2490 quibus-

338 2528 662 2601 cumque
702 2495 959 2574 officiis
1002 2504 1079 2573 in
1109 2503 1536 2601 Epiroticis⁴
1567 2499 2014 2598 reliquisque
2043 2501 2262 2575 rebus
2291 2507 2475 2575 Atti-

337 2639 512 2686 cum
553 2612 1063 2702 obstrinxeris,
1100 2612 1358 2684 iisdem
1396 2636 1513 2683 me
1558 2609 1691 2682 tibi
1724 2609 2119 2709 obligatum
2150 2611 2328 2684 fore.

412 2821 462 2852 α.
486 2805 665 2868 Quasi.
682 2838 724 2853 ..
756 2803 1158 2869 respondisses...
1186 2814 1362 2852 tamen.

339 2886 634 2950 impeditior
656 2894 731 2932 eet
759 2883 937 2931 horum
971 2881 1231 2931 verborum
1258 2884 1364 2943 jun·

338 2976 510 3023 etur-3
539 2962 675 3027 qnod
694 2963 797 3023 jam
818 2963 1009 3010 Erneet.
1029 2961 1193 3010 sensit.
1218 2961 1361 3009 Unde

339 3046 454 3094 sch.
486 3045 618 3105 conj.
644 3044 851 3091 «Attico
879 3041 1239 3106 respondisses,
1263 3051 1362 3088 tam

335 3123 604 3172 liberaliter
620 3119 777 3186 (qnod
800 3131 978 3178 tamen,
1001 3119 1151 3187 ete.)·
1171 3121 1205 3168 J
1211 3122 1291 3170 .V.
1306 3121 1361 3169 1..

416 3204 464 3252 3.
495 3201 656 3265 Quod.
681 3201 734 3249 Si
755 3200 883 3248 enim
910 3199 964 3247 id
993 3215 1098 3246 mea
1134 3214 1277 3248 cansa
1295 3200 1364 3247 fe·

336 3285 488 3331 ciues
509 3315 527 3341 ‚
570 3281 746 3345 gratias
780 3280 886 3344 ipse
921 3294 1061 3343 agere
1104 3277 1363 3327 deberem:

335 3369 496 3427 quum
525 3376 641 3408 vero
674 3360 827 3424 ipsius
869 3373 1011 3406 eausa
1051 3357 1253 3414 feceris,
1299 3357 1365 3404 ad

333 3459 452 3492 enm
488 3441 732 3505 pertinere
767 3438 1026 3505 gratiarnm
1063 3436 1192 3484 actio
1231 3436 1365 3484 vide-

334 3533 440 3570 tur.
460 3522 766 3584 Quamquam
784 3534 846 3566 ne
862 3517 945 3566 ille
966 3516 1166 3581 quidem
1191 3515 1365 3580 gratias

335 3600 485 3649 dehet
520 3612 693 3665 agere:
736 3613 837 3646 non
870 3597 1000 3645 enim
1036 3594 1102 3644 ab
1135 3611 1197 3643 eo
1223 3610 1364 3659 rogn-

335 3690 442 3743 tns,
466 3689 551 3727 ant
571 3677 867 3738 admonitus,
888 3675 975 3725 sed
998 3674 1132 3724 ultro
1153 3674 1257 3740 ipse
1273 3689 1363 3722 nec

1450 2801 1673 2866 opinanti
1698 2801 2000 2850 voluntatem
2036 2803 2082 2850 ei
2119 2813 2252 2851 tuam
2287 2813 2476 2856 tantum

1449 2896 1538 2945 per
1564 2881 1725 2928 literas
1752 2881 1989 2930 detulisti.
2017 2885 2191 2947 Itaque
2214 2886 2473 2950 gratiarnm

1449 2962 1581 3009 actio
1623 2961 1757 3008 nnlln
1809 2973 1998 3026 equare
2042 2973 2205 3028 potest
2253 2962 2472 3016 officinm

1448 3051 1602 3089 tunm.
1631 3041 1777 3088 Mn«.

1523 3129 1574 3178 4.
1590 3118 1867 3184 Epiroticis.
1891 3120 2225 3169 Posses-iones
2245 3121 2297 3168 in
2322 3120 2474 3184 Epiro

1450 3200 1649 3249 Atticus
1684 3199 1876 3258 habuit,
1912 3210 1969 3247 nt
2004 3200 2225 3264 epistole
2264 3200 2328 3248 ad
2363 3217 2475 3248 eum

1449 3278 1667 3343 scriptae,
1697 3289 1746 3327 et
1770 3281 1939 3346 Nepos
1958 3279 2012 3327 in
2036 3278 2138 3326 vita
2158 3279 2473 3329 demonstrat.

1452 3357 1626 3421 Epirus
1657 3369 1817 3406 antem
1841 3357 1939 3406 hoc
1977 3368 2196 3423 tempore
2229 3358 2292 3406 ad
2319 3361 2473 3424 impe-

1450 3437 1577 3484 rinm
1601 3438 1831 3502 Sulpicii,
1855 3438 2090 3486 Achaiam
2114 3439 2348 3503 regentis,
2372 3454 2478 3504 per-

1451 3515 1601 3564 tinuit
1622 3532 1643 3576 t,
1682 3528 1820 3566 antea
1868 3518 2168 3566 Macedoniae
2206 3519 2478 3584 provinciae

1450 3611 1564 3660 pars
1590 3595 1713 3656 suit,
1741 3606 1798 3644 nt
1825 3595 2039 3646 ostendit
2075 3598 2233 3646 oratio
2264 3597 2319 3645 in
2344 3596 2479 3644 Piso-

1449 3690 1578 3723 nem.
1600 3675 1749 3724 Mu«.

1132 3886 1705 3920 *-
