3023 4773
560 413 1101 484 EPISToLAE
1153 413 1285 480 AD
1336 411 1847 492 Amico-M,
1887 414 1965 493 ι,
2002 415 2106 495 14.
2257 412 2393 482 305

207 533 214 537 ’
271 537 404 633 qui
437 535 611 605 mihi
649 534 934 605 laudem
976 533 1168 603 illam
1212 557 1300 603 eo
1338 536 1574 601 minus
1610 531 1941 622 deberet,
1987 533 2185 629 quod
2221 539 2398 606 meis

273 645 613 716 omnibus
677 646 976 715 literis¹7
1057 644 1133 712 in
1207 645 1638 739 Pompeiana
1713 642 1923 711 laude
1980 648 2399 741 perstrictus

278 746 460 825 esset
489 752 569 823 ¹⁸.
609 758 737 824 Hic
766 753 918 824 dies
947 776 1061 821 me
1092 752 1299 823 valde
1334 756 1588 823 Crasso
1626 750 1986 846 adjunxit:
2026 770 2096 823 et
2126 770 2398 838 tamen,

275 863 368 933 ab
419 865 543 934 illo
589 880 867 962 aperte,
914 875 1179 934 tecte¹9
1217 862 1575 959 quidquid
1621 877 1729 932 est
1770 862 2052 947 datum,
2095 863 2403 936 libenter

276 984 547 1075 accepi.
589 986 738 1076 Ego
771 994 1009 1049 autem
1049 984 1240 1075 ipse,
1269 979 1366 1048 dii
1403 975 1612 1049 boni!
1651 1003 1801 1079 quo
1832 977 2052 1048 modo
2086 986 2404 1069 ἐνεπερπε-

279 1097 661 1190 ρευοτίμην20
707 1119 898 1165 novo
950 1093 1260 1164 auditori
1309 1093 1694 1190 Pompeio?
1734 1093 1792 1161 si
1835 1116 2178 1187 umquam
2230 1095 2409 1164 mihi

277 1204 657 1305 περίοδοιῊ,
699 1211 736 1286 ἢ
776 1211 1051 1303 καμπαὶ,
1099 1210 1135 1285 ἢ
1178 1211 1603 1302 ἐνθυμήματα,
1646 1209 1682 1283 ἢ
1725 1210 2097 1309 notrorum-,uoti
2139 1231 2406 1304 suppe-

280 1320 731 1407 ditaverunt,
781 1320 904 1389 illo
959 1333 1306 1414 tempore.
1373 1317 1566 1405 Quid
1629 1316 1899 1386 multa?
1950 1317 2294 1388 clamores
2315 1328 2403 1386 ²2.

358 1536 438 1579 ¹7·
476 1518 592 1566 Meis
619 1520 837 1566 omnibus
864 1518 1025 1566 literis.
1063 1520 1174 1566 Hoc
1201 1530 1273 1566 est
1289 1552 1303 1575 ,

283 1598 336 1644 in
358 1598 583 1645 omnibus
601 1635 615 1655 ‚
638 1616 748 1661 quae
766 1598 938 1661 scripsi
962 1598 1022 1644 de
1045 1598 1297 1661 Pompeio.

290 1680 410 1724 Puta
454 1678 504 1724 in
547 1679 768 1725 oratione
815 1676 1108 1737 ManiIIana;
1157 1688 1208 1724 et
1253 1676 1306 1722 id

286 1772 437 1817 genus
474 1756 581 1802 aliis
608 1756 801 1820 seriptis
827 1757 1094 1806 Ciceronis.
1119 1759 1301 1804 Gamv.

363 1836 439 1881 18.
472 1834 752 1881 Per-strictus
777 1847 918 1882 esset.
947 1834 1076 1881 Vide
1107 1845 1153 1881 et
1182 1846 1303 1881 orat.

284 1927 378 1975 pro
396 1911 500 1974 lege
515 1913 648 1958 Man.
680 1928 789 1975 cap.
820 1927 904 1968 ro,
935 1923 981 1959 et
1007 1928 1099 1976 pro
1124 1913 1303 1971 Sextio,

287 1993 316 2038 3
331 2007 371 2037 ι.
391 1995 564 2040 onon.

365 2085 444 2131 ¹9·
494 2068 569 2114 Ab
607 2067 690 2114 illo
725 2079 923 2130 aperte,
963 2078 1102 2116 tecte.
1151 2070 1308 2128 Hujus

282 2151 391 2197 loci
425 2147 506 2193 hie
541 2158 614 2193 est
650 2162 818 2193 sensus
843 2160 857 2194 :
887 2147 1002 2193 Non
1028 2148 1093 2193 ita
1121 2164 1197 2194 me
1224 2148 1309 2194 ad·

280 2228 433 2290 junxi
462 2228 661 2282 Crasso,
679 2236 733 2272 ut
754 2226 954 2288 gratiam
977 2238 1025 2274 et
1050 2226 1308 2274 amicitiam

285 2305 510 2369 Pompeii
547 2304 850 2367 negligerem.
880 2305 1003 2353 Nam
1032 2316 1228 2363 eontra,
1255 2317 1310 2355 ut

289 2386 429 2434 illum
449 2384 567 2432 mihi
584 2383 834 2431 redderem
850 2384 1151 2445 amiciorem,
1172 2385 1309 2450 quod

291 2466 372 2513 ille
398 2466 516 2512 mihi
540 2474 663 2511 tecte
686 2462 910 2524 dederat,
930 2465 1097 2530 accepi
1118 2477 1308 2529 aperte,

294 2557 342 2592 et
369 2546 525 2609 palam
548 2545 591 2591 ei
617 2545 793 2608 gratias
813 2546 919 2608 egi,
943 2546 1080 2609 quasi
1102 2545 1307 2609 apertis-

295 2627 412 2672 sime
439 2642 514 2672 me
537 2624 794 2673 laudasset.
820 2626 1037 2673 Canus.

369 2720 449 2751 ao,
474 2693 971 2770 Evempmpmium.
997 2707 1175 2753 Sensus
1196 2717 1269 2752 est
1292 2720 1306 2754 τ

301 2785 403 2846 Ego
437 2785 677 2830 ostentavi
713 2800 817 2843 me,
854 2785 951 2833 hoc
995 2795 1067 2833 est
1087 2819 1102 2843 ,
1131 2785 1312 2833 multus

301 2864 367 2910 fui
386 2865 438 2911 in
460 2863 775 2911 declamando
789 2865 849 2912 de
862 2866 1006 2914 rebus
1019 2867 1164 2929 gestis
1178 2869 1311 2924 meis,

301 2959 378 2989 eas
402 2942 512 2989 auxi
530 2977 544 2999 ,
570 2959 648 2990 eas
687 2945 855 2991 ornavi
875 2978 889 3001 ,
913 2962 992 2992 eas
1019 2942 1312 3009 amplificavi

301 3021 524 3069 audiente
548 3022 784 3084 Pompeio
800 3055 813 3079 ,
833 3024 928 3070 imo
950 3035 1006 3072 ut
1024 3025 1210 3071 audiret
1224 3041 1314 3072 no·

303 3118 390 3148 vus
415 3102 615 3149 auditor
641 3103 916 3165 Pompeius.
943 3105 1069 3165 Quia
1094 3105 1221 3151 enim
1240 3121 1314 3151 re·

304 3197 415 3226 cens
453 3180 532 3226 ille
571 3180 859 3239 advenerat,
900 3198 989 3229 nee
1013 3183 1169 3229 suerat
1200 3183 1316 3230 alias

303 3259 497 3306 auditor
523 3276 657 3306 meus
674 3295 688 3317 ‚
710 3276 860 3323 quum
900 3277 991 3324 ego
1014 3260 1141 3308 idem
1180 3277 1316 3324 argu-

305 3350 518 3385 mentum
539 3349 807 3396 tractarem‚
820 3340 957 3387 volui
977 3357 1108 3388 nunc
1127 3352 1314 3403 arrepta

303 3419 392 3464 hac
420 3418 673 3465 ocoesione
699 3417 889 3465 efficere
906 3454 920 3477 ,
946 3431 1000 3467 ut
1027 3420 1109 3467 ille
1129 3435 1204 3466 me
1234 3435 1315 3465 eo·

305 3508 559 3560 gnosceret
583 3498 801 3560 penitus,
835 3510 882 3545 et
906 3498 1061 3562 qualis
1091 3509 1321 3561 quantus·

306 3593 400 3639 que
419 3577 535 3632 sim,
560 3588 884 3640 quantamque
910 3594 968 3625 eo
990 3578 1189 3625 absente
1220 3577 1320 3640 glo·

305 3656 422 3701 riam
467 3655 558 3700 sim
595 3668 940 3720 consequutus.
967 3661 1081 3705 Haec
1109 3668 1179 3704 est
1208 3672 1319 3703 vera

308 3735 450 3795 liujus
505 3734 842 3797 elegantissimi
897 3737 995 3784 loci
1047 3735 1281 3785 sententia
1306 3770 1321 3794 ,

310 3830 454 3875 quam
475 3814 619 3877 primi
646 3814 927 3876 detegimus.
953 3817 1075 3863 Nam
1094 3818 1324 3879 iuterpre-

314 3904 382 3939 tes
410 3886 548 3941 εΰὸὲν
574 3891 716 3960 ὑγιές.
743 3894 956 3941 Canus.
995 3933 1012 3950 ,

383 3989 463 4018 21.
516 3966 752 4038 Περίοδοι,
779 3973 1001 4020 Ambitus
1037 3975 1322 4030 verborum,

1393 1532 1502 1581 quae
1525 1517 1648 1574 sint,
1670 1517 1830 1564 dicere
1856 1517 1977 1564 nihil
1999 1519 2187 1566 attinet.
2207 1518 2412 1585 Καμπαὶ

1392 1608 1505 1643 sunt
1521 1630 1534 1654 ‚
1548 1607 1677 1643 recte
1699 1596 1971 1660 explicante
1993 1599 2040 1643 J.
2058 1600 2109 1644 F.
2138 1600 2413 1656 Gronovio‚

1393 1675 1620 1724 clausulae
1635 1710 1648 1733 ,
1675 1675 1828 1723 flexus
1871 1675 2039 1722 molles
2075 1677 2309 1724 orationis
2349 1678 2410 1724 ab

1391 1772 1486 1802 una
1506 1767 1644 1819 parte
1664 1755 1715 1801 in
1735 1755 1876 1801 aliam
1890 1788 1904 1807 ,
1926 1752 2103 1817 quibus
2122 1755 2194 1802 uti
2216 1755 2331 1804 licet
2359 1757 2410 1803 in

1390 1851 1562 1897 genere
1609 1828 1908 1898 ἐπιδευιτυιῷ
1941 1834 2117 1896 magis,
2144 1834 2229 1880 ubi
2280 1835 2415 1898 inge-

1390 1916 1527 1961 nium
1572 1925 1620 1961 et
1659 1914 1989 1976 eloquentiam
2038 1914 2218 1973 jactare
2264 1913 2380 1962 lieet
2396 1949 2410 1972 ‚

1391 2009 1537 2055 qnam
1557 1993 1606 2039 in
1624 1994 1897 2041 forensibus
1913 1992 2218 2039 oratIOnibus
2233 2027 2247 2049 ,
2264 1994 2413 2041 autin

1393 2072 1646 2119 sententiis
1673 2072 1733 2119 de
1755 2089 1805 2118 re
1828 2072 1958 2134 gravi
1990 2071 2226 2120 dicendis.
2276 2061 2414 2120 Evau-

1393 2146 1597 2214 μήματα
1630 2166 1733 2197 non
1760 2161 1897 2207 sunt,
1925 2167 2033 2213 quae
2061 2151 2413 2199 recentioribus

1394 2228 1658 2276 dialecticis
1679 2230 1931 2290 dicuntur,
1950 2241 2086 2292 parte
2103 2231 2311 2294 quadam
2329 2250 2414 2279 sua

1396 2307 1607 2354 truncati
1626 2307 1927 2370 syllogismi,
1952 2306 2037 2354 sed
2074 2310 2286 2371 antiquis
2306 2311 2415 2358 rhe-

1396 2386 1583 2434 toribus
1599 2385 1849 2434 celebratae
1863 2386 1956 2436 illae
1971 2389 2219 2435 sententiae
2232 2424 2246 2444 ‚
2261 2405 2287 2436 e
2300 2406 2416 2437 con-

1393 2466 1551 2518 trariis
1579 2465 1968 2530 conclusas,quoe
1994 2478 2196 2530 propter
2208 2467 2416 2517 brevita-

1394 2556 1491 2591 tem
1517 2556 1567 2591 et
1592 2546 1831 2594 contraria
1870 2561 2072 2594 acumen
2102 2547 2302 2609 aliquod
2332 2547 2415 2594 ha-

1396 2624 1511 2672 bent
1532 2633 1557 2681 ,⁶
1581 2624 1737 2686 qualis
1750 2635 1821 2674 est
1838 2624 1917 2672 illa
1936 2629 2103 2676 Horat.
2126 2628 2275 2674 Scrm.
2292 2628 2334 2687 1,
2357 2628 2383 2673 3
2403 2662 2416 2683 ,

1404 2705 1499 2751 ωδ
1521 2718 1534 2750 :
1557 2705 1695 2751 «Cur
1722 2716 1863 2767 optas
1890 2705 2028 2766 quod
2054 2705 2238 2753 habes?
2256 2727 2279 2746 ··
2303 2706 2414 2753 Alia

1396 2784 1613 2847 exempla
1638 2784 1965 2847 suppeditabit
1990 2784 2163 2833 Cicero
2192 2785 2242 2830 in
2266 2786 2419 2847 Topi-

1399 2866 1491 2917 cis,
1506 2878 1615 2925 cap.
1641 2880 1658 2908 1
1670 2861 1717 2907 3.
1730 2861 2016 2915 Κατασκευῆ
2031 2875 2189 2909 autem
2208 2863 2297 2909 etsi
2317 2857 2418 2909 non

1399 2941 1615 2989 eamdem
1635 2957 1825 3004 semper
1842 2942 1972 3005 apud
1996 2942 2211 2990 rhetores
2233 2942 2325 2987 vim
2341 2941 2419 2987 ha·

1400 3022 1505 3080 bet,
1531 3032 1806 3067 tamennon
1831 3021 2033 3067 dubium
2061 3021 2281 3076 mihiest,
2299 3020 2420 3081 quin

1398 3102 1497 3150 hoe
1521 3102 1633 3149 loco
1650 3101 1837 3147 dicatur
1857 3098 2195 3148 «confirmatio
2218 3101 2420 3159 alicujus

1400 3182 1508 3228 rein
1533 3180 1857 3244 (Quintilian.
1886 3183 1934 3227 11
1955 3217 1969 3241 ,
2001 3188 2029 3231 4
2047 3179 2087 3244 ),
2118 3197 2226 3242 quae
2246 3190 2293 3227 et
2320 3196 2419 3226 am·-

1401 3258 1748 3324 plificationem
1770 3259 2137 3324 complectitur,
2156 3275 2305 3322 quum
2320 3259 2423 3321 agi-

1403 3356 1510 3386 mus
1528 3351 1805 3403 argumenta
1822 3375 1835 3398 ,
1849 3339 1985 3404 quod
1999 3339 2221 3401 Longino
2240 3338 2421 3404 τρέφειν

1405 3418 1609 3474 dicitur,
1639 3431 1787 3481 quum
1811 3419 2066 3467 dilatamus
2094 3433 2193 3464 rem
2215 3430 2264 3464 et
2282 3433 2421 3480 auge·

1406 3513 1510 3543 mus
1539 3499 1674 3544 omni
1701 3498 1913 3557 ratione,
1942 3510 1996 3545 ut
2016 3497 2211 3544 auditor
2231 3497 2326 3544 vim
2354 3500 2422 3544 rei

1406 3589 1488 3624 aut
1504 3578 1776 3639 argumenti
1798 3578 1977 3641 capiat,
2004 3578 2052 3623 in
2071 3592 2172 3638 quo
2186 3576 2262 3623 vel
2277 3579 2422 3624 maxi-

1410 3672 1484 3702 me
1511 3672 1693 3702 summa
1723 3656 1997 3718 eloquentia
2025 3655 2248 3702 cernitur.
2292 3659 2419 3704 Eas.

1412 3762 1479 3772 --
1497 3732 1692 3781 Schiitz.
1716 3750 1806 3798 pro
1829 3733 1860 3787 ἦ
1884 3735 2073 3797 reponit
2093 3735 2154 3784 si.

1487 3831 1570 3861 αα.
1606 3813 1863 3860 Clamores.
1895 3815 1975 3860 An
2002 3814 2242 3862 hoodie-it
2263 3817 2285 3862 ,³
2330 3814 2430 3861 cla·

1416 3910 1575 3942 mores
1602 3907 1704 3938 mea
1743 3892 1962 3940 oratione
1987 3905 2036 3940 et
2062 3895 2260 3957 plausus
2284 3906 2431 3957 atquo·

1419 3970 1733 4038 ἐπισημασίας
1766 3973 1973 4019 excitavi
2001 3974 2060 4020 ab
2106 3972 2433 4022 auditoribus.

311 4052 563 4120 autslexus
577 4051 924 4106 clausularum,
937 4065 1025 4099 aut
1042 4055 1330 4117 argumenta
1421 4055 1498 4100 An
1511 4052 1607 4099 hoc
1621 4051 1784 4114 potius
1794 4054 1816 4098 Ρ
1830 4052 2059 4102 clamores
2073 4070 2275 4118 magnos
2289 4051 2439 4102 edidi,

311 4131 572 4191 rhetorum,
585 4142 670 4176 nect
685 4132 1091 4198 confirmaciones.
1110 4127 1331 4199 Περίοδοι
1421 4143 1466 4177 et
1486 4167 1499 4190 ‚
1531 4143 1585 4178 ut
1625 4147 1741 4177 mox
1780 4131 2021 4194 loquitur,
2066 4134 2251 4180 sonitus
2266 4165 2280 4186 ,
2322 4131 2437 4175 dum

556 4221 899 4294 I[.sic·.‘1mrs
934 4245 1112 4295 qemrtu.

2170 4240 2260 4282 20
