3023 4773
619 379 747 454 152
1247 385 1344 451 M.
1395 384 1470 450 T.
1534 383 2097 453 CICERONIS
2151 375 2154 378 “

700 506 853 599 Ego
881 515 1281 573 ceterarum
1312 525 1560 578 rerum
1590 527 1803 574 causa
1838 501 1971 573 tibi
2008 506 2312 572 Romam
2341 523 2745 598 properan-

605 613 784 685 dum
810 635 1252 709 magnopere
1271 602 1538 685 oenseo
1557 622 1612 682 9.
1643 618 1824 686 Nam
1851 626 1924 683 et
1949 636 2056 700 ea,
2070 635 2231 708 quae
2249 610 2749 707 reliqui,tran-

603 721 829 820 quilla
860 721 953 792 de
996 736 1069 792 te
1097 735 1341 810 erant3
1378 735 1451 794 et
1491 721 1628 796 hac
1657 738 1783 794 tua
1817 724 2092 794 recenti
2117 721 2495 792 victoriato
2517 735 2744 809 tanta,

600 831 873 903 clarum
898 829 1291 902 adventum
1327 846 1541 903 tuum
1565 831 1721 904 fore
1749 832 2095 930 intelligo.
2128 830 2268 904 Sed
2306 832 2366 903 si
2396 857 2541 929 qua
2568 846 2747 902 sunt

602 963 828 1011 onera
852 954 1145 1011 tuorum
1170 951 1188 984 ¹
1205 951 1253 1029 ¹,
1282 943 1342 1012 si
1369 956 1566 1013 tanta
1584 956 1754 1013 sunt
1779 954 1838 993 ¹²
1844 957 1969 1032 ‚ut
1988 968 2072 1014 ea
2104 943 2461 1014 sustinere
2483 943 2743 1041 possis,

602 1073 966 1173 propera:
1014 1050 1197 1121 nihil
1247 1050 1380 1123 tibi
1420 1057 1558 1125 erit
1609 1052 1911 1142 lautiu5‚
1947 1052 2124 1124 nihil
2171 1052 2575 1149 gloriosius.
2614 1055 2744 1124 Sin

604 1160 911 1255 majora3
959 1160 1377 1250 considera,
1415 1187 1510 1234 ne
1544 1163 1621 1232 in
1658 1163 2173 1234 alienissimum
2210 1175 2498 1260 tempus
2533 1161 2748 1234 cadat

602 1268 956 1341 adventus
991 1283 1181 1342 tuus.
1239 1272 1473 1367 Hujus
1515 1274 1621 1343 rei
1652 1285 1890 1344 totum
1927 1272 2309 1343 consilium
2347 1286 2556 1343 tuum
2590 1286 2742 1343 est:

600 1395 684 1451 tu
728 1382 923 1451 enim
965 1382 1137 1471 sciS‚
1179 1384 1360 1480 quid
1393 1385 1749 1456 sustinere
1789 1385 2043 1481 possis.
2102 1383 2176 1454 Si
2211 1396 2449 1480 potes,
2492 1381 2745 1453 lauda-

602 1489 750 1560 bile
792 1504 1010 1588 atque
1048 1492 1400 1590 populare
1436 1509 1564 1566 est.
1596 1497 1722 1565 Sin
1758 1493 1975 1591 plane
2016 1517 2167 1563 non
2203 1507 2445 1589 potes3
2481 1490 2750 1567 absens

601 1599 983 1672 hominum
1012 1628 1383 1676 sermones
1411 1602 1689 1676 facilius
1725 1601 2131 1676 sustinebis.

697 1713 809 1781 De
847 1736 964 1784 me
1001 1728 1244 1787 autem
1271 1714 1465 1787 idem
1492 1729 1738 1788 tecum
1776 1714 1890 1786 his
1930 1739 2066 1812 ago
2099 1713 2353 1799 literiS‚
2388 1712 2589 1810 quod
2626 1737 2747 1784 su-

598 1822 1015 1918 perioribus
1040 1825 1180 1921 egi,
1214 1839 1297 1895 ut
1323 1850 1580 1898 omnes
1600 1841 1770 1897 tuos
1798 1848 2059 1897 nervos
2087 1825 2163 1894 in
2191 1847 2280 1895 eo
2309 1821 2747 1907 contenda5‚

602 1954 699 2000 ne
732 1930 912 2027 quid
944 1931 1122 2003 mihi
1159 1932 1251 2005 ad
1295 1934 1484 2006 hanc
1521 1936 2004 2034 provinciam,
2033 1956 2255 2031 quarn
2294 1946 2368 2002 et
2412 1945 2743 2018 senatus,

606 2051 680 2108 et
716 2041 1036 2138 populus
1072 2067 1390 2115 annuam
1421 2069 1576 2117 esse
1604 2044 1869 2133 voluit,
1901 2044 2251 2142 temporis
2281 2057 2739 2141 prorogetur.

608 2152 762 2220 Hoc
790 2174 832 2220 a
862 2164 937 2223 te
960 2152 1060 2223 ita
1095 2155 1501 2244 contendo,
1533 2169 1619 2227 ut
1649 2157 1729 2228 in
1759 2181 1848 2228 eo
1879 2154 2211 2227 fortunas
2246 2177 2444 2225 meas
2477 2153 2747 2250 positas

603 2273 880 2355 putem.
908 2263 1145 2337 Habes
1182 2266 1505 2339 Paullum
1543 2281 1874 2343 nostrum
1896 2266 2129 2338 nostri
2166 2262 2744 2362 cupidissimum3

608 2382 716 2440 est
747 2374 1005 2463 Curio;
1044 2390 1153 2448 est
1195 2375 1607 2449 Furnius¹³.
1654 2378 1770 2449 Sic
1813 2377 2031 2457 velim
2068 2375 2381 2462 enitare,
2425 2374 2629 2471 quasi
2667 2373 2746 2444 in

608 2508 698 2554 eo
737 2488 883 2557 sint
925 2488 1105 2559 mihi
1139 2492 1405 2562 omnia.

704 2599 1123 2671 Extremum
1161 2600 1339 2675 illud
1368 2617 1476 2675 est
1513 2601 1605 2675 de
1638 2605 1757 2691 iis,
1790 2626 1951 2700 quae
1981 2621 2537 2700 proposueram,
2574 2622 2742 2668 con-

610 2702 921 2779 firmatio
949 2724 1214 2782 nostrae
1240 2715 1564 2785 amicitiae
1594 2743 1609 2785 :
1641 2713 1733 2786 de
1761 2708 1908 2810 qua
1941 2709 2274 2811 pluribus
2302 2707 2538 2781 verbis
2566 2708 2748 2778 nihil

610 2837 798 2911 opus
849 2833 976 2890 est.
1039 2826 1146 2893 Tu
1200 2847 1385 2921 puer
1433 2848 1554 2895 me
1589 2824 1960 2922 appetisti;
2003 2845 2138 2918 ego
2182 2835 2424 2891 autem
2462 2843 2752 2916 semper

612 2924 1039 3002 ornamento
1095 2947 1168 3005 te
1220 2935 1399 3011 mihi
1434 2933 1592 3008 fore
1635 2933 1832 3005 duxi.
1881 2932 2108 3004 Fuisti
2156 2932 2371 3003 etiam
2412 2926 2750 3028 praesidio

611 3155 707 3192 tem
733 3147 1141 3212 prosequebatur,
1162 3149 1299 3212 quod
1323 3147 1634 3197 inimicorum
1721 3148 1904 3195 onera?
1930 3144 2113 3211 opinor
2133 3144 2213 3193 vel
2239 3144 2549 3210 propinquus
2572 3141 2754 3207 aliquis

611 3240 855 3274 sermones
877 3227 1147 3277 refellebat.
1173 3229 1266 3275 En.
1722 3224 1904 3289 Cassii,
1921 3226 2001 3273 vel
2018 3228 2230 3284 amicus,
2249 3224 2339 3287 qui
2361 3239 2471 3270 cum
2494 3239 2555 3270 eo
2580 3223 2754 3270 fuisset

684 3319 735 3367 9.
776 3305 973 3354 Censeo.
1007 3308 1120 3354 Hoc
1164 3323 1274 3354 cum
1318 3305 1636 3371 sequentibus
1721 3306 1776 3355 in
1810 3304 2096 3371 provincia,
2122 3303 2347 3368 pecunie
2393 3312 2564 3350 contra
2614 3301 2756 3365 leges

614 3401 721 3432 non
756 3385 1002 3439 eohaerere
1037 3385 1152 3434 Soli.
1178 3395 1347 3450 putat,
1378 3397 1429 3433 et
1464 3386 1636 3435 suadet
1723 3397 1907 3451 capta,
1950 3396 2035 3433 aut
2070 3395 2248 3449 erepta
2282 3382 2629 3431 accusabatur:
2660 3385 2756 3446 qui

612 3480 714 3512 non
731 3479 920 3518 censeo.
944 3465 1173 3530 Sequitur
1191 3465 1349 3513 euim:
1379 3486 1401 3508 ι
1420 3463 1518 3513 Sed
1537 3465 1636 3515 ai...
1725 3466 1768 3514 si
1786 3465 2040 3513 damnatus
2058 3474 2208 3524 esset,
2235 3463 2543 3511 manifestum
2566 3462 2757 3527 praeju-

612 3558 823 3608 propera
842 3566 885 3592 υ.
917 3545 996 3594 Illi
1020 3545 1161 3594 facile
1180 3544 1445 3595 adsentior.
1472 3548 1567 3594 Eu.
1727 3544 1911 3593 dicium
1928 3542 2098 3592 fuisset
2113 3545 2166 3590 in
2188 3542 2429 3593 Cassium.
2458 3543 2604 3590 Mur.

690 3636 768 3670 10.
798 3621 1028 3672 Victoria.
1053 3624 1260 3673 Parthos
1287 3624 1417 3672 enim
1443 3625 1639 3674 Cassius
1802 3641 1883 3672 η.
1901 3624 1957 3672 Si
1969 3634 2113 3672 tanea
2127 3635 2255 3672 sunt.
2279 3625 2441 3671 Tanta
2466 3622 2642 3670 minuit
2663 3621 2756 3671 hic

612 3700 774 3761 fudit,
805 3701 1088 3766 tinguitque
1122 3714 1238 3769 post
1267 3703 1534 3754 adveutum
1557 3706 1639 3753 Ci-
1725 3704 1921 3769 potiua,
1954 3719 2100 3767 quam
2137 3712 2288 3766 anget
2319 3702 2707 3766 magnitudinem
2736 3718 2752 3753 ε

612 3776 805 3828 eei-onis
827 3781 879 3828 in
896 3782 1218 3845 provinciam.
1241 3784 1299 3831 1d
1325 3783 1544 3832 ostendit
1556 3800 1634 3848 ep.
1726 3794 1782 3832 ut
1799 3784 1942 3849 epist.
1967 3784 1995 3830 8
2013 3780 2259 3832 lib.v111:
2290 3803 2312 3825 ι
2334 3782 2388 3828 Si
2412 3792 2498 3830 aut
2524 3798 2628 3833 non
2654 3782 2758 3831 erit

618 3874 681 3905 xo
706 3857 792 3906 lib.
820 3861 1049 3910 uuis.
1074 3889 1143 3901 —-
1161 3864 1310 3912 Fudit
1330 3874 1490 3911 tamen
1519 3865 1633 3912 Par·
1723 3862 1832 3911 istic
1852 3862 2063 3922 bellum,
2087 3871 2173 3910 aut
2197 3872 2386 3910 tantum
2412 3860 2532 3920 erit,
2550 3869 2609 3908 ut
2631 3876 2752 3918 vos,

614 3936 726 3983 thos
753 3946 865 3985 ante
888 3937 1051 3987 Bibuli
1078 3940 1357 3999 adventum.
1371 3941 1487 3991 vid.
1506 3940 1633 3990 Phil.
1723 3952 1810 3991 aut
1831 3957 2157 3999 successores,
2175 3941 2338 4006 parvis
2362 3938 2543 3987 additis
2569 3941 2753 4005 copiis,

612 4017 714 4073 11,
748 4024 826 4071 ¹4·
863 4018 955 4066 ED-
1723 4021 1962 4070 sustinere
1981 4022 2228 4087 possint».
2259 4023 2407 4068 Inna.

691 4111 771 4148 ιι.
807 4098 971 4145 Onera
1002 4107 1210 4149 tuorum.
1237 4103 1361 4165 Quae
1388 4112 1503 4153 suut
1528 4102 1635 4153 haec
1800 4102 1880 4149 13.
1908 4100 2104 4151 Curio..
2120 4099 2366 4151 ,Furnium
2393 4097 2603 4146 Tribuni
2629 4097 2705 4161 pl.
