3023 4773
570 436 1081 506 EPISTOLAE
1131 437 1268 504 AD
1319 438 1835 523 ATTICUM,
1881 439 2020 524 IV,
2077 438 2185 509 16.
2277 436 2413 509 523

307 556 765 656 putabantur,
802 557 1157 627 Domitius
1194 582 1228 626 a
1268 558 1636 658 Memmio,
1664 559 1987 629 Messalla
2015 582 2056 629 a
2084 562 2170 648 Q.
2205 562 2414 629 Pom-

306 671 470 766 peio
498 665 720 753 Rufo,
754 672 1058 737 Scaurus
1078 663 1142 717 4³
1175 669 1503 739 aTriario
1524 722 1543 755 ,
1569 682 1693 737 aut
1724 692 1765 738 a
1795 674 1873 739 L.
1909 673 2203 740 Caesare.
2223 670 2416 759 Quid

305 784 571 875 poteris
591 832 610 864 ,
643 778 959 873 inquieS,
993 800 1128 873 pro
1164 779 1249 847 iis
1287 775 1570 847 dicere?
1597 781 1704 847 Ne
1733 781 1965 847 vivam
1987 831 2007 865 ,
2047 781 2101 848 si
2137 781 2305 849 scio.
2333 783 2420 848 In

300 885 440 958 illis
466 886 761 983 quidem
795 885 1023 957 tribus
1057 885 1256 958 libris
1272 889 1364 974 ⁴4,
1390 911 1576 983 quos
1603 901 1686 956 tu
1712 886 2033 958 dilaudas
2050 942 2069 975 ,
2106 887 2288 958 nihil
2316 913 2421 958 re-

302 1000 532 1094 perio.

398 1110 649 1193 Nunc,
676 1119 755 1176 ut
780 1106 1198 1203 opinionem
1228 1105 1493 1177 habeas
1513 1103 1858 1194 rerum45,
1882 1105 2261 1178 ferendum
2289 1123 2416 1180 est.

301 1219 611 1306 QuaeriS,
670 1239 806 1312 ego
863 1239 978 1285 me
1032 1232 1116 1287 ut
1158 1218 1543 1312 gesserim?
1593 1220 2026 1288 Constanter
2061 1232 2133 1288 et
2173 1217 2417 1289 libere.

300 1326 546 1417 Quid?
578 1322 799 1413 illeffi,
849 1327 1166 1423 inquies,
1204 1341 1287 1397 ut
1331 1325 1653 1398 ferebat?
1702 1330 2164 1413 Humaniter‚
2222 1353 2425 1398 meae-

301 1451 448 1532 q'ue
493 1435 893 1533 dignitatis,
935 1437 1177 1533 quoad
1211 1436 1390 1507 mihi
1426 1435 1866 1509 satisfactum
1899 1452 2113 1523 esset,
2150 1438 2427 1510 haben-

302 1545 469 1616 dam
494 1543 632 1616 sibi
660 1547 1012 1616 rationem
1030 1545 1350 1643 putabat.
1382 1549 1549 1637 Quo
1570 1547 1790 1619 modo
1818 1571 1988 1643 ergo
2009 1547 2429 1619 absolutus?

239 1695 257 1713 ·
304 1654 631 1724 Omnino
671 1653 979 1750 γοργεῒα47
1022 1656 1260 1748 γυμνοί·
1294 1667 1790 1724 accusatorum
1836 1652 2274 1723 incredibilis
2315 1656 2430 1723 in-

301 1761 524 1835 fantia
542 1816 561 1849 ,
589 1760 663 1832 id
686 1777 827 1850 est,
856 1765 935 1832 L.
964 1761 1289 1849 Lentuli,
1320 1766 1397 1832 L.
1435 1768 1509 1833 F.
1534 1817 1554 1851 ,
1584 1787 1804 1859 quem
1828 1761 2148 1833 fremunt
2177 1785 2429 1833 omnes

379 2004 442 2058 43
452 2037 465 2048 .
483 2000 832 2048 Scaums.Nou
841 1998 941 2062 jam
956 1998 1015 2045 de
1028 1999 1327 2063 repetundis,

304 2081 397 2131 sed
421 2081 480 2128 de
500 2079 700 2127 ambitu.
723 2077 851 2125 Vide
874 2077 1079 2140 Quintil.
1098 2079 1188 2135 1v,
1214 2092 1256 2123 1.

383 2166 467 2215 44.
502 2156 669 2205 Tribus
692 2155 841 2203 libris.
866 2155 1118 2203 Oratoriis.
1145 2157 1290 2204 Mur.

384 2238 468 2293 45.
514 2237 578 2282 Ue
609 2235 882 2300 opinionem
923 2234 1105 2282 habeas
1150 2250 1326 2281 rernm.

304 2320 433 2366 Haec
453 2331 565 2380 pers
583 2324 715 2372 tota,
741 2330 892 2378 usque
916 2314 1026 2361 ad·
1045 2312 1139 2361 Sed
1159 2313 1327 2377 accipe

304 2397 444 2444 ulia»
462 2394 798 2459 ‚Malaespinae
821 2393 1013 2440 videtur
1038 2409 1141 2441 esse
1167 2393 1326 2441 alieno

300 2476 422 2523 loco
450 2485 498 2521 et
523 2491 584 2521 ex
609 2474 698 2520 alia
728 2472 929 2536 epistola
954 2472 1054 2519 buc
1086 2473 1325 2521 translata.

303 2557 452 2606 Certe
483 2570 660 2601 nomen
703 2551 923 2609 Gabinii,
964 2552 1104 2611 cujus
1138 2551 1220 2598 hie
1266 2551 1328 2599 de

298 2633 497 2697 jndicio
536 2644 634 2681 tam
675 2632 827 2680 mults
863 2631 1125 2691 dicuntur,
1167 2630 1328 2678 omitti

304 2729 415 2761 nou
465 2712 647 2760 debuit.
704 2711 970 2760 Emendare
1018 2720 1179 2757 tamen
1226 2721 1329 2757 ten-

305 2791 474 2850 tabat,
508 2812 532 2833 ιι
553 2791 698 2837 Nunc
735 2801 791 2837 ut
842 2789 1103 2837 Gabinium
1152 2788 1329 2836 babeas

305 2885 498 2917 reum...
515 2869 601 2915 lua
622 2869 853 2915 sententia
875 2868 1083 2915 scilicet:
1104 2867 1249 2915 Nunc
1277 2878 1330 2914 ut

308 2949 376 2996 de
417 2948 627 2995 Gabinio
654 2962 737 2992 reo
766 2950 1018 2994 certiorem
1048 2958 1095 2994 te
1116 2948 1283 2994 faciam
1311 2963 1324 2995 τ

306 3026 565 3076 serendum
585 3036 654 3072 est
677 3040 690 3072 :
723 3026 958 3087 siquidem
976 3037 1047 3073 est
1063 3026 1330 3074 absolutus.

304 3109 487 3156 Bosius
507 3104 721 3168 reposuit
758 3125 782 3143 α
801 3120 929 3150 nunc
956 3115 1013 3152 ut
1039 3105 1328 3169 opimiorem

303 3184 491 3234 habens
522 3197 655 3230 reum
678 3202 717 3227 n.
744 3183 853 3229 Hoc
881 3192 1064 3242 totum,
1095 3205 1119 3224 ιι
1137 3194 1194 3230 ut
1220 3184 1329 3245 opi·

307 3267 510 3313 nionem
539 3260 716 3309 habeas
752 3277 909 3309 rerum
927 3277 981 3323 »ς
1016 3262 1154 3324 quod
1180 3276 1253 3311 est
1278 3264 1330 3311 in

308 3344 451 3393 libris
480 3342 686 3405 vulgatis
706 3375 720 3400 ,
761 3341 1074 3404 depravatum
1101 3352 1203 3388 est:
1233 3343 1332 3389 imo

310 3438 432 3471 vero
458 3423 697 3477 alienum,
728 3431 777 3467 et
804 3421 1107 3483 suppositum
1139 3432 1235 3482 est,
1265 3421 1333 3467 le·

312 3501 624 3565 gendumque
667 3498 762 3546 hoe
806 3499 954 3555 modo
988 3513 1006 3561 ρ
1047 3521 1072 3540 κ
1096 3516 1226 3547 nunc
1271 3500 1331 3548 de

316 3578 531 3627 Gabinio
552 3578 675 3625 habe
692 3577 934 3626 absoluto.
958 3581 1140 3626 Verum
1152 3601 1193 3627 υ.
1214 3581 1332 3626 Pro·

315 3657 445 3704 clive
488 3668 642 3704 tamen
688 3658 777 3703 fuit
818 3671 879 3704 ex
926 3656 1133 3705 Gabinio
1180 3659 1333 3706 facere

316 3734 482 3800 opinio
504 3751 522 3782 .·
551 3735 725 3783 deinde
760 3751 823 3783 ex
858 3758 882 3779 ιι
902 3737 1103 3800 opinio,
1140 3737 1334 3802 opinio-

317 3832 430 3863 nem
456 3837 511 3873 a,
550 3814 723 3862 deinde
761 3831 823 3861 ex
869 3838 894 3857 ιι
920 3816 1043 3863 habe
1077 3816 1334 3875 absoluto,

318 3897 502 3941 Verum
541 3892 721 3940 babeas
760 3909 917 3941 rerum
940 3914 982 3942 ι.
1022 3896 1235 3945 Lnnm.
1263 3921 1330 3933 —-

317 3972 673 4030 Omniafflaec,
717 3989 743 4018 a
782 3974 966 4032 verbis,
1011 3998 1035 4016 υ
1060 3976 1231 4032 Nunc,
1278 3988 1333 4024 ut

319 4053 600 4115 opinionem
632 4049 807 4097 habeas
833 4068 990 4099 rerum
1012 4075 1062 4114 n,
1091 4071 1244 4117 usque
1270 4055 1333 4102 sd

322 4131 492 4190 verbs,
520 4152 546 4172 α
565 4131 619 4177 in
654 4130 872 4177 Ciliciam
908 4131 1087 4193 cogitat
1116 4156 1168 4193 n,
1200 4136 1333 4182 Tuu-

1412 1999 1608 2059 mum,
1642 2002 1735 2064 Ep.
1774 2000 1838 2048 sd
1876 1999 2174 2048 Middleton.
2210 2016 2260 2064 p.
2303 2002 2429 2059 118,

1407 2077 1648 2140 judicavit
1689 2089 1864 2127 temere
1909 2080 1961 2126 in
2007 2080 2133 2126 hanc
2178 2079 2432 2143 epistolam

1414 2156 1642 2203 translata
1681 2172 1796 2203 esse.
1834 2158 1960 2204 Nam
1997 2157 2143 2218 hujus
2184 2157 2433 2221 epistolae,

1412 2234 1508 2282 kal.
1536 2245 1634 2281 oct.
1653 2236 1870 2297 scriptae,
1891 2251 2002 2298 pers
2023 2253 2124 2283 esse
2148 2252 2246 2283 nou
2272 2247 2434 2300 potest

1412 2313 1519 2361 haec
1541 2312 1600 2360 de
1627 2312 1837 2360 Gabinio
1864 2315 2073 2361 narratio
2095 2327 2108 2362 :
2133 2315 2175 2361 is
2200 2316 2326 2363 euim
2351 2316 2435 2362 de-

1412 2410 1546 2440 mum
1570 2404 1685 2457 post
1700 2395 1771 2440 Vl
1797 2391 1865 2438 id.
1892 2404 1991 2439 oct.
2019 2395 2279 2454 majestatis
2298 2411 2436 2452 reus,

1414 2472 1669 2521 absolutus
1700 2483 1798 2527 est,
1830 2483 1915 2518 nt
1903 2482 2048 2535 patet
2079 2490 2140 2520 ex
2172 2490 2249 2537 ep.
2280 2472 2343 2520 ad
2370 2475 2436 2535 Q.

1415 2555 1493 2601 rr.
1518 2556 1621 2614 111,
1644 2562 1692 2609 4.
1715 2554 1763 2601 J.
1784 2554 1850 2600 V.
1876 2553 1929 2601 L.

1487 2631 1571 2693 46.
1595 2633 1702 2680 ΙΙΙσ.
1716 2631 2005 2695 Quomodo,
2018 2632 2230 2694 inquies,
2252 2629 2432 2679 ferebat

1416 2711 1679 2775 Pompeius
1721 2729 1798 2759 me
1842 2712 1894 2758 in
1935 2728 1990 2758 ea
2029 2727 2168 2758 causa
2205 2711 2354 2758 libere
2390 2721 2439 2756 et

1417 2800 1695 2839 constanter
1719 2792 1948 2838 adversus
1976 2789 2239 2838 Gabinium
2264 2790 2439 2850 agere?

1418 2870 1721 2927 Humaniter,
1739 2871 1934 2933 inquam
1946 2903 1961 2926 ,
1979 2880 2028 2916 et
2044 2868 2259 2932 placide,
2275 2866 2438 2929 quoad

1418 2950 1536 2997 mihi
1554 2949 1850 2995 satisfactum
1865 2948 2061 2995 essetab
2079 2948 2189 3011 ipso
2210 2945 2438 3001 Gabinio,

1418 3030 1503 3092 qui
1529 3045 1628 3086 me,
1668 3045 1754 3092 per
1779 3041 2012 3074 summam
2039 3024 2263 3087 injuriam
2280 3058 2295 3082 ‚
2324 3022 2442 3069 dum

1416 3107 1589 3156 consul
1616 3117 1738 3155 esset
1755 3143 1768 3166 ‚
1801 3108 1852 3153 in
1880 3104 2101 3152 exsilium
2132 3112 2309 3165 egerat.
2336 3103 2409 3149 Ita
2428 3137 2443 3161 ,

1414 3189 1612 3251 inquam
1635 3223 1649 3244 ‚
1680 3185 1870 3233 favebat
1919 3182 2130 3231 Gabinio
2151 3181 2439 3244 Pompeius,

1416 3276 1473 3313 ut
1503 3266 1624 3313 mihi
1650 3276 1807 3313 tamen
1846 3264 1907 3312 ab
1934 3278 1995 3310 eo
2028 3258 2249 3308 satisfieri
2279 3258 2439 3306 vellet.

1418 3343 1621 3391 Bosrus.

1494 3427 1578 3482 ⁴7·
1624 3421 1845 3489 Γοργιῖα.
1889 3423 2208 3469 Accusatores
2248 3417 2442 3465 Gabinii

1418 3500 1590 3547 Cicero
1620 3511 1758 3548 vocat
1789 3498 1987 3568 γοργιῖα
2013 3495 2172 3567 γυμνά
2190 3533 2204 3556 ,
2242 3496 2378 3560 quod
2405 3497 2440 3544 ii

1419 3579 1544 3627 nihil
1587 3596 1686 3644 proe
1730 3597 1780 3627 se
1820 3581 2031 3635 ferrent,
2069 3578 2161 3625 nisi
2211 3587 2440 3625 terrorem

1420 3659 1679 3722 quemdam
1705 3660 1927 3715 inanem3
1954 3672 2054 3719 quo
2081 3672 2251 3719 genere
2275 3656 2441 3703 sormi-

1422 3738 1604 3785 dabiles
1635 3738 1862 3785 videntur
1891 3736 2053 3784 larvae.
2092 3735 2217 3783 Nam
2241 3735 2443 3802 γοργεῖσ.

1420 3829 1537 3865 sunt
1567 3814 1846 3883 προσωπεῖα
1882 3811 1966 3862 καὶ
2001 3812 2346 3881 μορμολύκεια,
2387 3825 2445 3861 ut

1421 3896 1488 3943 ait
1519 3895 1816 3960 Hesychius,
1845 3904 2031 3958 sumpts
2068 3894 2315 3941 notatione
2343 3891 2441 3941 ἀπὸ

1420 3978 1500 4030 τῆς
1535 3977 1767 4042 Γοργοῦς,
1797 3971 1866 4020 ὅτι
1891 3969 2163 4041 γοργότητα
2194 3968 2275 4019 καὶ
2302 3966 2441 4036 φόςον

1423 4053 1623 4121 ἐμποιεῖ.
1680 4052 1831 4100 Addit
1872 4062 2030 4099 autem
2073 4047 2260 4119 γυμνάς
2306 4049 2440 4114 quod

1421 4133 1565 4182 lsrvae
1590 4133 1685 4180 iuae
1705 4131 1885 4179 nemini
1911 4142 2038 4179 ηοω
2061 4146 2163 4178 nou
2180 4141 2335 4176 esseut
2349 4162 2363 4186 ,
2386 4139 2438 4176 ut
