3023 4773
682 411 819 498 462
1322 415 1420 481 M.
1472 409 1550 480 Τ.
1605 415 2161 485 CICERONIS

676 533 937 606 referre
994 557 1145 603 non
1199 532 1639 621 dubitarint3
1697 537 1882 606 sitne
1897 545 1961 578 ²²
2023 535 2222 632 quod
2268 535 2803 611 observandum

678 642 855 715 illud
902 657 1118 740 caput
1170 669 1323 714 non
1376 643 1767 741 putabant,
1822 644 2038 716 iidem
2073 649 2149 716 in
2200 644 2616 744 abrogando
2654 666 2802 720 tam

676 756 865 824 cauti
895 749 1195 838 fuerint,
1238 768 1319 823 ut
1355 751 1430 822 id
1467 767 1908 842 metuerent,
1942 752 2233 825 soluti²³
2271 780 2498 852 quum
2526 775 2803 844 essent,

677 861 876 959 quod
902 887 993 933 ne
1023 865 1106 933 iis
1140 861 1469 959 quidem,
1497 864 1625 959 qui
1655 862 1811 960 lege
1836 878 2215 949 tenentur,
2244 881 2350 936 est
2377 867 2803 938 curandum.

677 971 755 1043 ld
791 987 1010 1069 caput
1044 997 1214 1044 sane
1248 971 1473 1041 nolim
1513 996 1738 1044 novos
1775 973 2109 1045 tribunos
2143 975 2375 1072 plebis
2411 973 2632 1064 ferre;
2665 978 2803 1050 sed

674 1082 1037 1179 perferant
1069 1080 1289 1151 modo
1318 1079 1678 1176 quidlibet
1707 1108 1723 1152 ε
1751 1108 1903 1154 uno
1930 1088 2157 1181 capite
2178 1137 2198 1171 ,
2225 1108 2375 1180 quo
2406 1086 2805 1159 revocabor

672 1188 932 1284 (modo
973 1213 1087 1259 res
1137 1185 1637 1285 conficiatur),
1679 1214 1805 1262 ero
1856 1207 2261 1264 contentus.
2314 1198 2468 1264 Jam
2522 1195 2798 1267 dudum

676 1299 900 1394 pudet
945 1312 1091 1367 tam
1126 1297 1354 1369 multa
1394 1298 1732 1371 scribere.
1792 1306 2061 1373 Vereor
2091 1306 2320 1390 enim,
2368 1329 2498 1389 ne,
2543 1331 2621 1377 re
2649 1308 2798 1402 jam

673 1409 1045 1505 desperata
1059 1461 1080 1493 ,
1114 1407 1342 1505 legas;
1371 1425 1456 1480 ut
1473 1409 1625 1481 haec
1641 1435 1797 1482 mea
1817 1411 2185 1509 diligentia
2204 1413 2626 1485 miserabilis
2644 1415 2801 1501 tibi,

672 1517 827 1587 aliis
855 1517 1216 1588 irridenda
1241 1518 1585 1590 videatur.
1616 1519 1755 1592 Sed
1788 1522 1847 1591 si
1878 1537 1986 1593 est
2015 1523 2286 1621 aliquid
2322 1528 2399 1595 in
2433 1549 2591 1623 spe,
2636 1526 2799 1598 vide

674 1629 936 1725 legem,
974 1652 1191 1724 quam
1227 1631 1305 1699 T.
1349 1629 1567 1701 Fadio
1586 1633 1652 1680 ²4
1694 1632 1977 1729 scripsit
2015 1633 2421 1706 Visellius²⁵
2455 1663 2471 1704 :
2503 1661 2586 1707 ea
2623 1638 2793 1708 mihi

673 1737 1056 1835 perplacet.
1112 1741 1295 1809 Nam
1341 1741 1561 1810 Sextii
1614 1743 1875 1828 nostri,
1926 1767 2146 1840 quam
2190 1758 2273 1814 tu
2328 1744 2459 1816 tibi
2502 1746 2795 1844 probari

669 1848 957 1936 scribis,
993 1848 1170 1918 mihi
1207 1873 1355 1918 non
1389 1848 1643 1946 placet.

767 1958 1003 2028 Tertia
1036 1970 1144 2027 est
1177 1958 1477 2054 epistola
1519 1959 1702 2056 prid.
1751 1961 1846 2032 id.
1891 1961 2263 2034 novembr.
2297 1964 2461 2036 data
2493 1995 2509 2039 ε
2544 1968 2622 2037 in
2652 1989 2795 2065 qua

672 2067 974 2162 exponis
1011 2064 1411 2163 prudenter
1454 2084 1528 2139 et
1567 2068 1975 2168 diligenter,
2016 2098 2178 2169 quae
2223 2079 2395 2163 sint,
2434 2102 2597 2173 quae
2647 2103 2794 2149 rem

666 2170 1006 2246 distinere
1046 2175 1468 2265 videantur3
1501 2177 1594 2251 de
1633 2184 1920 2268 Crasso,
1961 2182 2051 2253 de
2082 2188 2460 2283 PompeiO,
2492 2185 2585 2258 de
2613 2205 2795 2259 cete-

667 2286 784 2353 ris,
828 2286 1069 2374 Quare
1110 2311 1240 2357 oro
1285 2302 1386 2374 te,
1441 2305 1560 2376 ut,
1613 2291 1669 2360 si
1708 2315 1854 2388 qua
1890 2315 2054 2391 spes
2087 2297 2252 2380 erit,
2298 2319 2511 2393 posse
2544 2299 2798 2369 studiis

668 2392 1069 2483 bonorum,
1107 2401 1560 2488 auctoritate,
1589 2400 2053 2474 multitudine
2091 2406 2601 2504 comparata²⁶,
2646 2435 2800 2481 rem

667 2502 965 2591 confici,
1009 2503 1135 2574 des
1181 2530 1511 2603 operam,
1554 2525 1636 2580 ut
1679 2535 1828 2581 uno
1875 2514 2151 2610 impetu
2193 2514 2800 2615 perfringatur²73

668 2614 742 2682 in
781 2637 934 2684 eam
973 2637 1126 2685 rem
1162 2617 1539 2691 incumbas
1567 2637 1996 2721 ceterosque
2030 2628 2314 2698 exciteS.
2349 2632 2509 2714 Sin,
2553 2646 2632 2701 ut
2662 2656 2798 2728 ego

668 2724 1022 2820 perspicio
1054 2749 1284 2820 quum
1317 2742 1440 2799 tua
1486 2731 1936 2827 conjectura,
1974 2749 2130 2805 tum
2161 2738 2374 2808 etiam
2410 2762 2570 2810 mea
2593 2795 2612 2828 ,
2644 2742 2799 2839 spei

663 2959 792 3006 cnuti
818 2974 921 3007 esse
949 2959 1235 3021 voluerunt,
1271 2976 1325 3013 ut
1356 2977 1505 3029 caput
1530 2965 1686 3026 mad,

664 3035 800 3100 quod
825 3036 888 3084 ad
924 3050 1142 3088 senatum
1177 3042 1436 3091 referentes
1463 3059 1566 3091 uon
1597 3044 1687 3092 ob-

663 3128 909 3165 servarent
924 3150 939 3174 ‚
975 3119 1029 3165 in
1068 3119 1345 3184 abroganda
1374 3122 1479 3185 lege
1506 3119 1685 3171 Clodia

663 3197 968 3244 metuerent?
992 3198 1139 3245 Mur.

734 3282 819 3314 αα.
847 3261 982 3314 Sitne
1017 3267 1166 3330 quod.
1211 3271 1369 3316 Locus
1406 3284 1682 3337 corruptus.

660 3345 937 3410 Legeudum
964 3356 1168 3408 putant,
1195 3345 1240 3393 si
1262 3346 1373 3410 qni,
1404 3350 1683 3415 Comdus;

662 3424 706 3470 si
731 3424 860 3471 enim
889 3422 1050 3487 quod,
1074 3423 1355 3481 Mammium
1397 3425 1493 3475 sive
1519 3432 1678 3492 quod,

659 3504 788 3550 Oliv.
821 3502 976 3567 sitque
1007 3502 1394 3565 observandum,
1441 3508 1684 3562 Gravius.

660 3607 730 3616 --
749 3581 1022 3645 Legendum
1049 3582 1246 3629 videtur
1272 3583 1385 3630 sive.
1399 3587 1448 3632 J.
1473 3586 1536 3634 V.
1560 3590 1684 3637 1..—

660 3660 790 3707 lllud
810 3661 933 3709 sitne
955 3662 1217 3713 delendum
1237 3662 1476 3725 iudicavit
1493 3668 1681 3717 Erue-t.

661 3749 709 3785 et
731 3755 840 3786 cum
868 3754 927 3786 eo
955 3742 1066 3791 Sch.
1103 3745 1195 3792 En.

731 3820 813 3866 23.
851 3819 1009 3868 Saluti
1031 3839 1180 3886 quum
1206 3837 1378 3873 essene.
1418 3827 1547 3890 Quia
1572 3828 1681 3892 lege

655 3895 852 3959 collegat
875 3899 951 3945 sui
979 3916 1082 3948 nou
1106 3904 1407 3953 tenebantur.
1436 3908 1581 3956 Mur.

726 3984 811 4029 24.
845 3978 896 4022 T.
925 3979 1095 4029 Fadio.
1125 3984 1284 4045 Quum
1308 3986 1366 4032 T.
1395 3985 1570 4034 Fadius
1591 3986 1676 4035 tri-

652 4052 811 4102 bunus
829 4054 984 4117 plebis
1001 4057 1277 4122 designatus
1297 4080 1427 4112 anno
1444 4068 1669 4129 sequenti

649 4130 963 4183 de'Ciceroue
984 4136 1149 4186 ferret.
1171 4142 1243 4187 De
1260 4141 1353 4190 hoc
1371 4143 1425 4191 iu
1442 4147 1664 4213 oratioue

1773 2979 1886 3034 post
1915 2970 2122 3020 reditum
2162 2975 2218 3022 in
2251 2987 2445 3034 senatu,
2480 2987 2529 3025 et
2563 2977 2655 3026 lib.
2685 2981 2706 3026 1
2733 2979 2800 3027 sd

1774 3051 1842 3112 Q.
1865 3050 2075 3102 fratrem.
2096 3056 2250 3102 Inus.

1845 3131 1930 3178 25.
1977 3130 2221 3181 Visellius.
2261 3133 2680 3193 Iurisconsultus,
2715 3137 2800 3185 ci·

1775 3209 1965 3258 comnis
1982 3211 2331 3270 consobrinus,
2354 3213 2415 3261 de
2433 3229 2535 3278 quo
2553 3216 2602 3262 iu
2623 3217 2799 3278 Bruto,

1771 3295 1820 3333 et
1840 3303 1976 3353 supr.
1995 3291 2058 3337 sd
2077 3307 2159 3355 ep.
2193 3308 2213 3338 1
2226 3294 2273 3340 5.
2295 3293 2387 3341 Eu.

1844 3369 1928 3417 26.
1961 3371 2270 3419 Multitude'ne
2296 3386 2601 3439 comparata.
2641 3376 2708 3422 Ut
2733 3391 2797 3422 ex

1772 3448 1907 3494 omui
1936 3449 2036 3497 fere
2067 3451 2202 3498 Italis
2240 3455 2448 3505 Romam
2477 3456 2798 3502 convenirent

1770 3524 1834 3589 sd
1878 3526 2005 3575 diem
2040 3530 2305 3593 rogationis
2351 3533 2578 3581 serenda.
2626 3536 2796 3581 Monet

1768 3606 1818 3651 J.
1839 3605 1902 3653 V.
1917 3609 1970 3655 L.
2000 3623 2100 3655 non
2119 3609 2266 3658 fuisse
2285 3611 2420 3675 quod
2442 3613 2691 3659 Emestius
2715 3613 2792 3659 hic

1770 3678 1974 3733 hereret
1997 3700 2012 3734 τ
2039 3701 2327 3752 comparata
2355 3692 2665 3738 multitudine
2691 3692 2794 3754 qui·

1770 3758 1880 3807 dem
1896 3762 2043 3827 vulgo
2057 3766 2108 3813 in
2123 3768 2294 3815 malam
2310 3781 2493 3833 purtem
2510 3771 2694 3835 accipi,
2707 3768 2787 3818 sed

1766 3838 1861 3886 hoc
1901 3840 2015 3890 loco
2050 3857 2164 3909 spte
2205 3846 2328 3905 dici,
2368 3849 2482 3912 quis
2511 3865 2613 3896 non
2637 3850 2787 3896 solum

1764 3933 1933 3981 preces
1952 3924 2219 3973 amicorum
2247 3928 2516 3988 Ciceronis,
2538 3930 2625 3977 sed
2645 3946 2786 3994 pecu·

1765 3999 1858 4118 ιὲὶω
1876 4016 2075 4067 quoque
2090 4006 2256 4054 multis
2270 4006 2394 4056 dstae
2408 4009 2782 4057 intercesserant.

1812 4087 1861 4119 n.

1828 4167 1913 4212 27.
1933 4151 2286 4220 Persi-inguar.
2305 4158 2471 4208 Han-et
2487 4157 2570 4228 pic
2598 4159 2756 4208 oratio
2769 4190 2783 4217 ,
