3023 4773
798 401 1382 487 EPISTOL'AE‚
1422 405 1648 489 XVI,
1686 403 1752 473 8.
2215 429 2344 503 177

208 511 419 593 ⁸firma
467 521 866 594 valitudine
903 527 1173 594 vitatur
1216 549 1233 593 ε
1284 522 1558 594 nedum
1611 528 1688 594 in
1734 527 1912 596 mari
1965 541 2038 597 et
2089 531 2204 598 via
2253 531 2348 601 sit

230 630 416 705 facile
450 631 703 704 abesse
734 631 826 703 ab
861 631 1126 728 injuria
1157 634 1532 731 temporis.

497 783 653 849 Ψὺχοξ
673 779 763 833 δὲ)
797 788 955 852 λεπτῷ
983 782 1167 852 xpm-{3
1188 782 1544 852 πολεμιώτατον
1558 821 1574 845 ,

228 930 457 1026 inquit
482 926 878 1026 Euripides.
908 931 1043 1000 Cui
1078 943 1161 1000 tu
1187 944 1546 1027 quantum
1569 929 1816 1002 credas
1844 986 1864 1018 ‚
1903 934 2185 1003 nescio:
2217 959 2351 1032 ego

227 1055 409 1110 certe
453 1039 776 1136 singulos
815 1040 970 1135 ejus
1008 1063 1293 1134 versus,
1330 1040 1609 1137 singula
1635 1039 1872 1138 [ejus4
1892 1040 1918 1139 ]
1942 1046 2357 1118 testimonia

226 1165 422 1247 puto.
456 1146 713 1237 Effice,
749 1153 954 1220 sime
981 1148 1215 1247 diligis
1236 1203 1256 1238 ‚
1284 1163 1369 1220 ut
1399 1150 1671 1239 valeas,
1710 1165 1783 1221 et
1815 1166 1899 1221 ut
1929 1151 2020 1222 ad
2059 1178 2192 1224 nos
2229 1154 2353 1224 fir-

225 1282 373 1329 mus
408 1282 496 1329 ac
519 1258 765 1329 valens
790 1283 1011 1356 quam
1039 1261 1351 1356 primum
1378 1262 1646 1332 veniaS.
1683 1262 1865 1331 Ama
1888 1285 2048 1352 nos,
2076 1278 2151 1334 et
2174 1265 2351 1336 vale.

223 1372 299 1460 Q.
322 1375 400 1441 F.
442 1367 575 1439 tibi
608 1368 914 1440 salutem
949 1368 1143 1440 dicit.

280 1576 328 1608 2.
343 1558 509 1622 Ψύχος
522 1553 599 1607 δι’.
619 1559 793 1622 Frigus
810 1570 972 1607 nutem
990 1561 1125 1607 tenui
1144 1559 1247 1607 cuti
1332 1556 1631 1627 λιπτόχρωτι
1657 1574 1758 1609 uno
1786 1560 2043 1612 vocabulo.
2063 1563 2254 1626 Quibus
2275 1566 2360 1615 ad·

221 1639 621 1686 inimicissimum.
684 1636 910 1685 Sena-ius
966 1637 1247 1702 Euripidi„
1334 1638 1481 1687 sentit
1507 1639 1621 1687 Sch.
1644 1641 1736 1688 En.

222 1718 298 1765 sed
321 1719 514 1766 amissa
541 1716 967 1781 tragoediamn.
1408 1727 1457 1776 4.
1484 1719 1599 1768 Sch.
1625 1720 1810 1769 omittit
1835 1721 1957 1788 ejus,
1985 1733 2036 1772 et
2056 1723 2236 1790 interp.
2256 1737 2356 1776 mn

283 1799 336 1846 3.
366 1800 549 1864 Δητῷ
586 1793 756 1863 χρωτί.
795 1797 1043 1856 Graevius,
1065 1797 1250 1860 Bengc-
1334 1814 1477 1847 veros
1503 1810 1553 1848 et
1575 1810 1733 1848 certos
1765 1817 1911 1865 quam
1947 1803 2222 1853 testimonia
2247 1806 2360 1856 reli-

225 1875 335 1936 lins,
358 1875 766 1924 walchen-erius
788 1886 965 1940 putant
989 1876 1248 1941 legendum
1336 1876 1470 1942 gioee
1496 1877 1648 1927 dicta.
1675 1880 1772 1927 En.
2353 1879 2356 1884 ’

1076 2080 1529 2101 mmmm
1538 2084 1717 2104 mm
1720 2063 2085 2108 mmm,
2089 2090 2362 2112 mm

877 2231 1491 2313 EPISTOLA
1557 2234 1704 2312 IX.

219 2392 617 2470 Navigationis
643 2390 993 2470 descriptio,
1028 2404 1088 2449 et
1115 2390 1190 2448 ad
1220 2389 1538 2450 curandam
1569 2391 1947 2451 valitudinem
1984 2396 2216 2473 plenior
2244 2420 2352 2459 co-

368 2489 652 2547 hortatio.
675 2486 991 2565 (Brundisii
1009 2529 1027 2560 ,
1062 2506 1217 2545 anno
1243 2490 1417 2547 U.‘C.
1447 2487 1561 2560 703
1578 2528 1596 2559 ,
1627 2506 1822 2546 mense
1848 2489 2200 2565 novembri.)

588 2651 680 2716 M.
712 2652 788 2715 T.
823 2650 937 2715 ET
981 2652 1051 2715 C.
1089 2650 1201 2715 ET
1247 2649 1329 2732 Q.
1364 2649 1672 2714 TIRONI
1715 2651 1779 2715 S.
1817 2652 1890 2718 P.
1925 2654 2003 2717 D.

310 2795 469 2862 Nos
499 2813 542 2859 a
569 2803 665 2877 te,
689 2803 775 2859 ut
805 2790 967 2876 scis,
991 2786 1445 2859 discessimus
1473 2810 1535 2856 a.
1566 2784 1638 2855 (1.
1663 2810 1737 2855 1v
1761 2813 1936 2859 non.
1969 2790 2347 2864 novembr.
2398 2801 2404 2807 '

219 2899 629 2971 Leucadem
667 2898 994 2968 venimus
1033 2922 1093 2968 a.
1131 2896 1202 2967 d.
1239 2923 1370 2969 vm
1406 2898 1570 2967 idus
1618 2900 1992 2972 novembr.
2018 2957 2040 2990 ,
2078 2929 2141 2976 a.
2166 2905 2356 2978 d.v11

219 3012 532 3082 Actium.
567 3006 680 3079 Ibi
715 3021 1016 3107 propter
1045 3021 1548 3104 tempestatem
1582 3032 1642 3078 a.
1687 3006 1758 3077 d.
1792 3033 1865 3078 v1
1902 3008 2063 3083 idus
2104 3017 2362 3084 morati

217 3144 499 3191 sumuS.
538 3116 719 3189 Inde
760 3143 820 3189 a.
860 3116 929 3188 d.
971 3118 1309 3214 quintum
1353 3116 1511 3187 idus
1546 3120 1936 3213 Corcyram
1972 3117 2360 3194 bellissime

217 3229 737 3325 navigavimus.
756 3231 1088 3321 Corcyrae
1108 3223 1376 3297 fuimus
1390 3251 1621 3323 usque
1638 3252 1698 3298 a.
1717 3226 1786 3298 d.
1803 3253 1922 3298 xv1
1941 3227 2223 3301 kalend.
2243 3231 2365 3304 de·

217 3337 502 3411 cembr.
524 3334 1071 3434 tempestatibus
1093 3337 1377 3424 retenti.
1390 3339 1441 3404 A
1456 3390 1470 3405 .
1490 3334 1556 3406 d.
1574 3362 1667 3405 xv
1685 3335 1973 3409 kalend.
1994 3337 2357 3413 decembr.

221 3450 297 3519 in
324 3464 627 3548 portum
652 3452 1222 3543 Corcyraeorum¹
1246 3446 1336 3516 ad
1348 3446 1767 3545 Cassiopen²
1784 3447 2009 3518 stadia
2032 3473 2170 3519 cxx
2198 3474 2364 3548 pro-

221 3561 595 3630 cessimus.
617 3556 730 3628 Ibi
749 3556 1010 3628 retenti
1027 3557 1259 3627 ventis
1287 3578 1535 3627 sumus
1572 3580 1804 3652 usque
1835 3580 1896 3626 a.
1916 3554 1986 3625 d.
2012 3581 2085 3626 ux
2111 3556 2360 3630 kalen-

225 3668 377 3741 das.
409 3673 729 3757 Interea,
756 3669 886 3765 qui
911 3665 1171 3765 cupide
1199 3664 1504 3766 profecti
1532 3679 1734 3754 sunt,
1762 3664 1974 3737 multi
1995 3665 2369 3768 naufragia

225 2082 408 2103 m
422 2082 799 2104 *mm

308 3884 353 3917 1.
369 3873 430 3917 ln
452 3870 784 3935 cunpluribm
801 3870 914 3920 edd.
936 3881 1008 3919 est
1026 3888 1088 3919 -a
1107 3881 1257 3936 portu
1419 3882 1468 3918 2.
1491 3869 1583 3918 Ad
1594 3866 1868 3932 Cassiopen.
1891 3869 1966 3918 De
1984 3885 2086 3933 quo
2106 3870 2220 3919 loco
2238 3872 2372 3923 Plln.

221 3949 607 4012 Corcyram-um
625 3967 684 4008 »3
731 3950 819 3999 scd
861 3967 1030 3999 omnes
1074 3951 1257 3999 exarati
1347 3952 1433 4008 lv,
1466 3965 1557 4007 ια,
1591 3959 1641 3997 ct
1666 3947 1826 3997 strab.
1851 3948 1938 3997 lib.
1965 3952 2004 3998 1.
2043 3952 2107 3998 Et
2134 3966 2371 4001 memorat

223 4043 379 4075 manu
412 4028 566 4077 codd.
592 4046 718 4094 quoa
756 4029 889 4087 vidi,
924 4031 1144 4079 scribunt
1169 4031 1259 4077 «in
1347 4027 1658 4089 Ptolemaeus,
1686 4027 1943 4092 etmpian.
1960 4028 2053 4078 lib.
2073 4031 2200 4077 xlv
2218 4031 2374 4080 Pand-

222 4116 489 4169 ponumn.
511 4108 631 4156 Haee
657 4109 898 4158 Groevius.
922 4110 1056 4158 LV.
1082 4112 1137 4157 1..
1348 4106 1425 4156 tit.
1447 4110 1492 4166 1,
1521 4107 1554 4154 l.
1583 4104 1683 4171 ηδ
1716 4123 1735 4154 1
1753 4123 1798 4157 ι.
1828 4109 1919 4157 En.

439 4197 533 4265 ῙῙ.
585 4212 673 4259 cic.
695 4227 811 4275 pars
832 4221 1007 4273 quar-ea.
1597 4238 1618 4253 ι
2054 4216 2076 4260 1
2094 4218 2132 4260 2
