3023 4773
1284 180 1312 236 i

712 460 722 470 ·
806 432 1358 519 EPISTOLAE,
1401 433 1648 520 XIII,
1693 456 1804 530 29.
2283 431 2377 519 45

237 562 310 628 in
340 567 675 628 sextante
702 564 875 624 sunt
901 553 988 641 ii,
1019 578 1337 650 quorum
1361 578 1560 652 pars,
1586 556 1739 625 sine
1773 552 1920 626 ulla
1942 553 2373 651 cujusquam

231 667 537 767 querela
556 720 575 754 ,
607 663 899 765 publica
926 679 1167 763 potest
1191 689 1344 737 esse
1371 675 1398 721 ⁷
1416 678 1440 736 ‘t
1483 690 1571 736 ea
1607 676 1716 738 est
1750 664 1841 736 ad
1868 669 2018 737 H-S
2044 692 2209 736 xxx.
2240 666 2382 738 Sed

232 780 327 850 de
362 778 511 849 hoc
539 782 776 848 Caesar
800 775 1080 847 viderit.
1112 781 1247 863 Te,
1284 777 1385 846 mi
1406 777 1666 848 Plance
1689 831 1708 865 ‚
1745 800 1881 875 pro
1919 792 2216 875 paterna
2247 803 2377 850 ne-

232 886 719 972 cessitudine,
769 909 907 984 pro
952 900 1205 956 nostro
1249 911 1529 973 amore,
1571 906 1709 985 pro
1755 885 2011 958 studiis
2053 903 2127 958 et
2178 890 2381 959 omni

233 1022 461 1070 cursu
492 1010 746 1068 nostro
763 996 985 1067 totius
1001 995 1160 1066 vitae
1193 997 1578 1085 simillim0‚
1595 1020 1798 1093 rogo,
1821 1010 1894 1067 et
1917 1020 1957 1066 a
1976 1009 2050 1067 te
2069 996 2165 1067 ita
2182 1012 2378 1096 pet0,

232 1121 322 1180 ut
357 1106 634 1202 majore
648 1129 882 1195 cura,
916 1105 1186 1202 majore
1222 1106 1464 1177 studio
1497 1106 1702 1177 nullo
1738 1110 2042 1204 possim,
2081 1121 2163 1177 ut
2196 1107 2381 1179 hanc

233 1242 397 1289 rem
427 1218 812 1313 suscipias3
850 1238 1085 1285 meam
1122 1231 1334 1314 putes
1370 1240 1566 1303 esse;
1595 1219 1907 1305 enitare,
1941 1217 2339 1289 contendas
2360 1272 2382 1306 ,

232 1325 515 1400 efficias
535 1381 556 1413 ,
592 1341 674 1397 ut
703 1350 864 1396 mea
891 1324 1524 1398 commendatione
1548 1381 1567 1410 ‚
1611 1341 1739 1398 tuo
1777 1327 2021 1399 studio
2041 1382 2060 1414 ,
2087 1331 2384 1400 Caesaris

233 1436 642 1524 beneficio,
680 1435 1154 1508 hereditatem
1196 1438 1597 1536 propinqui
1639 1439 1753 1508 sui
1790 1443 1866 1510 C.
1897 1438 2154 1536 Capito
2192 1436 2382 1510 obti-

235 1563 436 1620 neat.
476 1548 772 1635 Omnia,
813 1572 973 1644 quae
1012 1548 1257 1643 potui,
1281 1549 1358 1618 in
1395 1548 1529 1619 hac
1559 1571 1837 1618 summa
1873 1562 1999 1619 tua
2038 1550 2262 1646 gratia
2297 1573 2381 1621 ac

239 1661 610 1758 potentia,
645 1683 688 1729 a
717 1671 787 1728 te
817 1659 1240 1757 impetrare,
1276 1660 1336 1728 si
1362 1659 1729 1755 petiissem
1750 1710 1769 1744 ‚
1807 1657 2000 1728 ultro
2040 1670 2109 1729 te
2138 1656 2229 1729 ad
2263 1682 2383 1730 me

243 1768 595 1842 detulisse
635 1768 951 1867 putab0,
997 1770 1058 1841 si
1093 1768 1281 1840 hanc
1318 1793 1472 1840 rem
1510 1768 2015 1866 impetravero.

337 1879 538 1952 Illud
584 1878 738 1950 fore
781 1878 914 1950 tibi
948 1878 1368 1975 adjumento
1405 1903 1660 1977 spero,
1699 1879 1910 1974 cujus
1952 1880 2107 1976 ipse
2152 1881 2384 1950 Caesar

245 2016 395 2063 esse
435 1991 761 2088 optimus
791 1989 1017 2085 judex
1071 2003 1312 2088 potest
1343 2015 1358 2058 ε
1395 2011 1682 2086 semper
1720 1991 2072 2058 Caesarem
2125 1989 2385 2084 Capito

244 2103 477 2173 coluit
515 2115 591 2171 et
615 2099 882 2172 dilexit.
921 2098 1059 2170 Sed
1084 2102 1237 2199 ipse
1264 2099 1484 2193 hujus
1511 2100 1618 2169 rei
1651 2098 1852 2168 testis
1885 2111 2022 2169 est:
2055 2099 2225 2168 novi
2253 2099 2383 2169 ho-

246 2213 469 2283 minis
501 2205 988 2281 memoriam⁸.
1020 2216 1272 2306 Itaque
1305 2208 1487 2278 nihil
1525 2220 1597 2278 te
1630 2205 1884 2277 doce0.
1912 2212 2227 2278 Tantum
2253 2205 2390 2281 tibi

245 2322 521 2395 sumito
560 2345 698 2418 pro
730 2320 1081 2418 Capitone
1111 2317 1304 2419 apud
1342 2322 1719 2404 Caesarem,
1755 2331 2113 2415 quantum
2147 2321 2388 2418 ipsum

244 2432 673 2505 meminisse
717 2431 1003 2501 senties.

341 2546 542 2638 Ego,
578 2539 776 2637 quod
817 2541 894 2610 in
925 2563 1044 2609 me
1077 2539 1236 2636 ipso
1274 2539 1634 2637 experiri9
1662 2539 1903 2638 potui,
1948 2537 2039 2609 ad
2078 2555 2150 2611 te
2183 2538 2384 2613 defe-

244 2678 399 2724 ram
432 2679 452 2722 :
492 2656 573 2722 in
612 2674 700 2722 eo
742 2663 1095 2747 quantum
1132 2650 1225 2719 sit
1262 2646 1642 2747 ponderi3‚
1679 2662 1759 2718 tu
1795 2646 2098 2742 ¹videbis.
2149 2651 2384 2738 Quam

246 2777 539 2862 partem
569 2760 648 2831 in
676 2758 1050 2857 republica
1075 2783 1510 2856 causamque
1543 2756 2021 2845 defenderim,
2043 2783 2172 2856 per
2202 2785 2389 2858 quos

248 2874 596 2945 homines
644 2869 1081 2968 ordinesque
1130 2871 1489 2954 steterim,
1527 2866 1943 2967 quibusque
1973 2871 2297 2941 munitus
2323 2882 2384 2915 ¹⁰

250 2981 516 3054 fuerim
543 3035 563 3067 ,
595 3004 744 3050 non
776 2981 1083 3076 ignoras,
1125 2983 1279 3051 Hoc
1317 2977 1496 3048 mihi
1536 2979 1753 3048 velim
1794 2978 2086 3049 credas:
2118 2981 2178 3050 si
2212 2979 2391 3078 quid

251 3092 554 3165 fecerim
585 3089 727 3161 hoc
765 3091 925 3186 ipso
962 3089 1036 3160 in
1070 3088 1266 3160 bello
1300 3090 1540 3160 minus
1578 3113 1665 3160 ex
1703 3089 1996 3160 Caesaris
2021 3089 2390 3162 voluntate

320 3327 368 3370 7.
397 3304 620 3355 Publica
634 3314 801 3368 potest
829 3319 946 3352 esse.
969 3305 1171 3353 Antistii
1192 3304 1285 3353 bo·
1445 3307 1494 3353 8.
1522 3304 1826 3354 Memoriam.
1847 3307 1907 3353 In
1929 3314 2051 3352 orat.
2076 3319 2168 3367 pro
2186 3289 2396 3369 Ligario,

251 3404 326 3450 na,
339 3399 397 3435 ut
416 3384 731 3449 Pompeiani,
745 3383 940 3447 publica
956 3399 1081 3442 esse,
1099 3385 1287 3432 victore
1374 3400 1487 3447 esp.
1513 3399 1574 3431 η
1588 3418 1603 3442 ,
1619 3382 1793 3432 Cicero
1814 3384 1884 3432 sit
1905 3385 2144 3434 Caesarem
2169 3383 2398 3435 oblivisci

248 3469 441 3515 cana-e
461 3501 479 3524 ‚
521 3463 784 3512 debebant.
830 3465 1022 3512 Partem
1059 3464 1290 3529 Capitoni
1374 3463 1499 3512 nihil
1518 3461 1673 3513 solere
1695 3464 1790 3511 nisi
1807 3463 2023 3523 injurias.
2043 3464 2135 3512 En.
2231 3495 2234 3498 >

249 3547 477 3593 relictam
517 3544 699 3592 cicero
735 3558 1021 3590 conservare
1057 3553 1289 3604 conatur,
1448 3558 1499 3606 9.
1524 3545 1584 3589 In
1604 3559 1680 3591 me
1707 3544 1810 3608 ipso
1837 3542 2066 3607 experiri.
2088 3544 2270 3605 Quanti
2291 3545 2398 3594 Οε-

249 3625 478 3686 sdiutore
493 3622 701 3670 Planco.
720 3622 982 3686 Reliquum
998 3633 1282 3682 sextantem,
1378 3638 1533 3671 sarem
1551 3622 1719 3670 fecerit
1738 3622 1915 3686 Capito
1929 3656 1943 3679 ,
1966 3621 2019 3668 in
2049 3638 2126 3669 me
2153 3623 2264 3686 ipso
2290 3640 2399 3673 sum

251 3705 339 3763 sit,
364 3719 526 3770 posse
551 3702 794 3751 Cantent
820 3718 1019 3767 capere,
1043 3703 1177 3751 nulla
1204 3719 1292 3751 cu·
1380 3712 1626 3765 expertus.
1646 3700 1798 3763 Quod
1824 3701 1954 3748 enim
1979 3702 2153 3749 fuerim
2178 3702 2400 3752 modern·
2445 3725 2448 3728 ¹

250 3784 483 3848 ‘nsquam
532 3780 759 3844 querela,
797 3781 999 3830 fortasse
1040 3782 1177 3846 quod
1222 3782 1290 3841 ii,
1372 3780 1496 3840 tior,
1529 3796 1586 3829 ae
1617 3781 1964 3844 temperantior
1993 3781 2046 3828 in
2084 3781 2219 3829 civili
2242 3782 2401 3841 bello,

257 3863 435 3923 quibus
484 3870 625 3908 sexta
666 3859 949 3908 hereditatis
987 3876 1100 3926 pars
1134 3861 1292 3925 legata
1379 3876 1528 3924 quam
1564 3858 1821 3924 quisquam
1848 3860 2200 3925 Pompeianus,
2233 3861 2287 3909 id
2317 3879 2402 3910 nu-

259 3939 406 3988 fuent
420 3975 440 4000 ,
472 3939 886 4002 Pompeianarum
926 3940 1134 4004 partium
1176 3941 1291 3989 suis-
1380 3950 1516 3988 etore
1536 3939 1776 4002 Capitone
1792 3925 2102 4004 potissimum
2116 3939 2396 3990 feei-Man.

256 4030 390 4066 sent:
428 4035 596 4083 quum
632 4017 811 4083 Capito
845 4018 1152 4069 abstinuisset
1188 4036 1293 4069 om·
1460 4034 1537 4067 xo.
1567 4018 1801 4067 Massicus.
1825 4020 1975 4069 Hunc
2016 4020 2182 4068 locum
2231 4035 2401 4066 vacare

257 4099 377 4144 uiuo
415 4097 485 4144 ab
529 4098 704 4154 armis,
747 4098 1080 4162 Caesaremque
1126 4100 1292 4165 potius
1382 4099 1563 4148 mendo
1602 4116 1703 4149 non
1747 4103 1937 4165 putavit
1979 4098 2257 4158 Manutius,
2300 4099 2408 4149 sine

258 4193 406 4239 wan
438 4176 729 4241 Pompeium
757 4177 1019 4227 dilexisset.
1038 4180 1185 4230 Mn.
1381 4196 1548 4241 causa,
1576 4193 1624 4231 et
1647 4182 1856 4244 conjecit
1879 4180 2117 4232 inimicus.
2136 4179 2230 4227 En.
