3023 4773
617 391 1129 460 EPISTOLAE
1177 394 1314 460 AD
1362 393 1865 484 ATTICUM,
1912 403 2033 486 II,
2087 400 2150 471 3.
2220 498 2227 499 γ
2309 404 2446 502 367

320 509 432 582 dis
452 567 470 601 ,
498 516 679 584 scito
700 527 772 583 te
799 517 1002 607 Κύρου
1048 506 1379 585 -ιιεοιιδιιίαν6
1396 516 1942 612 reprehendere.
1978 524 2191 611 Nam,
2219 550 2444 622 quum

321 646 457 719 ego
500 622 687 693 idem
723 625 907 692 istuc
942 620 1290 709 dicerem,
1326 628 1556 719 Cyrus
1587 626 1853 715 aiebat,
1891 631 2393 706 viridariorum
2415 650 2440 692 ⁷

320 722 632 824 διαφάσεις
658 728 817 798 latis
852 725 1246 798 luminibus
1269 782 1288 815 ,
1319 753 1467 799 non
1497 744 1641 799 tam
1676 756 1829 803 esse
1857 758 2125 807 suaves.
2157 742 2442 814 Etenim

318 837 476 902 ἔστω
502 828 686 928 ὄψις8
720 838 825 929 μὲν
857 841 895 909 ἡ
930 862 1001 902 α·
1030 838 1102 904 τὸ
1130 828 1201 934 δὲ
1230 841 1552 931 ὁρώμενον,
1586 841 1657 924 β,
1695 867 1767 931 γ·
1798 842 2033 922 ἀκτῖνες
2063 836 2133 911 δὲ
2160 837 2232 933 ὅ,
2258 851 2365 923 καὶ
2388 879 2438 919 ε.

318 937 534 1009 Vides
572 941 764 1010 enim
816 950 1075 1009 cetera.
1122 942 1302 1010 Nam
1324 994 1344 1025 ,
1387 941 1445 1009 si
1487 946 1630 1012 κατ’
1652 938 1915 1014 εἰδώλων
1949 952 2289 1040 ἐμπτώσεις
2330 954 2437 1023 vi·

316 1041 686 1132 deremus,
738 1040 944 1113 valde
983 1041 1394 1115 laborarent
1426 1041 1654 1118 εἴδωλα
1689 1049 1772 1120 in
1809 1054 2151 1148 angustiis
2190 1083 2206 1125 :
2245 1080 2442 1130 nunc

315 1143 398 1216 fit
451 1147 687 1245 lepide
731 1149 848 1219 illa
895 1156 1187 1244 ἔκχυσις9
1226 1148 1616 1221 radiorum.
1667 1157 1921 1226 Cetera
1953 1160 2012 1226 si
2049 1160 2439 1256 reprehen-

315 1253 532 1345 deris,
564 1282 711 1328 non
733 1257 920 1332 feres
941 1264 1232 1331 tacitum
1254 1285 1274 1345 3
1307 1259 1443 1329 nisi
1473 1259 1651 1356 quid
1666 1264 1802 1333 erit
1827 1263 2217 1357 ejusmodi,
2238 1271 2438 1366 quod

316 1366 467 1437 sine
511 1383 809 1466 sumptu
845 1372 1105 1469 corrigi
1144 1372 1387 1468 possit.

409 1476 638 1543 Venio
659 1500 855 1547 nunc
870 1476 958 1547 ad
975 1500 1298 1548 mensem
1309 1476 1817 1569 januarium¹⁰,
1834 1478 2009 1550 etad
2028 1488 2363 1554 ὑπόστασιν
2377 1498 2395 1529 ¹
2412 1500 2431 1530 ¹

314 1590 633 1648 nostram
672 1604 754 1649 ac
789 1584 1098 1653 πολιτείαν
1132 1608 1148 1651 ι
1183 1582 1259 1651 in
1303 1605 1447 1677 qua
1485 1586 1883 1677 Σωκρατικῶς
1913 1586 1969 1618 ¹²
2010 1589 2088 1667 εἰς
2129 1594 2436 1688 ἑκάτερον,

314 1683 435 1754 sed
458 1699 699 1757 tamen
727 1686 816 1759 ad
842 1705 1238 1760 extremum
1257 1742 1276 1774 ,
1309 1700 1389 1756 ut
1413 1686 1514 1756 illi
1536 1683 1596 1728 ¹³
1618 1685 1980 1775 solebant,
2008 1699 2118 1769 τὴν
2149 1698 2433 1793 ἀρέσκοι)-

312 1794 526 1860 σανῑ4.
580 1796 706 1862 Est
751 1817 865 1864 res
911 1820 1080 1866 sane
1117 1792 1356 1890 magni
1393 1792 1690 1893 consilii.
1748 1796 1928 1864 Nam
1974 1812 2101 1868 aut
2151 1799 2434 1879 fortiter

294 1968 476 2033 fasciis
506 1972 703 2019 cretatis
736 1985 892 2023 exstat
917 1977 1114 2023 Favonii
1141 1975 1326 2023 dictum
1413 1971 1660 2020 radIorum
1683 1973 1891 2038 ὺιχὺσει,
1915 1994 1975 2026 ex
1999 1981 2154 2029 oculis
2176 1995 2225 2032 et
2247 2003 2434 2042 cumre

304 2048 440 2112 apud
468 2049 712 2098 Valerium
733 2054 867 2101 Max.
897 2053 987 2102 lib.
1013 2056 1112 2110 vl,
1141 2069 1248 2119 cap.
1276 2069 1326 2100 a.

305 2127 337 2174 J
341 2142 517 2175 muns.
538 2155 609 2163 —
630 2130 803 2178 Verius
823 2132 1045 2180 videtur:
1073 2133 1198 2180 Mihi
1215 2148 1325 2179 *non

304 2204 529 2269 placebat
545 2241 560 2266 ,
581 2208 720 2270 quod
734 2209 909 2257 milites
925 2211 1107 2258 multos
1129 2212 1256 2257 circa
1275 2227 1326 2257 se

304 2284 518 2333 haberet.
546 2287 776 2335 Gnonov.

376 2357 424 2402 6.
459 2353 612 2423 Κύρου
645 2351 886 2408 παιδείαν.
929 2360 1043 2422 Cyri
1072 2361 1324 2410 architecti

304 2434 577 2484 doctr-inam
595 2452 613 2482 .·
634 2449 684 2485 et
704 2438 863 2486 allusit
885 2439 951 2488 ad
975 2440 1324 2504 Xenophontis

305 2513 499 2572 librum,
519 2517 606 2578 qui
627 2515 905 2565 inscribitur
921 2517 1076 2586 Κύρου
1097 2512 1318 2568 Παιδεία.

306 2593 520 2641 Mum-r.

377 2688 423 2731 7.
473 2671 847 2721 Viridariorum.
887 2675 986 2723 Alii
1001 2711 1016 2737 ,
1051 2673 1318 2725 mdiorum.

306 2748 534 2798 solebant
564 2762 746 2799 veteres
780 2754 848 2800 ita
881 2754 1063 2802 lumina
1092 2756 1321 2804 fenestra·

305 2844 411 2876 rum
436 2830 594 2892 posita
609 2829 787 2879 habere
803 2866 817 2890 ,
839 2844 894 2880 ut
915 2849 1005 2896 per
1026 2850 1189 2882 earum
1210 2851 1321 2898 spa-

308 2908 374 2954 tia
405 2908 456 2954 in
482 2908 654 2957 viridia
681 2922 968 2974 prospectus
996 2925 1139 2962 esset.
1176 2916 1321 2963 Hunc

304 2998 464 3034 autem
493 3000 807 3052 prospectum
846 3006 948 3038 non
986 3001 1082 3039 tam
1123 3007 1317 3041 suavem

303 3066 490 3128 putavit
527 3067 690 3130 Cyrus
715 3068 1034 3127 architectus,
1070 3070 1111 3117 si
1148 3070 1316 3120 latiora

304 3155 459 3192 essent
494 3144 691 3194 lumina.
728 3149 851 3209 Quae
890 3157 944 3194 ut
988 3147 1321 3212 intelligantur

303 3222 541 3272 videndus
570 3235 640 3272 est
663 3224 852 3273 Gellius
879 3224 966 3272 lib.
991 3227 1061 3286 V,
1086 3242 1195 3290 cap.
1228 3229 1317 3286 ιδ,

301 3314 348 3350 et
354 3303 590 3368 Apuleius
598 3303 810 3367 Apolog.
820 3307 874 3351 P.
886 3304 1025 3351 Ριτιι.
1039 3304 1239 3354 Advers.
1252 3309 1316 3362 11,

306 3385 384 3430 18.
396 3409 467 3419 —-
485 3382 724 3430 Viridium
748 3382 828 3431 hic
844 3383 1071 3432 mendose
1084 3384 1317 3448 scriptum

301 3471 438 3523 putat
456 3460 650 3509 Salmas.
671 3476 764 3525 pro
788 3461 1048 3510 theeridium
1066 3495 1081 3520 ,
1102 3461 1198 3509 hoc
1214 3474 1286 3512 est
1300 3499 1314 3520 ‚

297 3533 514 3606 Ουριδίων
543 3534 806 3605 διαφάσεις.

369 3621 421 3667 8.
449 3607 584 3668 ἔστω
609 3614 722 3683 ὄψις.
751 3618 825 3666 Sit
839 3619 973 3668 visus
992 3637 1052 3676 a,
1073 3620 1211 3684 quod
1222 3637 1312 3668 au-

300 3708 393 3744 tem
420 3698 620 3746 videtur
647 3698 693 3757 b,
713 3715 786 3763 g,-
812 3698 948 3746 radii
977 3715 1097 3746 vero
1129 3699 1170 3747 d
1190 3713 1240 3748 et
1264 3717 1309 3750 e.

297 3777 462 3825 Sermo
478 3789 551 3826 est
567 3777 627 3825 de
647 3778 864 3826 fenestris
877 3777 1006 3827 unde
1023 3792 1311 3844 prospectus

296 3857 345 3902 in
381 3857 664 3906 vin'darium
701 3868 847 3922 patet.
885 3861 977 3906 Eas
1013 3860 1311 3923 angustiores

295 3934 475 3984 fecerat
497 3937 815 3994 architectus,
834 3938 1211 4001 reprehendente
1229 3941 1313 3987 At-

299 4015 428 4072 tico,
448 4018 530 4063 cui
550 4017 628 4064 his
647 4016 805 4064 verbis
831 4016 1108 4081 respondet.
1141 4018 1312 4067 Cicero

295 4104 345 4141 et
372 4094 660 4144 architectus
683 4095 920 4159 putabant
949 4095 1184 4146 visionem
1211 4096 1313 4147 fieri

1413 2051 1697 2114 aspectabili
1724 2055 2099 2117 conjunctione,
2131 2063 2328 2114 Atticus
2350 2085 2436 2116 au-

1417 2139 1514 2176 tem
1576 2124 1784 2179 ιίδώλων
1849 2135 2163 2198 incursione;
2216 2143 2435 2210 adeoque

1413 2207 1613 2270 putabat
1627 2242 1642 2267 ‚
1659 2212 1876 2272 angustis
1897 2212 2116 2264 fenestris
2134 2212 2313 2272 εἴδωλα
2330 2242 2432 2275 non

1412 2301 1558 2347 posse
1583 2287 1840 2346 commode
1865 2289 1929 2337 ad
1955 2293 2125 2342 oculos
2148 2297 2274 2347 intra
2300 2303 2434 2353 fene-

1412 2374 1560 2413 stram
1581 2368 1757 2416 venire.
1785 2368 1956 2418 Cicero
1982 2382 2143 2423 autem
2169 2383 2433 2444 respondet

1410 2439 1478 2492 ita
1514 2459 1573 2495 ex
1603 2447 1857 2496 architecti
1882 2450 2118 2514 opinione
2151 2457 2212 2506 de
2246 2458 2431 2526 δκχύσει

1409 2524 1660 2573 meliorem
1716 2540 2033 2593 prospectum
2089 2534 2236 2589 effici.
2302 2542 2429 2596 Nam

1411 2602 1560 2663 loun,
1586 2615 1683 2653 etc.
1713 2606 1857 2655 Vides
1874 2619 2057 2671 cetera,
2081 2615 2251 2678 idest,
2281 2619 2428 2669 intel·

1408 2682 1549 2745 ligia,
1580 2682 1710 2733 effici
1734 2688 1803 2734 ita
1833 2688 1895 2736 ab
1923 2691 2069 2740 oculo
2093 2694 2155 2742 ad
2182 2697 2428 2759 objectum

1408 2759 1611 2825 figuram
1630 2764 1768 2825 coni,
1786 2767 1925 2828 cujus
1952 2770 2191 2837 fastigium
2211 2776 2261 2824 iu
2279 2779 2426 2828 oculo

1409 2843 1671 2906 spectantis
1699 2844 1802 2893 sive
1825 2847 1889 2894 ad
1916 2848 2173 2901 fenestram
2200 2857 2426 2907 termine-

1410 2930 1515 2980 tnr3
1544 2923 1684 2983 cujus
1709 2923 1951 2987 fastigium
1976 2945 2078 2991 quo
2109 2944 2181 2982 est
2209 2937 2426 2996 acutius,

1405 2999 1535 3048 basis
1551 3000 1712 3059 latior,
1734 3017 1793 3050 eo
1809 3005 2075 3065 jucundius
2095 3015 2425 3074 spectaculum

1406 3079 1671 3128 exhibebit.
1696 3083 1975 3132 Banasa-ns.

1476 3173 1529 3220 9.
1568 3147 1783 3223 ἔκχυσις.
1815 3160 2003 3210 Effusio
2039 3165 2315 3225 radiorum,
2338 3176 2422 3236 qui

1404 3236 1564 3298 primo
1582 3238 1777 3301 quidem
1798 3239 1957 3299 iuncti
1983 3243 2421 3307 egrediuntur.En.

1481 3331 1556 3363 10.
1582 3319 1895 3368 Ianuarium.
1934 3322 2049 3384 Quo
2075 3324 2236 3373 Caesar
2265 3326 2322 3376 ct'
2340 3331 2422 3377 Bi-

1404 3390 1549 3442 bulus
1567 3411 1690 3445 coss.
1721 3399 2052 3460 magistratum
2074 3404 2244 3453 inituri
2270 3421 2421 3459 erant.

1405 3473 1618 3523 Mamur.

1481 3567 1498 3596 ι
1517 3567 1558 3597 ι.
1590 3540 1867 3605 indorum.
1905 3559 2110 3612 Statum.
2139 3563 2414 3627 Πολιτείαν,

1405 3646 1557 3692 remp.

1479 3724 1558 3756 ια.
1612 3714 1923 3777 Σωκρατικῶς
1966 3715 2028 3772 εἰς
2076 3717 2310 3788 ἑκάτερον.
2355 3729 2414 3775 Ιιι

1400 3798 1652 3850 utramque
1673 3801 1853 3853 partem
1871 3827 1885 3849 ‚
1905 3809 2039 3841 more
2062 3798 2328 3852 Socratico.

1477 3868 1554 3913 13.
1582 3866 1675 3915 111i.
1703 3869 1960 3932 Socratici,
1986 3875 2059 3922 vel
2084 3879 2357 3932 academici.

1478 3961 1496 3991 1
1507 3953 1531 4000 4
1543 3982 1555 3994 .
1571 3943 1661 4000 Τὴν
1676 3945 1981 4016 ἀρίσκουσαν.
1995 3955 2186 4006 Scilicet
2197 3959 2383 4029 γνώμην
2396 4001 2410 4020 ,

1398 4025 1668 4088 placentem
1688 4062 1703 4084 ,
1754 4031 2053 4094 probabilem
2102 4042 2423 4105 sententiam„

1402 4104 1605 4152 Manu-r.
