3023 4773
485 404 1013 475 EPISTOLAE
1065 405 1198 472 AD
1251 403 1980 488 ATTICUM‚VII‚
2019 423 2134 469 20.
2225 401 2376 498 <687

257 554 415 601 men
458 543 811 626 quantum
857 528 1148 624 poteris.
1204 532 1355 624 Ego
1415 527 1475 596 si
1527 524 1705 624 quid
1761 524 1880 594 hic
1933 522 2151 596 hodie
2208 531 2379 597 novi

255 662 600 737 cognom,
658 639 859 708 scies.
895 642 1051 706 Jarn
1101 641 1295 707 enim
1338 637 1658 707 aderunt
1686 635 2020 706 consules
2074 635 2166 705 ad
2215 660 2381 706 suas

255 775 495 821 nonas.
514 755 703 820 Tuas
730 746 1057 845 quotidie
1078 747 1316 819 literas
1343 745 1796 844 exspectabo.
1821 744 1930 817 Ad
1952 745 2076 815 has
2105 760 2380 834 autem,

255 883 473 956 quum
503 859 805 957 poteris,
833 857 1199 929 rescribes.
1228 858 1571 928 Mulieres
1603 872 1676 928 et
1708 857 2092 927 Cicerones
2119 857 2193 925 in
2215 861 2384 926 For-

255 973 487 1039 miano
534 968 813 1065 reliqui.

252 1162 516 1179 mmm
522 1159 1714 1179 mmmmmmmmmmmmfln
1720 1159 1900 1177 mm
1910 1157 1990 1177 Μ
1998 1159 2361 1178 ΜΜΜἈδ

870 1328 1476 1407 EPISTOLA
1541 1329 1780 1406 XXI.

256 1490 499 1548 Tristem
551 1501 763 1546 statum
808 1489 1070 1566 Pompeii
1119 1501 1177 1547 et
1219 1489 1705 1566 Pompeianorum
1755 1487 2042 1566 deplorat.
2093 1488 2351 1567 (Calibus
2371 1530 2389 1562 ‚

760 1602 912 1641 anno
940 1588 1015 1642 U.
1047 1589 1110 1643 C.
1138 1596 1250 1657 704
1274 1628 1290 1657 ,
1316 1605 1510 1643 mense
1541 1582 1881 1662 februaria)

919 1742 1231 1806 CICERO
1276 1745 1599 1809 ATTICO
1645 1748 1707 1808 S.

349 1878 459 1946 DE
499 1874 703 1944 malis
739 1874 1005 1945 nostris
1043 1887 1124 1943 tu
1163 1874 1362 1970 prius
1405 1875 1646 1964 audis,
1703 1900 1920 1973 quam
1963 1901 2121 1973 ego,
2171 1878 2391 1949 Istinc

256 1988 443 2058 enim
485 1998 841 2055 emanant.
876 1984 1054 2053 Boni
1081 1997 1323 2052 autem
1351 1982 1526 2053 hinc
1548 1985 1751 2079 quod
1775 2000 2177 2083 exspectes,
2210 1986 2388 2056 nihil

253 2114 378 2168 est.
414 2099 599 2168 Veni
630 2099 948 2192 Capuam
976 2086 1318 2164 ad'nonas
1346 2090 1529 2161 febr.
1555 2146 1574 2180 ,
1605 2097 1702 2163 ita
1732 2109 1813 2163 ut
1834 2095 2199 2188 jusserant
2224 2119 2393 2167 con·

253 2209 464 2278 sules.
491 2212 595 2277 Eo
619 2205 734 2275 die
761 2205 1114 2276 Lentulus
1143 2203 1340 2273 venit
1375 2227 1537 2274 sero
1560 2229 1579 2290 ;
1610 2203 1792 2274 alter
1813 2205 2066 2274 consul
2087 2208 2390 2276 omnino

252 2342 407 2389 non
434 2329 729 2386 venerat
761 2340 864 2384 vn
901 2313 1084 2385 idus.
1117 2317 1221 2383 Eo
1250 2315 1447 2384 enim
1475 2311 1594 2383 die
1624 2338 1758 2411 ego
1795 2318 2041 2413 Capua
2071 2315 2393 2403 discessi,

252 2441 327 2498 et
362 2427 587 2496 mansi
607 2424 917 2497 Calibus.
956 2424 1135 2496 Inde
1158 2424 1284 2495 has
1308 2424 1551 2495 literas
1584 2425 1930 2522 postridie
1958 2441 2126 2498 ante
2157 2428 2392 2499 lucem

253 2536 444 2609 dedi.
483 2539 684 2623 Haec,
721 2538 982 2632 Capuae
1013 2533 1190 2603 dum
1234 2533 1370 2618 fui,
1407 2537 1715 2631 cognovi
1751 2562 1766 2603 ε
1801 2535 1976 2605 nihil
2016 2538 2092 2605 in
2131 2562 2394 2608 consu-

250 2646 479 2733 libus,
521 2646 805 2716 nullum
834 2668 1143 2741 usquam
1189 2642 1575 2715 delectum.
1615 2648 1764 2716 Nec
1800 2650 2003 2727 enim,
2027 2649 2394 2743 conquisi-

254 2768 449 2824 tores
472 2764 490 2795 ¹
529 2762 1092 2847 φαινοπροσωπεῒν’
1125 2750 1434 2837 audent3
1464 2775 1694 2846 quum
1713 2751 1834 2822 ille
1863 2750 2079 2823 adsit3
2108 2769 2395 2842 contra;

253 2888 484 2961 quum
523 2875 769 2931 noster
813 2861 962 2929 dux
996 2883 1359 2954 nusquam
1396 2862 1521 2946 sit,
1581 2860 1768 2929 nihil
1818 2876 1998 2959 agat.
2048 2866 2201 2933 Nec
2252 2890 2391 2934 no·-

252 2977 452 3043 mina
481 2971 655 3042 dant
680 2997 695 3038 ε
722 2969 967 3040 deficit
984 2970 1177 3040 enim
1201 2993 1353 3039 non
1372 2968 1739 3057 voluntaS,
1769 2970 1894 3041 sed
1919 2995 2101 3068 spes.
2136 2979 2393 3045 Cnaeus

250 3098 499 3155 autem
542 3095 791 3152 noster
833 3080 920 3176 (‘o
956 3105 1113 3151 rem
1157 3081 1491 3149 miseram
1542 3094 1613 3149 et
1663 3078 2160 3152 incredibilem
2187 3081 2257 3177 l)
2310 3099 2392 3154 ut

251 3208 457 3265 totus
490 3188 716 3286 jacet!
762 3216 911 3260 non
945 3192 1228 3260 animus
1264 3204 1405 3273 est,
1443 3216 1596 3260 non
1625 3189 2048 3279 consilium,
2087 3214 2235 3262 non
2267 3220 2394 3264 co-

249 3305 393 3401 piae
411 3358 430 3388 ‚
459 3328 611 3373 non
637 3300 1025 3399 diligentia.
1042 3301 1325 3370 Mittam
1349 3300 1464 3370 illa
1483 3355 1501 3386 ‚
1531 3299 1774 3398 fugam
1794 3301 1883 3372 ab
1907 3301 2105 3374 Urbe
2126 3308 2392 3401 turpis-

252 3414 515 3484 simam
528 3411 584 3499 4,
613 3410 1094 3482 timidissimas
1125 3411 1200 3479 in
1233 3409 1520 3510 oppidis
1548 3415 1971 3500 concione5‚
1997 3413 2390 3508 ignoratio-

248 3547 428 3593 nem
462 3547 611 3592 non
656 3521 893 3592 solum
927 3521 1350 3607 adversarii,
1397 3518 1524 3591 sed
1567 3521 1796 3591 etiam-
1821 3544 2109 3590 suarum
2151 3526 2392 3621 copia-

247 3659 443 3705 rum.
483 3637 637 3703 Hoc
668 3630 1071 3727 cujusmodi
1098 3631 1252 3702 est?
1287 3655 1383 3700 vu
1420 3629 1517 3700 id.
1555 3628 1732 3700 febr.
1771 3632 2091 3728 Capuam
2124 3635 2198 3703 C.
2233 3636 2396 3703 Cas-

332 3825 379 3858 x.
408 3807 782 3872 conquisitores.
807 3807 1031 3856 Delectni
1053 3806 1280 3855 habendo
1344 3768 1394 3849 A·
1411 3822 1564 3869 quum
1587 3805 1670 3854 ille
1700 3804 1858 3862 adsit,
1886 3816 2055 3854 contra
2096 3818 2263 3858 noster
2288 3810 2395 3858 dux

244 3888 496 3954 prasecti.
519 3889 664 3934 Mne.
1368 3901 1608 3949 nusquam
1635 3885 1700 3932 sit
1728 3895 1821 3932 etc.
1838 3906 1864 3926 »ο
1881 3918 1898 3944 ,
1918 3886 1951 3932 J
1958 3921 1972 3934 .
1995 3887 2057 3933 V.
2086 3888 2142 3936 L.

328 3983 385 4015 α.
411 3964 843 4032 Φαινοπρὸσωπεῖν.
875 3964 1072 4012 Prodire
1099 3975 1149 4012 et
1168 3964 1279 4012 vul·
1450 3972 1500 4019 4.
1524 3964 1725 4012 Mittam
1749 3963 1837 4011 illa
1854 4000 1868 4023 ‚
1887 3975 1985 4013 etc.
2014 3966 2113 4014 Alii
2143 3968 2283 4015 multi
2307 3967 2394 4013 ha·
2452 4018 2476 4036 0

245 4059 385 4101 eum,
418 4057 475 4093 ut
504 4046 664 4103 aiunt,
691 4042 958 4091 oscendere.
1369 4043 1510 4101 bont,
1566 4043 1754 4090 «Mitto
1789 4043 1923 4091 illam
1963 4045 2125 4109 fugam
2159 4046 2221 4094 ab
2266 4046 2403 4094 Urbe·

330 4126 382 4173 3.
418 4122 676 4200 Schiitzius
721 4122 878 4171 edidit
916 4139 944 4169 e
971 4123 1279 4187 conjectura,
1370 4122 1696 4188 turpissimam
1728 4146 1772 4173 ι.
1798 4126 1848 4174 J.
1871 4127 1938 4174 V.
1963 4128 2017 4173 1..
