3023 4773
652 437 741 510 58
1036 396 1039 397 *
1293 441 1389 506 Μ.
1443 439 1521 505 Τ.
1584 436 2141 507 CICERONIS

644 575 901 656 tasque
926 556 1110 648 ‚'ut‚
1159 559 1217 629 si
1260 582 1418 629 mea
1463 582 1579 629 res
1621 572 1840 645 esset,
1895 581 2046 628 non
2091 556 2315 653 magis
2354 553 2767 626 laborarem.

648 671 1114 767 Quapropter
1160 669 1647 765 gratissimum
1698 668 1876 739 mihi
1914 666 2196 755 feceris,
2247 667 2306 738 si
2352 666 2655 750 curaris,
2696 680 2776 734 ut

648 780 709 850 is
759 779 1149 876 intelligat,
1216 802 1332 848 me
1374 803 1413 848 a
1456 793 1529 849 te
1588 792 1870 849 tantum
1912 777 2135 849 amari
2162 832 2181 865 ‚
2231 791 2588 875 quantum
2631 776 2775 872 ipse

647 892 1000 963 existimo.
1041 896 1199 960 Hoc
1241 887 1418 958 mihi
1460 888 1730 985 gratius
1772 887 2006 961 facere
2049 888 2231 960 nihil
2276 904 2508 987 potes.
2553 885 2775 983 quue

651 1018 733 1074 ut
764 1000 980 1073 facias
1003 1053 1023 1088 ‚
1050 997 1520 1070 vehementer
1547 1013 1620 1070 te
1648 1024 1852 1097 rogo.

646 1216 926 1237 mmm
942 1208 2782 1234 mmmmmmmmmmmmmmmm

1266 1403 1874 1484 EPISTOLA
1928 1403 2180 1483 XLV.

650 1564 875 1644 Egnatii
900 1584 1132 1625 servum
1164 1577 1222 1623 et
1251 1566 1487 1643 negotia
1519 1566 1804 1644 Apuleio,
1849 1564 2237 1643 proquaestori
2270 1564 2453 1635 Asiae,
2501 1581 2790 1621 commen-

1400 1661 1518 1721 dat.
1548 1662 1742 1742 (Anno
1773 1659 2043 1737 incerto.)

799 1831 890 1894 M.
919 1829 1003 1893 T.
1029 1832 1100 1894 C.
1139 1831 1555 1912 APULEIO,
1604 1830 2245 1914 PROQUAESTORI
2272 1837 2322 1912 ¹,
2370 1831 2436 1894 S.
2479 1829 2554 1894 P.
2590 1830 2669 1892 D.

747 1970 829 2037 L.
878 1970 1210 2038 Eclu‘mo
1254 1994 1405 2039 uno
1445 1970 1691 2066 equite
1727 1993 2035 2039 romano
2081 1968 2194 2039 vel
2248 1965 2803 2038 familiarissime

656 2093 845 2151 utor.
874 2078 952 2174 Ej
964 2103 1045 2148 us
1068 2076 1498 2149 Anchialum
1523 2104 1809 2150 servum
1832 2133 1851 2164 ‚
1880 2078 2320 2177 negotiaque
2339 2131 2358 2164 ,
2393 2102 2561 2175 quae
2587 2073 2805 2147 habet

658 2190 734 2259 in
762 2189 961 2274 Asia,
990 2186 1120 2258 tibi
1154 2187 1629 2276 commendo,
1658 2213 1806 2260 non
1844 2191 2127 2260 minore
2162 2187 2407 2260 studio
2429 2242 2449 2276 ‚
2488 2212 2720 2285 quam
2751 2185 2807 2256 si

657 2323 811 2369 rem
850 2323 1083 2370 meam
1123 2298 1733 2370 commendarem.
1771 2300 1884 2370 Sic
1921 2302 2115 2369 enim
2146 2299 2513 2371 existimes
2552 2297 2809 2382 velim,

659 2408 835 2480 mihi
872 2435 1040 2482 curn
1084 2435 1172 2482 eo
1206 2436 1359 2481 non
1403 2409 1626 2481 modo
1662 2409 2160 2507 quotidianam
2198 2410 2809 2483 consuetudinem

659 2544 1014 2590 summam
1048 2520 1532 2610 intercedere,
1564 2520 1692 2592 sed
1731 2522 1944 2593 etiam
1975 2518 2215 2591 officia
2244 2545 2510 2618 magna
2547 2534 2626 2590 et
2658 2542 2813 2588 mu·

664 2646 787 2702 tua
824 2628 1159 2728 [nostra2]
1200 2633 1387 2702 inter
1418 2657 1554 2703 nos
1585 2655 1760 2703 esse.
1783 2629 2283 2722 Quamobrem
2327 2632 2553 2700 etiam
2593 2643 2817 2725 atque

660 2742 872 2811 etiam
903 2767 944 2812 a
977 2756 1049 2812 te
1080 2756 1285 2838 pet0,
1327 2757 1411 2812 ut
1443 2767 1679 2829 curm,
1717 2755 1799 2812 ut
1827 2741 2222 2838 intelligat..
2248 2764 2364 2810 me
2405 2739 2501 2811 ad
2539 2754 2617 2810 te
2649 2736 2821 2809 satis

662 2849 1043 2946 diligenter
1094 2854 1474 2949 scripsisse.
1521 2857 1704 2923 Nam
1756 2849 1846 2922 de
1893 2865 2020 2922 tua
2056 2874 2223 2947 erga
2267 2874 2383 2920 me
2431 2850 2821 2921 voluntate

659 2985 813 3031 non
855 2959 1255 3033 dubitabat.
1317 2962 1400 3035 Id
1445 2977 1529 3033 ut
1588 2961 1833 3049 faciaS,
1885 2977 1956 3033 te
2011 2962 2228 3032 etiam
2293 2977 2525 3058 atque
2596 2961 2825 3031 etiam

661 3095 866 3167 rogo.

738 3265 784 3297 1.
802 3250 1010 3314 Apuleio
1016 3251 1359 3315 proquoestori.
1381 3251 1689 3315 Ragazonius
1777 3251 1999 3315 proxime
2037 3248 2376 3297 antecedentes
2415 3248 2495 3297 illi
2539 3265 2681 3297 enno
2722 3248 2832 3296 elli-

666 3339 805 3392 pntat
866 3346 976 3377 enm
1037 3340 1421 3394 proqnoestorein
1471 3330 1689 3395 Philippi
1776 3345 1887 3395 gare
1906 3329 2089 3378 liceret.
2111 3331 2458 3376 Verumtamen
2480 3327 2752 3393 Philippi,
2769 3326 2836 3375 ed

664 3408 973 3469 proconsulis
1005 3408 1058 3454 in
1083 3411 1197 3457 Asia
1234 3409 1382 3457 fnisse
1401 3423 1414 3456 ε
1453 3409 1688 3473 illumque
1776 3426 1920 3473 quem
1938 3410 2130 3473 scriptae
2149 3419 2264 3455 sunt
2285 3407 2513 3471 epistole
2533 3410 2670 3456 XIII
2686 3442 2703 3468 ,
2740 3407 2806 3468 73
2820 3440 2838 3464 ,

664 3487 1060 3549 proconsulatum
1097 3488 1293 3552 Pighius
1319 3489 1382 3537 ad
1409 3505 1526 3539 ann.
1551 3491 1614 3538 U.
1630 3492 1687 3541 C.
1779 3497 1846 3552 74
1864 3526 1879 3551 ,
1907 3488 2187 3538 consulatu:
2214 3485 2447 3535 incidisse
2477 3489 2659 3551 potins
2689 3486 2838 3535 vide-

671 3565 766 3626 708
802 3565 962 3612 refert.
993 3567 1144 3632 Quod
1174 3569 1215 3616 si
1251 3580 1435 3616 certum
1475 3580 1599 3617 esset
1640 3580 1690 3618 et
1779 3569 1929 3616 turin
1950 3583 2131 3616 annum
2157 3567 2279 3628 698.
2308 3567 2423 3612 Seu.

665 3643 996 3707 exploratum,
1025 3646 1150 3696 hanc
1178 3649 1431 3713 epistolam
1470 3659 1528 3697 nt
1571 3648 1690 3696 duaa
1853 3665 1902 3698 a.
1932 3649 2129 3695 Nostra.
2148 3644 2267 3696 Sub.
2285 3644 2492 3693 omittit.
2520 3645 2621 3692 En.

1502 3906 1975 3934 ...ᾡ-
