3023 4773
511 415 1035 486 EPISTOLAE
1086 416 1222 484 AD
1273 415 1782 499 ATTICUM,
1819 417 1982 498 ΙΙΙ,
2034 440 2145 484 22.
2249 412 2385 510 457

272 630 1452 651 mmmmmmmmmmm
1458 632 1637 650 mm
1643 632 2390 651 mmmmm-fimum

864 848 1456 929 EPISTOLA
1508 851 1806 928 XXII.

275 1020 365 1074 De
395 1016 612 1074 Plancii
639 1015 1013 1087 liberalitate,
1042 1015 1116 1073 de
1139 1017 1369 1075 Lentuli
1397 1018 1622 1089 officio,
1648 1017 1722 1075 de
1744 1019 1982 1076 Metello
2010 1017 2120 1076 sibi
2148 1019 2396 1097 placato.

352 1112 582 1186 Quibus
628 1112 811 1171 causis
855 1125 1177 1171 commotus
1214 1135 1274 1171 se
1317 1115 1749 1190 Dyrrhachium
1790 1116 2120 1174 contulerit.
2160 1118 2396 1194 (Partim

351 1209 811 1281 Thessalonicae,
870 1211 1082 1286 partim
1127 1209 1513 1287 Dyrrhachii,
1567 1231 1719 1270 anno
1769 1217 1847 1272 U.
1894 1218 1962 1272 C.
2009 1212 2123 1290 695
2143 1257 2160 1285 ,
2208 1231 2400 1270 mense

354 1306 708 1386 novembri.)
1389 1324 1393 1328 ·

946 1483 1263 1547 CICERO
1303 1483 1628 1547 ATTICO
1674 1485 1735 1548 S.

377 1656 546 1722 Ers1
585 1650 971 1748 'diligenter
1006 1650 1095 1721 ad
1128 1674 1242 1722 me
1272 1652 1591 1742 Quintus
1627 1648 1844 1723 frater
1882 1667 1953 1723 et
1985 1655 2215 1741 Piso¹,
2248 1678 2406 1750 quae

281 1776 517 1833 essent
547 1777 739 1848 acta,
779 1762 1300 1858 scripserunt²t
1340 1775 1578 1832 tamen
1622 1760 1912 1848 vellem,
1953 1777 2072 1831 tua
2105 1777 2173 1832 te
2201 1787 2410 1832 occu-

282 1876 478 1969 patio
520 1897 672 1941 non
711 1871 1170 1967 impedisset,
1233 1895 1383 1966 quo
1432 1872 1705 1958 minus,
1746 1885 1831 1940 ut
1884 1873 2275 1959 consuesti,
2318 1869 2411 1942 ad

282 2008 438 2068 me,
486 1981 662 2078 quid
701 1997 1028 2077 ageretur
1060 1995 1133 2052 et
1168 1979 1345 2076 quid
1389 1981 1863 2078 intelligeres,
1905 1983 2406 2081 perscriberes.

282 2096 403 2161 Me
448 2089 686 2160 adhuc
721 2091 1049 2163 Plancius
1099 2088 1520 2161 liberalitate
1558 2116 1682 2161 sua
1720 2097 1982 2163 retinet
1999 2091 2051 2181 ³,
2097 2093 2246 2188 jam
2284 2094 2411 2164 ali-

286 2203 573 2297 quoties
619 2215 960 2272 eonatum
1004 2203 1108 2271 ire
1153 2203 1225 2270 in
1260 2203 1582 2297 Epirum.
1634 2205 1809 2298 Spes
1845 2202 2122 2272 homini
2164 2218 2270 2275 est
2303 2208 2412 2273 in-

279 2312 470 2407 jecta
487 2364 505 2397 ‚
531 2335 681 2382 non
706 2309 953 2381 eadem
973 2365 991 2398 ,
1020 2335 1180 2408 quae
1197 2309 1375 2378 mihi
1393 2364 1411 2398 ,
1438 2334 1650 2408 posse
1673 2334 1806 2380 nos
1832 2334 1977 2379 una
1998 2309 2413 2381 decedere4:

285 2445 506 2517 quam
544 2447 694 2493 rem
749 2420 882 2492 sibi
926 2446 1188 2518 magno
1219 2419 1504 2496 ,honori
1544 2435 1784 2517 sperat
1827 2416 2002 2491 fore.
2050 2419 2187 2490 Sed
2228 2421 2417 2514 jam,

285 2556 519 2628 quum
556 2528 938 2601 adventare
964 2528 1265 2601 milites⁵
1301 2527 1714 2617 dicunturss,
1754 2528 2166 2601 faciendum
2203 2530 2417 2600 nobis

289 2644 459 2726 erit,
487 2656 567 2711 ut
594 2640 685 2711 ab
706 2666 804 2751 'eo
834 2639 1303 2712 discedamus,
1327 2639 1546 2730 Quod
1573 2666 1800 2738 quum
1831 2638 2195 2724 faciemuS,
2226 2641 2314 2711 ad
2345 2655 2415 2710 te

290 2752 523 2823 statim
563 2756 970 2838 mittemus3
1016 2764 1094 2821 ut
1133 2754 1343 2843 scias,
1380 2751 1508 2822 ubi
1557 2755 1802 2823 simus.
1851 2752 2244 2822 Lentulus7
2286 2777 2419 2821 suo

292 2860 381 2928 in‘
416 2885 551 2931 nos
597 2857 884 2949 officio,
942 2859 1142 2957 quod
1197 2876 1268 2932 et
1318 2886 1436 2948 re,
1491 2877 1564 2932 et
1619 2864 2015 2958 promissis,
2075 2875 2148 2931 et
2199 2859 2420 2930 literis

292 2969 640 3057 declarat,
668 2992 871 3066 spem
901 2968 1114 3041 nobis
1142 2971 1569 3041 nonnullam
1591 2969 1799 3041 affert
1825 2972 2142 3066 Pompeii
2171 2969 2425 3039 volun-

294 3083 472 3151 tatis.
519 3082 717 3176 Saepe
751 3080 941 3150 enim
985 3096 1063 3149 tu
1101 3080 1190 3151 ad
1226 3106 1342 3151 me
1381 3084 1764 3180 scripsisti,
1801 3105 1968 3151 eum
2006 3094 2240 3149 totum
2269 3104 2420 3150 esse

371 3336 414 3368 1.
456 3319 581 3368 Ρίςο.
627 3319 685 3367 C.
724 3320 839 3366 Piso
875 3318 1053 3380 Frugi,
1092 3318 1313 3365 Tulliolae
1401 3318 1516 3366 ideo
1549 3319 1780 3381 timebat,
1805 3318 1939 3383 qnod
1961 3319 2053 3366 sibi
2081 3319 2306 3367 Pisonem
2330 3318 2424 3365 ini-

294 3400 389 3447 vir.
414 3400 505 3462 Ep.
529 3388 580 3456 2,
598 3398 689 3446 lib.
713 3399 752 3444 Ι.
776 3398 987 3446 Mam.
1404 3398 1715 3445 unicissimum
1740 3409 2039 3460 cognoverat
2055 3432 2069 3456 ,
2098 3408 2270 3461 utpote
2291 3399 2431 3457 cnjus

370 3493 421 3526 2.
450 3478 549 3525 Alii
567 3511 585 3535 ,
610 3478 913 3541 scripserant.
935 3480 987 3525 J.
1004 3477 1068 3523 V.
1089 3479 1147 3523 1..
1408 3479 1457 3524 in
1492 3478 1748 3526 consulatu
1790 3494 1817 3525 a
1859 3477 2041 3527 Clodio
2078 3476 2246 3540 pulsus
2285 3489 2425 3524 esset.

371 3558 418 3609 3,
446 3557 649 3605 Retinet.
677 3557 1048 3605 Thessalonicae.
1074 3558 1226 3604 Mu.
1408 3559 1565 3604 Inus.

370 3643 418 3692 4.
471 3637 728 3685 Decedet-e.
775 3639 1001 3700 Quaestor
1041 3634 1171 3682 enim
1215 3647 1318 3683 erat
1479 3636 1527 3682 6.
1543 3633 1799 3681 Dicuntur.
1816 3635 1978 3680 Faerni
1993 3633 2133 3690 liber,
2147 3632 2435 3682 diceremur.

299 3715 524 3764 Plancius
557 3718 610 3763 in
648 3716 940 3764 Macedonia
958 3752 973 3777 ,
1009 3725 1218 3778 pretore
1258 3717 1313 3763 L.
1408 3715 1706 3779 Malaspina,
1738 3712 1982 3760 dicamur.
2016 3712 2236 3759 Graevius
2254 3746 2269 3770 ‚
2301 3713 2431 3759 dice-

299 3794 563 3859 Appnleio.
606 3798 661 3842 In
703 3796 926 3845 oratione
968 3792 1060 3858 p'ro
1104 3794 1319 3842 Plancio.
1412 3806 1578 3840 retur.-
1604 3793 1832 3839 dicuntur
1848 3806 1939 3837 nos
1967 3807 2076 3838 cum
2106 3789 2219 3836 Sch.
2235 3807 2298 3838 ex
2323 3791 2433 3838 edd.

303 3878 456 3921 Inus.
1412 3877 1555 3920 Rom.
1571 3870 1683 3919 Ald.
1707 3871 2052 3918 revocavimus.
2079 3872 2169 3918 En.

375 3954 423 4001 5.
445 3952 644 4001 Milites.
664 3955 802 4015 Quos
822 3953 876 4000 L.
903 3954 1012 4000 Piso
1032 3953 1323 4017 proconsul,
1487 3970 1533 4013 7.
1558 3952 1805 3998 Lentulus.
1828 3950 2013 3998 Consul
2033 3950 2309 4013 designatus
2325 3965 2434 3995 cnm

304 4032 357 4076 1..
385 4032 629 4096 Appuleio
654 4031 851 4095 praetori
879 4032 1184 4080 Macedoniae
1210 4049 1324 4079 suc·
1415 4031 1621 4079 Metello
1648 4030 1857 4093 Nepote.
1895 4029 1974 4076 Ad
2002 4029 2119 4077 Div.
2146 4029 2232 4077 lib.
2262 4031 2304 4076 Ι.
2334 4030 2436 4075 Co-

302 4126 549 4170 ressnms,
586 4113 900 4176 praemiserat.
950 4112 1029 4160 Ab
1070 4113 1128 4159 iis
1167 4122 1327 4159 autem
1417 4126 1627 4173 gnomen
1655 4110 1725 4157 illi
1749 4120 1848 4157 erat
1868 4110 2115 4173 Spinther.
2141 4110 2232 4155 En.
