3023 4773
625 400 764 495 376

1262 404 1357 469 M.
1411 403 1487 467 T.
1543 401 2097 469 CICERONIS

613 545 806 605 mus,
826 520 1380 617 Theopompino
1398 543 1659 615 genere
1674 573 1693 606 ,
1715 535 1840 590 aut
1859 521 2069 590 etiam
2092 521 2455 615 asperiore
2484 522 2736 607 mult0,

613 642 1041 724 pangentur.
1084 630 1337 722 Neque
1379 627 1573 696 aliud
1610 627 1757 721 jam
1798 624 2195 724 quidquam
2236 622 2739 722 πολιτεύομαιῑὸ,

614 739 750 807 nisi
771 736 1003 807 odisse
1025 735 1434 834 improbos,
1469 751 1541 807 et
1558 735 1630 806 id
1657 738 1893 833 ipsum
1922 736 2124 805 nulio
2146 759 2309 805 cum
2339 739 2735 821 stomachO,

611 846 737 917 sed
773 848 1013 943 potius
1052 870 1215 916 cum
1248 846 1484 942 aliqua
1520 843 1882 916 scribendi
1921 844 2307 941 voluptate.
2348 845 2480 915 Sed
2522 861 2603 915 ut
2645 846 2733 916 ad

609 981 765 1027 rem
783 1013 801 1043 ‚
840 959 1088 1055 scripsi
1120 956 1207 1027 ad
1234 971 1628 1053 quaestores
1655 954 1970 1025 urbanos
1998 952 2088 1024 de
2127 958 2324 1043 Quin
2336 959 2387 1023 ti
2404 965 2468 1011 ¹9
2498 954 2735 1025 fratris

612 1071 924 1164 negotio.
970 1065 1185 1151 Vide,
1233 1065 1407 1163 quid
1454 1081 1786 1146 narrent,
1824 1089 2051 1162 ecqua
2095 1089 2257 1161 spes
2303 1066 2392 1135 sit
2427 1064 2734 1147 denarii,

610 1202 700 1246 an
763 1176 1177 1272 cistophoro
1194 1185 1260 1218 ²⁰
1309 1177 1747 1273 Pompeiano
1801 1176 2180 1269 jaceamus
2242 1180 2587 1246 Praeterea
2643 1175 2737 1245 de

611 1295 923 1367 mur021,
951 1299 1207 1369 statue,
1232 1283 1408 1382 quid
1427 1283 1836 1356 faciendum
1870 1285 1980 1355 sit.
2017 1283 2229 1354 Aliud
2247 1283 2475 1381 quid?
2503 1287 2734 1357 etiam.

609 1392 918 1482 Quando
957 1409 1025 1464 te
1067 1392 1420 1491 proficisci
1457 1396 1668 1466 istinc
1701 1409 1944 1493 puteS,
1982 1392 2123 1479 fac,
2161 1409 2243 1465 ut
2278 1397 2517 1465 sciam.

606 1609 787 1671 quidve
805 1608 1138 1657 continuerint
1150 1645 1165 1668 ,
1185 1613 1353 1683 paucis
1370 1609 1530 1658 adhuc
1548 1626 1634 1658 no-

605 1698 709 1735 tum
741 1705 842 1736 esse
871 1688 1031 1736 video.
1071 1692 1175 1752 Ego
1207 1690 1384 1737 librum
1418 1688 1629 1736 arbitror

606 1766 866 1832 significari
909 1769 1075 1824 ilium,
1107 1785 1252 1830 quem
1290 1771 1362 1816 M.
1401 1768 1626 1827 Tullius,

603 1847 945 1897 honestissimo
979 1846 1175 1910 quidem
1207 1849 1403 1895 nomine
1435 1848 1495 1893 de
1526 1849 1627 1896 suis

607 1928 819 1975 consiliis
839 1928 1145 1989 inscripserat
1161 1961 1176 1984 ,
1194 1926 1279 1973 sed
1299 1942 1476 1991 revera
1497 1928 1547 1973 in
1569 1943 1627 1974 co

603 2005 725 2052 illud
754 2008 877 2068 egit,
902 2015 960 2052 ut
982 2004 1237 2052 sceleratos
1263 2006 1393 2052 cives
1419 2005 1624 2053 ulcisce-

604 2097 766 2142 retur,
803 2096 852 2131 et
892 2083 954 2131 ad
996 2100 1151 2131 annos
1187 2096 1464 2145 sexcentos,
1505 2085 1628 2148 quid

604 2163 779 2225 ipsein
806 2162 1079 2226 republica,
1100 2161 1220 2226 quid
1246 2163 1315 2209 illi
1342 2163 1627 2220 sensissent,

604 2252 829 2290 testatum
867 2242 1119 2305 legeretur.
1171 2242 1393 2305 Namque
1441 2244 1493 2289 in
1539 2259 1625 2291 eos

605 2320 910 2368 acerbissime
937 2332 1010 2368 est
1036 2322 1273 2369 invectus.
1300 2321 1451 2384 Quod
1468 2338 1531 2370 ne
1551 2324 1624 2371 vel

605 2401 729 2460 sibi,
758 2401 831 2449 vel
857 2404 1028 2449 Marco
1050 2400 1155 2448 filio
1183 2401 1342 2448 fraudi
1361 2401 1624 2464 aliquando

605 2492 727 2529 esset
745 2514 760 2539 ,
784 2480 960 2527 librum
980 2481 1286 2544 obsignatum
1306 2481 1626 2529 occultatum-

606 2577 701 2623 que
739 2577 842 2607 esse
882 2561 1072 2614 voluit,
1111 2576 1212 2607 non
1249 2559 1400 2606 modo
1438 2577 1513 2618 se,
1541 2560 1625 2608 sed

606 2638 708 2687 filio
736 2655 934 2702 quoque
962 2640 1167 2686 vivente.
1203 2641 1264 2686 Et
1292 2638 1343 2685 id
1368 2635 1626 2687 esse'arbi-

605 2730 725 2775 tter,
740 2718 872 2781 quod
891 2717 970 2764 hic
987 2711 1241 2766 ἀνέκδοτον
1256 2729 1399 2765 vocat
1411 2753 1425 2776 ,
1445 2719 1628 2781 unique

607 2800 771 2845 Attico
810 2808 1052 2861 tamquam
1089 2798 1174 2844 uui
1210 2798 1332 2856 sibi,
1366 2799 1461 2861 legi
1499 2799 1624 2845 vult.

603 2878 978 2942 Theopompum
997 2892 1111 2923 vero
1130 2888 1291 2924 utrum
1304 2878 1626 2925 existimemus

603 2955 810 3019 intelligi
843 2966 1099 3019 oportere,
1132 2957 1436 3003 comicumne
1461 2955 1624 3012 ilium,

605 3034 664 3081 de
703 3050 803 3097 quo
852 3034 1047 3092 Suidas,
1091 3051 1152 3081 an
1197 3035 1363 3098 potius
1407 3033 1622 3080 historiae

602 3116 887 3179 scriptorem
905 3117 927 3162 Ρ
953 3116 1198 3178 Siquidem
1219 3125 1266 3161 et
1291 3114 1422 3160 bunc
1441 3114 1490 3160 in
1513 3129 1624 3160 suo-

598 3209 710 3240 rum
737 3205 1006 3257 temporum
1029 3195 1289 3258 scriptores
1311 3191 1475 3238 invehi
1500 3193 1620 3239 soli-

599 3282 708 3319 tum
745 3288 876 3333 esse,
915 3283 964 3318 et
1004 3272 1279 3330 Lucisnus,
1319 3281 1367 3316 et
1403 3271 1623 3318 AEmiiius

599 3349 820 3409 Probus,
849 3360 897 3396 et
927 3348 1223 3412 Dionysius,
1254 3349 1397 3395 initio
1428 3365 1623 3397 suarum

599 3428 908 3477 historiarum
927 3428 1140 3475 tradunt.
1151 3429 1625 3477 Msmsr.——Libros

601 3523 798 3578 quoque
826 3509 986 3555 LVIII
1022 3507 1213 3572 scripsit
1240 3508 1414 3571 plenos
1453 3519 1625 3557 contu-

601 3585 848 3634 meliarum
878 3587 927 3633 in
950 3586 1231 3651 Philippum
1255 3602 1415 3650 regem
1443 3600 1492 3635 et
1520 3589 1624 3648 ejus

605 3661 767 3710 duces.
791 3666 967 3713 Athen.
990 3668 1076 3714 111.
1108 3667 1197 3712 Eu.
1221 3729 1236 3736 l

1798 1613 1880 1657 18.
1899 1607 2227 1675 Πολιτεύομαι.
2245 1612 2432 1673 Opera,
2449 1626 2593 1674 quam
2606 1628 2736 1658 nunc

1719 1689 1913 1753 quidem
1930 1725 1943 1745 ,
1982 1690 2118 1737 Antii
2146 1689 2260 1735 dum
2296 1706 2428 1747 sum,
2457 1690 2736 1754 reipublicae

1718 1784 1846 1816 navo
1860 1803 1873 1825 ,
1891 1768 1995 1816 haee
2012 1778 2084 1815 est
2096 1803 2110 1825 ,
2129 1768 2287 1816 odisse
2305 1768 2573 1831 improbos.
2594 1772 2735 1818 Mus.

1797 1864 1873 1909 ¹9-
1911 1850 1985 1894 De
2020 1848 2080 1907 Q.
2099 1847 2298 1912 fiacr-125.
2344 1849 2621 1909 Quaestoroe
2656 1866 2737 1896 ur·

1717 1925 1831 1973 bani
1869 1927 2103 1974 curabant
2144 1927 2499 1989 magistratibus
2537 1928 2734 1991 provin·

1715 2003 1919 2052 cialibus
1948 2005 2085 2067 quod
2111 2022 2172 2051 ex
2202 2004 2373 2052 aerario
2404 2007 2456 2051 in
2490 2018 2735 2069 sumptum

1717 2082 2001 2130 debebatur.
2033 2083 2151 2130 Ideo
2174 2086 2236 2145 Q.
2265 2084 2437 2132 Cicero
2462 2097 2737 2148 propraetor

1714 2179 1773 2211 ex
1796 2164 1910 2209 Asis
1935 2162 2255 2218 discessurus,
2281 2163 2509 2226 cupiebat
2530 2164 2625 2211 hoc
2645 2166 2733 2212 sibi

1712 2242 1773 2289 sb
1794 2242 1889 2288 iliis
1908 2243 2066 2289 curari
2087 2242 2286 2289 denario
2304 2275 2318 2299 ,
2340 2241 2393 2288 id
2411 2253 2508 2299 est,
2536 2259 2735 2291 romano

1713 2336 1911 2368 nummo
1946 2334 1959 2367 ε
1994 2320 2069 2367 illi
2095 2336 2212 2367 vero
2240 2321 2364 2367 facts
2405 2337 2596 2368 versura
2624 2340 2734 2370 cum

1714 2401 1947 2464 Pompeio
1966 2415 2216 2447 numerare
2234 2399 2465 2447 volebant
2493 2418 2553 2447 ex
2579 2419 2630 2449 ea
2652 2420 2735 2466 pe-

1715 2482 1872 2538 cunia,
1902 2498 2047 2544 quam
2068 2482 2325 2545 Pompeius
2351 2483 2578 2528 confecto
2607 2482 2736 2528 bello

1715 2560 2052 2608 Mithridatico
2096 2560 2147 2607 iu
2189 2561 2302 2608 Asia
2350 2561 2403 2606 in
2449 2560 2736 2624 cistophoro

1717 2654 1918 2686 nummo
1940 2640 2204 2688 locaverat.
2235 2641 2431 2688 Porus.

1789 2734 1871 2765 ao.
1902 2718 2206 2783 Cistoplioro.
2242 2720 2480 2766 Demrius
2501 2736 2736 2767 romanus

1718 2813 1885 2860 parum
1924 2798 2087 2854 aberat
2129 2799 2249 2861 quin
2297 2798 2450 2862 duplo
2490 2809 2734 2861 superaret

1715 2878 2083 2925 aestimationem
2122 2878 2410 2942 cistophori,
2442 2880 2732 2926 Asianorum

1714 2959 1927 3014 nummi,
1970 2959 2040 3002 sic
2085 2956 2346 3020 appellati,
2394 2957 2528 3021 quod
2575 2959 2627 3002 in
2672 2973 2734 3005 eo

1714 3035 1912 3081 cistiferi
1942 3047 2099 3082 essent
2134 3036 2342 3099 sculpti,
2374 3037 2457 3100 qui
2487 3051 2733 3082 sacrorum

1714 3114 2029 3176 mysticorum
2063 3115 2194 3161 cistis
2232 3114 2531 3162 inclusorum
2562 3131 2732 3161 armna

1713 3193 1932 3240 serebant
1946 3228 1959 3250 ‚
1977 3203 2031 3240 ut
2052 3194 2103 3239 in
2121 3193 2324 3258 Cybela·
2337 3195 2597 3257 mysteriis,
2616 3196 2733 3241 Bac-

1670 3321 1677 3331 ·
1712 3273 1790 3319 chi
1840 3272 1987 3335 orgiis
2006 3307 2020 3329 ,
2065 3273 2252 3320 Cereris
2294 3274 2465 3320 initiis.
2510 3265 2734 3334 Quatuor

1712 3353 1840 3398 enim
1861 3351 2041 3398 denarii
2068 3362 2249 3415 septem
2278 3353 2591 3416 cistophorus
2618 3368 2728 3398 cum

1713 3432 1905 3478 semisse
1919 3430 2155 3479 valebant.
2169 3432 2399 3480 Tuitus».
2413 3430 2620 3479 Advers.
2641 3432 2733 3488 111,

1713 3526 1819 3573 cap.
1854 3512 1883 3557 5
1911 3520 1958 3556 et
1990 3511 2074 3556 23.

1787 3604 1869 3635 αι.
1904 3591 1984 3635 «Βσ
2011 3605 2165 3637 mrim.
2211 3589 2337 3637 Vide
2375 3604 2519 3654 snpra
2556 3602 2639 3652 ep.
2672 3596 2734 3644 4,

1712 3678 1943 3715 extrema.

1441 3914 1906 3943 ——QQQ—
