3023 4773
567 390 1080 459 EPISTOLAE
1133 389 1259 455 ΑΙ)
1312 388 1805 473 ATTICUM,
1852 392 1920 473 1,
1982 388 2085 460 16.
2165 399 2173 407 '
2258 391 2389 487 317

263 516 483 610 magis
512 567 531 599 ‚
597 536 814 607 quam
894 508 1080 579 fama
1145 514 1641 580 commoverit.
1710 514 2039 599 Quorum
2102 513 2399 584 Catulus

231 715 235 718 Α
267 650 492 721 quum
526 622 812 691 vidisset
833 617 1222 717 quemdam
1240 674 1259 704 ,
1284 618 1480 709 Quid
1505 643 1664 705 vos,
1691 620 1961 716 inquit,
1985 622 2398 719 praesidium

265 761 307 803 a
342 732 549 803 nobis
584 729 1097 830 postulabatis?
1123 754 1248 817 an,
1276 755 1369 800 ne
1394 731 1673 798 nummi
1698 728 1903 799 vobis
1927 732 2397 828 eriperentur,

265 841 676 913 timebatis?
713 838 987 922 HabeS,
1032 853 1112 908 ut
1143 838 1564 910 brevissime
1595 841 1835 935 potui,
1871 864 2100 936 genus
2123 841 2397 934 judicii,

265 966 336 1022 et
370 975 658 1023 causam
690 948 1189 1019 absolutionis.

362 1062 639 1150 Quaeris
676 1058 1055 1155 deincepS,
1090 1061 1218 1153 qui
1253 1081 1449 1127 nunc
1476 1059 1565 1127 sit
1602 1073 1829 1129 status
1852 1084 2093 1129 rerum
2116 1115 2135 1148 ,
2175 1074 2247 1130 et
2274 1064 2401 1158 qui

267 1197 497 1241 meus,
543 1168 981 1268 Reipublieae
1026 1183 1290 1239 statum
1339 1166 1579 1253 illum,
1631 1193 1849 1265 quem
1899 1183 1975 1239 tu
2018 1195 2181 1240 meo
2228 1196 2401 1241 con-

267 1284 466 1363 silio,
515 1306 647 1379 ego
696 1280 944 1350 divino
996 1276 1502 1349 confirmatum
1524 1282 1584 1329 4¹
1646 1278 2025 1375 putabam,
2080 1282 2202 1376 qui
2263 1280 2401 1351 bo-

267 1415 531 1462 norum
576 1392 905 1461 omnium
951 1389 1503 1483 conjunctione,
1557 1403 1628 1456 et
1681 1391 2104 1460 auctoritate
2147 1415 2402 1461 consu—

269 1504 454 1573 latus
497 1503 676 1587 mei,
721 1499 907 1570 fixus
945 1514 1017 1570 et
1057 1498 1402 1569 fundatus
1437 1495 1843 1584 videbatur,
1889 1499 2024 1567 nisi
2062 1501 2226 1595 quis
2271 1526 2403 1595 nos

270 1610 448 1681 deus
492 1614 925 1708 respexerit,
975 1609 1294 1707 elapsum
1341 1609 1520 1679 scito
1552 1631 1705 1678 esse
1744 1606 1835 1677 de
1878 1608 2215 1680 manibus
2254 1636 2404 1683 uno

270 1720 413 1790 hoc
449 1719 723 1814 judicio
740 1722 850 1788 ⁴²:
892 1720 948 1789 si
976 1717 1326 1812 judicium
1367 1734 1516 1803 est,
1560 1718 1854 1813 triginta
1897 1716 2229 1790 homines
2274 1746 2403 1818 po·-

270 1830 428 1926 puli
452 1829 730 1899 romani
763 1827 1155 1897 levissimos
1197 1851 1277 1898 ac
1315 1828 1828 1923 nequissimos,
1872 1828 2266 1900 nummulis
2291 1855 2403 1901 ac-

268 1943 535 2035 ceptis,
577 1939 696 2031 jus
729 1960 812 2004 ac
855 1933 959 2005 fas
1002 1960 1220 2005 omne
1254 1935 1530 2023 delere,
1574 1952 1675 2021 et,
1719 1938 1922 2032 quod
1963 1963 2218 2009 omnes
2251 1966 2402 2011 non

266 2044 497 2116 modo
553 2047 915 2128 hominm,
980 2067 1233 2112 verum
1289 2046 1500 2112 etiam
1564 2046 1878 2141 pecudes
1937 2048 2203 2119 factum
2250 2076 2403 2123 esse

266 2159 505 2226 sciant
525 2208 542 2237 ‚
568 2153 639 2223 id
667 2152 955 2223 Talnam
980 2206 1001 2236 ,
1032 2166 1103 2222 et
1135 2151 1466 2222 Plautum
1489 2150 1580 2236 4³,
1621 2167 1692 2222 et
1725 2157 2148 2250 Spongiam,
2187 2175 2258 2230 et
2287 2184 2403 2231 ce-

273 2283 462 2335 teras
506 2260 924 2359 hujusmodi
958 2261 1380 2359 quisquilias
1426 2275 1776 2348 statuere,
1818 2287 2213 2359 numquam
2251 2294 2404 2340 esse

273 2374 568 2447 factum.

276 2541 518 2588 evertere,
545 2544 689 2592 quam
724 2526 986 2588 injudicio
1026 2543 1129 2574 esse
1168 2515 1299 2591 posi-

279 2621 398 2665 tam,
427 2610 570 2673 plane
595 2617 803 2656 constat.
834 2607 1114 2654 Mslueruut
1151 2606 1299 2668 igitur

281 2700 408 2736 recte
435 2689 637 2745 sentire,
658 2687 802 2734 etiam
828 2683 868 2733 si
893 2697 1075 2733 rectum
1102 2701 1297 2732 sensum

280 2778 634 2830 consequutura
647 2781 778 2813 mors
799 2776 944 2822 esset,
959 2781 1101 2828 quam
1111 2775 1300 2812 senteu-

281 2848 370 2893 tias
396 2847 516 2893 ferre
531 2880 544 2900 ,
564 2851 734 2892 contra
766 2859 910 2906 quam
933 2843 1063 2907 leges
1079 2879 1094 2900 ,
1124 2854 1173 2890 et
1188 2845 1297 2903 jura

280 2925 643 2987 pra-scriberent
657 2922 812 2986 :quod
827 2924 868 2969 si
886 2923 1126 2980 fecissent,
1138 2934 1299 2969 actum

281 3022 380 3052 esse
411 3005 472 3052 de
500 3004 722 3051 universa
756 3001 1003 3065 republica
1033 3001 1301 3065 opinaban-

283 3094 374 3130 tur.
395 3082 572 3145 Quasi,
591 3082 819 3130 Clodium
842 3097 1031 3128 servare
1045 3115 1059 3138 ‚
1079 3092 1128 3127 et
1144 3096 1295 3142 remp.

282 3162 504 3225 perdere,
532 3162 659 3209 idem
682 3169 818 3208 esset.
848 3161 1056 3207 Mutua·-

352 3250 436 3296 ἀι.
463 3243 569 3306 Ego
597 3240 758 3288 divino
804 3238 1156 3306 confirmatum.
1199 3238 1304 3285 Diis

280 3322 407 3367 euim
427 3319 781 3367 immortalibus
813 3318 1022 3366 ducibus
1046 3334 1149 3365 eam
1178 3333 1305 3363 men-

283 3410 398 3458 tem,
417 3400 811 3461 voluntatemque
840 3396 1050 3460 suscepi.
1072 3397 1211 3442 Orat.
1227 3396 1296 3440 lv

282 3480 331 3526 iu
359 3479 502 3528 Catil.
528 3491 576 3526 et
595 3491 717 3525 orat.
731 3494 822 3541 pro
837 3479 891 3525 P.
915 3476 1297 3525 SullaCAqus.

356 3570 437 3614 “02-
474 3561 577 3604 [sno
603 3556 693 3603 hoc
716 3555 928 3621 jude'tn'o.
971 3556 1097 3618 Quia
1125 3553 1301 3601 severi·

284 3649 380 3685 tate
420 3638 718 3698 judiciorum
764 3635 950 3683 sublata
969 3670 983 3691 ,
1023 3633 1183 3681 nullus
1231 3643 1303 3680 est

287 3728 445 3763 metus
467 3714 628 3772 malis,
653 3714 780 3762 nulla
823 3731 933 3777 spes
955 3725 1040 3761 aut
1074 3713 1304 3760 securitas

286 3795 445 3842 bouis.
487 3796 660 3842 Omnia
701 3804 814 3840 suut
841 3794 1047 3847 incerta,
1092 3808 1242 3856 quum
1276 3809 1303 3838 a

282 3877 389 3932 jure
431 3873 693 3921 discessum
735 3883 824 3922 est.
861 3872 941 3921 Ad
977 3873 1168 3919 Divers.
1205 3872 1308 3928 lx,

288 3954 432 4015 epist.
467 3954 545 3999 16.
577 3954 816 4000 Gnoxov.

1387 2544 1565 2575 ceroue
1604 2545 1691 2591 per
1710 2530 1876 2589 jocum
1906 2540 1952 2577 et
1996 2531 2145 2593 gratia
2177 2534 2404 2594 ridiculi,

1386 2607 1452 2653 ita
1479 2616 1537 2653 ut
1574 2605 1929 2656 dissimulanter
1949 2610 2142 2669 jocetur
2162 2611 2213 2658 in
2250 2614 2403 2661 ambi-

1386 2701 1478 2749 gua
1498 2683 1851 2747 significatione
1871 2704 2045 2736 vocum
2065 2690 2278 2740 istarum.
2291 2695 2404 2739 Pro-

1385 2775 1548 2828 pterea
1571 2775 1710 2811 vocat
1728 2781 1846 2812 mox
1870 2766 1959 2813 hos
1979 2766 2170 2826 jndices
2189 2771 2403 2833 quisqui-

1389 2842 1478 2889 lias
1494 2877 1508 2900 ,
1534 2837 1751 2889 alludens
1778 2843 1838 2889 ad
1855 2861 1928 2890 res
1952 2846 2056 2892 illas
2082 2848 2218 2909 parvi
2247 2851 2404 2911 pretii,

1386 2938 1510 2984 quas
1536 2921 1733 2968 nomina
1760 2921 1878 2978 ista,
1904 2924 1945 2968 si
1970 2935 2221 2971 sumantur
2240 2927 2407 2989 appel-

1386 3002 1565 3059 lative,
1600 2999 1890 3063 significant.
1935 3002 2184 3050 Simillime
2211 3005 2262 3050 iu
2300 3022 2407 3053 ora-

1388 3083 1523 3130 tione
1568 3097 1659 3144 pro
1698 3080 1924 3129 Cluentio
1958 3081 2153 3138 jocatur
2193 3084 2242 3130 in
2287 3086 2406 3134 alios

1385 3162 1600 3221 judices,
1626 3162 1827 3206 Guttam
1856 3169 1900 3205 et
1940 3159 2148 3207 Bulbum
2171 3177 2183 3210 :
2207 3166 2408 3229 -Atque

1391 3241 1534 3287 etiam
1576 3242 1679 3305 ipse
1726 3238 1955 3287 conditor
2017 3240 2170 3288 totius
2225 3248 2408 3306 negotii

1391 3322 1593 3366 Guttam
1638 3319 1884 3382 adspergit
1926 3319 2039 3365 huic
2075 3320 2291 3370 Bulbo».
2330 3325 2407 3371 Sic

1391 3409 1515 3459 puto
1542 3397 1622 3444 hic
1646 3414 1733 3462 per
1766 3399 1931 3458 jocum
1963 3399 2165 3461 proferri
2192 3400 2293 3448 haec
2322 3421 2410 3451 uo-

1387 3478 1542 3533 mina,
1569 3479 1694 3526 sacta
1740 3477 1975 3523 allusione
2018 3478 2079 3523 sd
2116 3479 2256 3527 uliam
2293 3483 2408 3531 ista-

1389 3571 1496 3601 rum
1524 3555 1795 3603 dictionum
1821 3554 2238 3618 significationem.
2266 3561 2409 3610 Nunc

1392 3635 1452 3681 de
1485 3634 1580 3680 illis
1610 3634 1888 3680 nominibus
1940 3634 2198 3685 videamus.
2248 3642 2408 3690 Talna

1392 3729 1517 3770 vox,
1556 3729 1616 3758 an
1655 3712 1803 3759 veteri
1844 3715 2175 3762 Romanorum
2214 3717 2411 3783 lingua,

1393 3793 1535 3850 cujus
1581 3791 1665 3838 vix
1692 3792 1997 3839 centesimam
2038 3808 2225 3857 partem
2265 3799 2413 3848 hodie

1395 3870 1629 3918 habemus
1656 3871 1928 3934 cognitam,
1958 3871 2140 3936 aliquid
2177 3879 2413 3941 significet

1402 3950 1584 3997 nescio.
1611 3949 1703 3997 Sed
1734 3962 1892 4014 potest
1919 3952 2089 4000 Cicero
2116 3956 2266 4004 videri
2295 3960 2416 4005 allu-

363 4036 448 4085 43.
484 4033 688 4077 Talnam
715 4043 762 4076 ee
789 4031 1032 4078 Plautum.
1058 4031 1182 4078 Puto
1209 4032 1311 4077 haec
1401 4028 1583 4076 sionem
1612 4030 1765 4076 facere
1790 4030 1853 4078 ad
1889 4049 2056 4082 vocem
2100 4037 2235 4082 Talla
2258 4073 2270 4089 .
2304 4055 2414 4100 quae

290 4113 488 4158 nomina
517 4112 718 4158 istorum
756 4109 977 4170 judicum
1025 4110 1143 4172 poni
1171 4125 1196 4155 a
1225 4110 1310 4156 Ci-

1403 4107 1640 4171 significat
1667 4110 1905 4176 κρομμύου
1933 4114 2157 4179 Mat-apem,
2192 4126 2245 4162 ut
2269 4127 2336 4161 est
2367 4116 2418 4161 iu
