3023 4773
725 425 1934 495 sssssAsT1AN1coRRAD1.
2068 404 2073 407 ’
2259 424 2395 520 237

270 561 636 611 contextam
690 567 917 609 eorum
980 561 1371 634 temporum.
1440 546 1524 609 Et
1590 568 1742 608 sane
1786 547 2010 610 Cicero
2061 546 2398 611 historiam

271 653 451 742 quasi
475 668 819 717 contexere
845 650 1102 716 videtur
1123 653 1401 716 voluisse
1415 701 1432 733 ,
1466 675 1673 740 quum
1692 652 2009 739 Epistolas
2029 677 2163 718 non
2184 653 2398 717 solum

269 781 447 837 suas,
480 757 595 822 sed
624 758 859 821 alienas
887 759 1079 821 etiam
1110 758 1178 820 in
1213 759 1350 822 haec
1376 757 1709 824 volumina
1744 758 2108 823 referendas
2140 760 2399 824 curarit.

265 866 585 952 Epistolas
612 887 734 929 nos
772 865 940 953 ipsas
975 864 1193 927 multis
1229 864 1386 928 locis
1419 865 1506 927 ita
1539 864 1886 951 permixtas
1908 912 1926 944 ,
1974 880 2039 927 et
2071 866 2402 947 confusas»,

266 986 341 1033 ut
380 970 502 1033 tibi
544 970 738 1033 chaos
775 966 1107 1056 quoddam
1146 969 1335 1056 plane
1368 970 1724 1047 referrent,
1779 967 1861 1030 ad
1906 968 2241 1032 arbitrium
2280 994 2399 1033 no-

267 1090 478 1137 strum
542 1089 608 1137 et
661 1074 1098 1152 conjecturam
1149 1073 1508 1152 senuimus,
1556 1089 1620 1136 et
1672 1069 2040 1155 divisimus,
2085 1074 2404 1155 arbitrati,

268 1179 565 1266 quamvis
593 1201 715 1242 suo
747 1199 1014 1265 prorsus
1050 1177 1193 1240 loco
1233 1201 1366 1241 non
1398 1178 1640 1241 fuerint
1670 1194 1887 1260 sectae,
1929 1194 1994 1242 et
2019 1177 2272 1261 divisae,
2312 1180 2404 1243 sic

269 1303 487 1349 tamen
529 1301 592 1349 et
631 1306 769 1347 rem
809 1300 1013 1347 totam
1054 1283 1299 1348 facilius
1336 1284 1644 1374 intelligi,
1682 1299 1779 1364 et,
1817 1307 1899 1349 ne
1924 1285 2147 1349 eadem
2175 1286 2405 1374 saepius

269 1408 745 1481 repeterentur,
783 1407 878 1470 te,
916 1391 1141 1471 lector,
1178 1389 1259 1454 ad
1304 1392 1586 1479 singulas
1634 1391 1949 1479 Epistolas
1994 1392 2080 1454 ita
2132 1415 2407 1455 numero

270 1499 550 1587 signatas
585 1494 993 1560 commodius
1030 1496 1207 1574 rejici
1247 1519 1470 1584 posse:
1505 1498 1857 1585 proesertim
1896 1520 2100 1585 quum
2137 1498 2260 1561 sub
2298 1521 2409 1561 eo-

272 1602 421 1667 dem
458 1625 735 1667 numero
773 1602 1122 1689 EpistolaS,
1154 1617 1219 1665 et
1256 1612 1324 1664 τὰ
1363 1613 1538 1680 σχολια
1575 1618 1792 1666 nostra
1830 1603 2033 1666 simus
2071 1603 2410 1690 complexi.

273 1709 502 1795 Neque
528 1724 740 1771 tamen
771 1731 889 1771 cur
915 1708 1001 1770 ita
1033 1708 1409 1788 fecerimuS,
1428 1731 1685 1796 semper
1709 1709 1898 1772 nobis
1929 1709 2242 1772 rationem
2271 1708 2412 1772 red·

275 1813 555 1878 dendam
580 1836 718 1877 esse
742 1813 1081 1877 duximus:
1112 1837 1256 1900 quae
1279 1830 1344 1878 et
1365 1815 1575 1901 quivis
1603 1837 1720 1902 per
1745 1838 1814 1879 se
1843 1814 2203 1903 intelligere
2231 1830 2409 1901 pote·

273 1921 390 2009 rit,
425 1937 490 1983 et
528 1942 648 1983 nos
698 1918 992 1982 brevitati
1038 1918 1107 1981 in
1147 1919 1372 2006 primis
1414 1919 1822 1984 studuimus:
1870 1920 1936 1982 in
1982 1944 2115 2007 quo
2167 1943 2407 2008 graecos

274 2027 693 2113 interpreteS,
744 2041 808 2090 et
852 2025 1203 2114 praesertim
1250 2026 1672 2090 Homericum
1726 2049 1951 2090 sumus
2005 2026 2255 2091 imitati.
2311 2029 2409 2090 De

277 2131 551 2221 propriis
609 2131 986 2195 nominibus
1041 2153 1248 2218 quum
1311 2129 1657 2194 doctorum
1722 2131 2066 2195 hominum
2128 2130 2407 2195 diversas

278 2238 614 2327 opiniones
652 2260 789 2301 esse
820 2238 1216 2313 videremus,
1269 2260 1412 2325 quae
1465 2239 1570 2301 alii
1622 2260 1704 2301 ne
1756 2237 2100 2325 quaerenda
2141 2236 2406 2325 quidem

278 2359 615 2433 putarent,
648 2344 753 2408 alii
774 2367 928 2408 vero
956 2345 1269 2433 Epistolas
1297 2344 1487 2408 hasce
1520 2368 1556 2409 a
1591 2344 1850 2409 nemine
1877 2366 2068 2433 posse
2092 2344 2411 2434 interpre-

279 2452 394 2514 tari
428 2450 797 2532 crederent,
825 2452 946 2515 nisi
977 2452 1058 2517 ab
1087 2474 1165 2515 eo
1187 2500 1205 2533 ,
1241 2452 1351 2539 qui
1381 2452 1681 2515 historias
1715 2474 1941 2515 omnes
1971 2451 2163 2514 etiam
2196 2453 2409 2540 priva-

277 2574 499 2621 torum
547 2556 893 2622 hominum
929 2574 1003 2621 ut
1046 2580 1297 2647 ungues
1341 2573 1561 2622 nosset
1605 2580 1794 2639 suos,
1841 2580 1991 2639 nos,
2042 2559 2157 2644 qui
2199 2580 2412 2646 neque

277 2662 597 2743 multum,
632 2685 845 2750 neque
878 2663 1040 2726 nihil
1072 2686 1284 2751 operae
1321 2662 1611 2726 dandum
1645 2663 1798 2727 huic
1844 2663 1936 2726 rei
1979 2685 2234 2751 semper
2267 2686 2414 2727 cen-

277 2768 558 2848 suimuS,
592 2767 856 2831 nomina
886 2791 1148 2842 eorum,
1192 2768 1304 2856 qui
1328 2768 1428 2831 vel
1456 2768 1545 2830 ita
1578 2768 1893 2856 ignobiles
1929 2770 2111 2832 fuere
2132 2817 2149 2850 ,
2183 2768 2283 2832 vel
2320 2768 2409 2831 ita

277 2874 498 2955 rejecti
532 2897 567 2937 a
602 2873 1056 2963 scriptoribus,
1085 2875 1186 2939 vel
1230 2874 1469 2962 recepti
1513 2874 1603 2937 illi
1648 2873 1944 2960 quidem,
1982 2874 2096 2937 sed
2135 2875 2221 2938 ita
2257 2896 2408 2937 cum

276 2981 539 3044 illorum
573 2980 752 3044 libris
789 2977 1166 3061 desiderati,
1213 2998 1289 3045 ut
1314 2981 1450 3060 vix,
1487 3002 1562 3043 ac
1590 2963 1671 3042 ne
1704 2980 1808 3042 vix
1840 2978 2106 3066 quidem
2138 2979 2413 3042 inveniri

279 3108 471 3173 posse
506 3084 904 3168 viderentur,
934 3087 1203 3150 curiosis
1239 3083 1586 3173 quaerenda
1611 3082 2025 3171 reliquimus,
2056 3085 2409 3171 praesertim

278 3192 331 3254 si
362 3214 436 3255 ea
469 3213 784 3280 cognosse
811 3213 944 3255 non
975 3194 1189 3280 magni
1217 3192 1454 3256 referre
1481 3191 1852 3281 putavimus
1878 3213 1893 3254 :
1931 3188 2032 3252 illa
2056 3203 2210 3253 vero
2228 3237 2245 3268 ,
2274 3190 2440 3255 sine-

277 3297 522 3384 quibus
559 3320 657 3361 res
692 3296 958 3386 intelligi
988 3320 1122 3360 non
1149 3312 1398 3384 poterat
1420 3346 1436 3378 ,
1470 3321 1665 3385 quam
1687 3296 2170 3386 diligentissime
2194 3297 2411 3385 potui-

279 3425 463 3483 muS,
499 3425 729 3466 ‘sumus
772 3403 1185 3490 persequuti,
1225 3426 1440 3490 neque
1489 3420 1706 3468 tamen
1750 3403 1935 3469 veriti
1985 3425 2240 3483 sumus,
2292 3426 2410 3484 ne,

193 3568 202 3573 -
279 3531 408 3596 qua
435 3509 503 3571 in
530 3531 600 3571 re
625 3510 869 3598 multus
903 3525 1000 3573 est
1028 3509 1255 3572 Cicero
1287 3509 1423 3596 ipse
1461 3510 1529 3572 in
1559 3507 1659 3574 his
1697 3510 2050 3597 praesertim
2073 3509 2409 3595 Epistolis,

279 3614 345 3677 in
378 3637 450 3677 ea
483 3636 605 3677 nos
633 3614 825 3677 nimis
858 3614 1097 3678 curiosi
1124 3637 1261 3679 esse
1292 3613 1680 3679 videremur.
1715 3617 1929 3702 Atque
1962 3612 2120 3677 illud
2145 3611 2406 3701 quidem

279 3719 346 3782 in
388 3719 614 3808 primis
659 3720 1063 3802 curavimuS,
1115 3737 1191 3785 ut
1237 3720 1566 3784 Ciceronis
1603 3720 1921 3807 Epistolas
1969 3741 2045 3781 ex
2079 3720 2408 3785 Ciceronis

281 3824 608 3912 Epistolis,
640 3826 997 3914 ceterisque
1019 3826 1156 3907 ejus
1181 3826 1359 3890 libris
1387 3825 1794 3915 potissimum
1820 3826 2411 3912 interpretaremur,

280 3946 344 3992 et
377 3952 545 4020 saepe
582 3931 803 3996 locum
848 3954 1001 3996 cum
1042 3933 1187 3996 loco
1225 3932 1687 3996 conferremus.
1728 3928 1922 4012 Quod
1959 3930 2012 3993 si
2049 3932 2215 3996 forte
2248 3931 2417 4020 quid

220 4092 226 4097 .
281 4037 604 4117 occurrit,
656 4054 732 4102 ut
787 4038 987 4103 multa
1028 4061 1400 4121 occurrere,
1455 4037 1570 4101 ubi
1621 4053 1984 4101 ceterorum
2021 4038 2410 4126 scriptorum

278 4144 517 4208 auxilio
555 4160 723 4209 esset
759 4153 959 4233 opus,
999 4147 1250 4210 nullum
1279 4145 1566 4235 fugimus
1589 4144 1877 4211 laborem
1915 4167 2127 4232 neque
2161 4144 2282 4207 illis
2319 4144 2414 4206 le-
