3023 4773
649 457 793 528 616
1295 463 1391 529 M.
1443 463 1520 528 Τ.
1579 464 2139 535 CICERONIS

649 583 878 679 pliuS,
926 583 1207 680 inquis,
1251 579 1799 679 quinquaginta.
1839 589 2025 656 Cum
2069 589 2413 682 Spartaco
2437 583 2504 628 ³⁰
2539 588 2787 658 minus

650 693 858 761 multi
910 698 1148 790 primo
1197 690 1517 790 fuerunt.
1567 692 1762 783 Quid
1807 695 2097 766 tandem
2130 690 2257 765 'isti
2303 695 2468 766 mali
2512 697 2584 765 in
2638 711 2782 767 tam

648 814 895 870 tenera
917 798 975 844 ³¹
1026 801 1258 874 insula
1297 827 1446 872 non
1488 798 1872 875 fecissent?
1921 830 2070 874 non
2115 802 2450 876 fecissent
2493 808 2786 876 autem?

647 912 795 982 imo
847 910 1023 1011 quid
1078 925 1242 982 ante
1295 911 1687 984 adventum
1750 940 1992 985 meum
2040 940 2192 985 nou
2242 913 2621 987 fecerunt?
2669 922 2785 985 In-

646 1023 930 1094 clusum
982 1023 1056 1092 in
1108 1026 1303 1092 curia
1352 1036 1678 1092 senatum
1729 1023 2145 1095 habuerunt
2184 1026 2652 1095 Salaminium
2687 1027 2782 1094 ita

645 1135 915 1204 multos
955 1133 1147 1219 diesi,
1193 1148 1272 1203 ut
1314 1133 1719 1204 interierint
1763 1135 2095 1206 nonnulli
2132 1133 2345 1207 fame.
2383 1141 2553 1206 Erat
2588 1139 2781 1205 enim

646 1243 1023 1342 praefectus
1047 1245 1260 1340 Appii
1288 1245 1614 1340 Scaptius
1635 1300 1653 1332 ,
1684 1261 1757 1317 et
1781 1245 2095 1317 habebat
2118 1262 2387 1319 turmas
2411 1247 2504 1318 ab
2524 1250 2779 1345 Appio,

644 1352 729 1423 Id
760 1378 874 1424 me
908 1355 1127 1449 igitur
1158 1367 1277 1440 tu,
1323 1353 1533 1448 cujus
1563 1355 1972 1427 mehercule
2001 1383 2083 1427 os
2120 1357 2298 1427 mihi
2331 1373 2498 1429 ante
2532 1359 2787 1429 oculos

647 1462 829 1533 solet
859 1463 1162 1548 versari,
1200 1487 1431 1558 quum
1464 1463 1555 1534 de
1592 1463 1835 1561 aliquo
1870 1465 2115 1538 officio
2150 1492 2233 1538 ac
2265 1467 2475 1538 laude
2507 1470 2787 1564 cogite,

646 1586 728 1641 tu
757 1597 874 1642 me
894 1625 913 1658 ‚
941 1575 1238 1667 inquam
1260 1625 1279 1655 ‚
1303 1596 1546 1670 roga5‚
1578 1572 1953 1670 praesectus
1975 1591 2056 1647 ut
2075 1581 2401 1674 Scaptius
2425 1580 2518 1648 sit
2535 1563 2788 1648 ?'Alias

647 1681 793 1754 hoc
837 1695 1354 1778 statueramus2
1409 1683 1488 1752 u't
1537 1686 2060 1781 negotiatorem
2113 1689 2516 1772 neminem3
2561 1687 2790 1783 idque

645 1797 871 1863 Bruto
921 1792 1503 1890 probaveramus.
1547 1792 1824 1865 Habeat
1867 1797 1924 1866 is
1973 1798 2289 1867 turmas?
2332 1821 2461 1867 cur
2501 1799 2786 1895 potius»,

648 1927 868 2000 quarn
899 1903 1284 1974 cohortes?
1329 1918 1628 2001 sumptu
1651 1905 1800 2001 jam
1830 1929 2057 2002 nepos
2076 1903 2136 1948 3²
2172 1905 2405 1990 evadit
2432 1908 2785 2004 Scaptius.

647 2015 958 2101 Volunt,
989 2015 1228 2110 inquis
1249 2010 1340 2101 3³,
1365 2007 1830 2111 principes34.
1857 2019 2060 2086 Scio:
2095 2041 2258 2087 nam
2287 2016 2381 2088 ad
2405 2042 2522 2087 me
2549 2018 2788 2115 Ephe·

648 2149 809 2195 sum
859 2147 1092 2220 usque
1136 2139 1528 2208 venerunt,
1562 2123 1964 2221 flentesque
2003 2128 2333 2223 equitum
2370 2117 2676 2212 scelera,
2716 2141 2787 2197 et

649 2235 966 2305 miserias
1010 2258 1172 2304 suas
1218 2233 1659 2305 detulerunt.
1706 2239 1960 2331 Itaque
2002 2239 2239 2306 statim
2291 2234 2454 2306 dedi
2505 2237 2784 2315 literas,

647 2359 731 2416 ut
761 2369 848 2415 ex
881 2346 1123 2441 Cypro
1154 2346 1433 2441 equites
1459 2359 1626 2415 ante
1656 2358 1923 2415 certam
1956 2344 2146 2417 diem
2176 2345 2648 2417 decederent:
2684 2343 2782 2415 ob

647 2478 953 2549 eamque
1001 2478 1326 2541 causam,
1378 2469 1537 2523 tum
1595 2452 1692 2523 ob
1750 2470 2058 2541 ceteram,
2113 2456 2480 2526 Salaminii
2529 2480 2664 2526 nos
2710 2459 2778 2524 in

647 2564 898 2635 caelum
948 2561 1253 2633 decretis
1296 2567 1441 2633 suis
1487 2550 1958 2634 sustulerunt.
2001 2564 2140 2635 Sed
2182 2566 2330 2659 jam
2369 2564 2550 2662 quid
2596 2589 2780 2661 opus
2878 2594 2884 2598 ·

646 2673 1018 2771 equitatu?
1061 2674 1365 2744 Solvunt
1407 2674 1601 2744 enim
1636 2673 2018 2744 Salaminii.
2059 2676 2209 2745 Nisi
2244 2672 2432 2766 forte
2468 2674 2540 2744 id
2575 2674 2774 2743 volu·

646 2808 806 2854 mus
865 2785 1081 2853 armis
1139 2780 1466 2870 efficere,
1531 2797 1611 2852 ut
1671 2780 1910 2853 foenus
1960 2784 2328 2880 quaternis
2374 2783 2776 2854 centesimis

644 2894 934 2965 ducant.
974 2898 1063 2964 Et
1095 2915 1231 2989 ego
1273 2891 1557 2963 audebo
1584 2892 1822 2990 legere
1855 2917 2239 2994 umquam,
2273 2907 2396 2964 aut
2428 2894 2778 2997 attingere

716 3139 800 3185 30.
826 3137 944 3186 Cum
980 3139 1241 3201 Spartaco.
1276 3139 1411 3185 Duce
1433 3110 1665 3199 fugitiro-
1756 3138 1889 3205 ptius
1903 3159 1953 3196 n,
1967 3152 2119 3200 quum
2138 3137 2347 3201 primum
2371 3152 2545 3184 avarus
2564 3148 2615 3183 u:
2631 3135 2774 3211 strue·

644 3233 752 3264 rum
769 3250 784 3275 ,
801 3219 890 3281 qui
914 3218 1093 3269 bellum
1109 3215 1281 3265 servile
1305 3216 1599 3274 commovit,
1619 3226 1667 3262 et
1758 3225 1890 3263 rator
1912 3231 1938 3262 a
1957 3215 2103 3264 nobis
2121 3215 2405 3273 haberetur,
2425 3230 2563 3261 nunc
2580 3223 2772 3276 repente

643 3297 722 3343 vel
750 3312 860 3342 cum
898 3296 1177 3358 quingentis
1215 3294 1531 3359 praedonibus
1557 3296 1666 3356 ,jam
1755 3294 1993 3358 prodigus
2032 3306 2080 3342 et
2122 3305 2438 3359 sumptuosus
2485 3293 2636 3340 faetus
2678 3301 2774 3337 est-

643 3376 757 3422 satis
786 3374 897 3421 meli
929 3375 1083 3421 secere
1109 3374 1292 3443 potuit.
1319 3377 1432 3423 scu.
1755 3377 1902 3420 Vre-r.
1930 3400 2000 3410 —-
2026 3374 2117 3422 Ed.
2133 3373 2420 3428 Cratandri,
2448 3393 2474 3413 α
2495 3379 2771 3432 sumptuum

716 3455 800 3502 31.
826 3455 1024 3501 Tenem.
1054 3455 1162 3501 Hoc
1179 3463 1279 3510 est,
1308 3468 1479 3517 perum
1503 3452 1665 3499 muni·
1749 3454 1849 3513 jam
1885 3468 1974 3499 nee
2017 3453 2161 3500 vades
2199 3462 2377 3516 poscet
2404 3450 2626 3514 Scaptius
2637 3472 2677 3495 ι.
2713 3450 2770 3493 In

644 3544 716 3591 ta,
736 3544 786 3580 et
806 3532 995 3594 injurii·
1022 3543 1322 3597 opportuna.
1354 3533 1574 3580 Cnuun.
1595 3558 1663 3568 —-
1753 3531 1970 3594 margine
1984 3546 2099 3594 vero
2112 3541 2326 3578 nostram
2338 3529 2486 3577 habet
2505 3527 2770 3576 lection..

640 3614 828 3662 Ernest.
853 3613 1092 3661 intellexit
1117 3612 1177 3660 de
1200 3611 1481 3659 hominibus
1500 3610 1660 3657 molli·
1752 3612 1800 3659 J.
1822 3611 1885 3658 V.
1910 3612 1965 3659 L.

638 3691 731 3739 bus
746 3725 762 3750 ,
785 3703 835 3740 et
862 3692 1021 3739 minus
1048 3682 1274 3740 fortibus.
1295 3684 1388 3737 En.
1826 3691 1907 3738 33.
1922 3691 2044 3738 MSS
2063 3688 2286 3752 quidam,
2312 3699 2362 3737 et
2378 3687 2494 3735 edd.
2515 3685 2680 3733 multae
2698 3700 2778 3731 ve·

712 3771 799 3818 32.
819 3773 999 3835 Nepos.
1026 3772 1235 3819 Miratur
1247 3772 1445 3830 Cicero,
1462 3785 1552 3817 eur
1567 3780 1663 3817 tur-
1753 3783 1905 3829 teres,
1944 3767 2105 3833 inquit
2123 3801 2137 3821 ‚
2188 3765 2325 3830 quod
2369 3766 2543 3815 melius
2582 3762 2777 3811 videtur

639 3865 741 3897 tuas
783 3851 1004 3911 equitum
1044 3852 1212 3915 potius
1253 3851 1371 3899 velit
1405 3840 1630 3913 Scaptius
1648 3883 1665 3909 ,
1755 3848 1966 3897 Graevio,
2008 3846 2104 3894 Sed
2135 3847 2326 3894 Erneet.
2366 3856 2498 3893 recte
2530 3854 2671 3908 putat
2712 3843 2774 3888 ad

641 3943 787 3990 quam
813 3929 1036 3991 peditum
1056 3930 1310 3989 cohortes,
1334 3944 1482 3991 quum
1501 3926 1666 3976 inillis
1756 3929 1978 3978 Atticum
1993 3926 2159 3989 potius
2172 3924 2412 3988 pertinere
2429 3939 2577 3987 quam
2595 3922 2655 3969 ad
2667 3924 2779 3969 Sm-

637 4005 825 4054 alendis
852 4009 1058 4067 maiores
1085 4020 1306 4073 sumptus
1334 4010 1491 4056 faeere
1516 4023 1665 4072 opor·
1755 4007 1929 4069 ptium.
1949 4006 1998 4052 J.
2018 4007 2080 4053 V.
2103 4006 2158 4050 L.

635 4096 732 4134 teat
753 4098 766 4133 :
789 4086 1030 4148 quasique
1050 4088 1225 4145 jocans
1262 4088 1382 4136 dicit
1401 4086 1421 4153 (
1440 4098 1493 4134 ut
1522 4096 1662 4150 puta·
1830 4086 1910 4139 34.
1941 4081 2204 4144 Principes.
2234 4081 2405 4145 Cypri.
2428 4080 2538 4128 Scio
2556 4117 2570 4140 ,
2597 4078 2772 4144 εἰρωνι-

634 4164 771 4230 mus)
791 4187 814 4204 α
832 4175 1029 4229 sumptu
1049 4164 1149 4224 jam
1173 4181 1327 4227 nepos
1345 4164 1520 4216 evadet
1550 4165 1664 4212 sca-.
1753 4167 1848 4219 κὼς
1871 4178 1880 4191 ·
1903 4178 1965 4211 ex
1980 4161 2073 4210 hoc
2087 4194 2104 4222 ,
2130 4160 2306 4225 inquit,
2315 4160 2500 4221 judica,
2522 4170 2612 4207 etc.
2631 4158 2773 4205 Mu«.
