<?xml version="1.0" encoding="UTF-8"?>
<!DOCTYPE html PUBLIC "-//W3C//DTD XHTML 1.0 Transitional//EN"
    "http://www.w3.org/TR/xhtml1/DTD/xhtml1-transitional.dtd">
<html xmlns="http://www.w3.org/1999/xhtml" xml:lang="en" lang="en">
 <head>
  <title>
</title>
<meta http-equiv="Content-Type" content="text/html;charset=utf-8" />
  <meta name='ocr-system' content='tesseract 3.04.00' />
  <meta name='ocr-capabilities' content='ocr_page ocr_carea ocr_par ocr_line ocrx_word'/>
</head>
<body>
  <div class='ocr_page' id='page_1' title='image "./mtciceronisquae01bouigoog_0452.png"; bbox 0 0 3023 4773; ppageno 0'>
   <div class='ocr_carea' id='block_1_1' title="bbox 626 310 2100 429">
    <p class='ocr_par' dir='ltr' id='par_1_1' title="bbox 626 310 2100 429">
     <span class='ocr_line' id='line_1_1' title="bbox 626 310 2100 429; baseline -0.001 -16"><span class='ocrx_word' id='word_1_1' title='bbox 626 346 765 429; x_wconf 74' lang='lat'><strong>442</strong></span> <span class='ocrx_word' id='word_1_2' title='bbox 1260 310 1358 412; x_wconf 80' lang='grc' dir='ltr'><strong>Μ’.</strong></span> <span class='ocrx_word' id='word_1_3' title='bbox 1406 346 1485 412; x_wconf 86' lang='lat' dir='ltr'><strong>T.</strong></span> <span class='ocrx_word' id='word_1_4' title='bbox 1539 343 2100 413; x_wconf 81' lang='lat' dir='ltr'><strong>etcERole</strong></span> 
     </span>
    </p>
   </div>
   <div class='ocr_carea' id='block_1_2' title="bbox 617 460 2734 2622">
    <p class='ocr_par' dir='ltr' id='par_1_2' title="bbox 617 460 2734 2622">
     <span class='ocr_line' id='line_1_2' title="bbox 627 460 2726 561; baseline -0.001 -26"><span class='ocrx_word' id='word_1_5' title='bbox 627 462 977 561; x_wconf 75' lang='lat' dir='ltr'><strong>quidnam</strong></span> <span class='ocrx_word' id='word_1_6' title='bbox 1017 460 1113 534; x_wconf 87' lang='lat' dir='ltr'><strong>de</strong></span> <span class='ocrx_word' id='word_1_7' title='bbox 1146 461 1355 534; x_wconf 89' lang='lat' dir='ltr'><strong>nobis</strong></span> <span class='ocrx_word' id='word_1_8' title='bbox 1391 462 1600 550; x_wconf 87' lang='lat' dir='ltr'><strong>velit,</strong></span> <span class='ocrx_word' id='word_1_9' title='bbox 1644 479 1768 535; x_wconf 91' lang='lat' dir='ltr'><strong>aut</strong></span> <span class='ocrx_word' id='word_1_10' title='bbox 1803 461 2150 534; x_wconf 90' lang='lat' dir='ltr'><strong>ostendat.</strong></span> <span class='ocrx_word' id='word_1_11' title='bbox 2195 463 2496 532; x_wconf 91' lang='lat' dir='ltr'><strong>Comitia</strong></span> <span class='ocrx_word' id='word_1_12' title='bbox 2539 465 2726 533; x_wconf 90' lang='lat' dir='ltr'><strong>enim</strong></span> 
     </span>
     <span class='ocr_line' id='line_1_3' title="bbox 625 569 2726 669; baseline -0.001 -25"><span class='ocrx_word' id='word_1_13' title='bbox 625 572 843 644; x_wconf 89' lang='lat' dir='ltr'><strong>credo</strong></span> <span class='ocrx_word' id='word_1_14' title='bbox 885 595 1037 644; x_wconf 87' lang='lat' dir='ltr'><strong>esse</strong></span> <span class='ocrx_word' id='word_1_15' title='bbox 1082 571 1368 643; x_wconf 88' lang='lat' dir='ltr'><strong>habita:</strong></span> <span class='ocrx_word' id='word_1_16' title='bbox 1421 573 1687 669; x_wconf 88' lang='lat' dir='ltr'><strong>quibus</strong></span> <span class='ocrx_word' id='word_1_17' title='bbox 1721 573 2104 659; x_wconf 83' lang='lat' dir='ltr'><strong>absolutis,</strong></span> <span class='ocrx_word' id='word_1_18' title='bbox 2139 569 2389 643; x_wconf 89' lang='lat' dir='ltr'><strong>scribis</strong></span> <span class='ocrx_word' id='word_1_19' title='bbox 2437 571 2539 641; x_wconf 92' lang='lat' dir='ltr'><strong>illi</strong></span> <span class='ocrx_word' id='word_1_20' title='bbox 2586 573 2726 669; x_wconf 87' lang='lat' dir='ltr'><strong>pla-</strong></span> 
     </span>
     <span class='ocr_line' id='line_1_4' title="bbox 623 680 2724 777; baseline -0.001 -23"><span class='ocrx_word' id='word_1_21' title='bbox 623 685 892 769; x_wconf 90' lang='lat' dir='ltr'><strong>cuisse,</strong></span> <span class='ocrx_word' id='word_1_22' title='bbox 938 682 1047 777; x_wconf 88' lang='lat' dir='ltr'><strong>agi</strong></span> <span class='ocrx_word' id='word_1_23' title='bbox 1091 681 1182 753; x_wconf 90' lang='lat' dir='ltr'><strong>de</strong></span> <span class='ocrx_word' id='word_1_24' title='bbox 1224 681 1457 753; x_wconf 91' lang='lat' dir='ltr'><strong>nobis.</strong></span> <span class='ocrx_word' id='word_1_25' title='bbox 1501 685 1574 755; x_wconf 92' lang='lat' dir='ltr'><strong>Si</strong></span> <span class='ocrx_word' id='word_1_26' title='bbox 1612 685 1744 756; x_wconf 90' lang='lat' dir='ltr'><strong>tibi</strong></span> <span class='ocrx_word' id='word_1_27' title='bbox 1791 683 2051 755; x_wconf 90' lang='lat' dir='ltr'><strong>stultus</strong></span> <span class='ocrx_word' id='word_1_28' title='bbox 2094 705 2247 754; x_wconf 90' lang='lat' dir='ltr'><strong>esse</strong></span> <span class='ocrx_word' id='word_1_29' title='bbox 2291 680 2564 767; x_wconf 86' lang='lat' dir='ltr'><strong>videor,</strong></span> <span class='ocrx_word' id='word_1_30' title='bbox 2605 686 2724 777; x_wconf 91' lang='lat' dir='ltr'><strong>qui</strong></span> 
     </span>
     <span class='ocr_line' id='line_1_5' title="bbox 619 791 2728 890; baseline -0.001 -27"><span class='ocrx_word' id='word_1_31' title='bbox 619 815 949 890; x_wconf 82' lang='lat' dir='ltr'><strong>sperem3</strong></span> <span class='ocrx_word' id='word_1_32' title='bbox 989 791 1175 863; x_wconf 87' lang='lat' dir='ltr'><strong>facio</strong></span> <span class='ocrx_word' id='word_1_33' title='bbox 1210 807 1340 863; x_wconf 92' lang='lat' dir='ltr'><strong>tuo</strong></span> <span class='ocrx_word' id='word_1_34' title='bbox 1374 792 1626 887; x_wconf 83' lang='lat' dir='ltr'><strong>jussu:</strong></span> <span class='ocrx_word' id='word_1_35' title='bbox 1671 796 1804 865; x_wconf 89' lang='lat' dir='ltr'><strong>etsi</strong></span> <span class='ocrx_word' id='word_1_36' title='bbox 1839 795 1989 890; x_wconf 86' lang='lat' dir='ltr'><strong>scio</strong></span> <span class='ocrx_word' id='word_1_37' title='bbox 2027 809 2095 865; x_wconf 90' lang='lat' dir='ltr'><strong>te</strong></span> <span class='ocrx_word' id='word_1_38' title='bbox 2137 817 2253 863; x_wconf 90' lang='lat' dir='ltr'><strong>me</strong></span> <span class='ocrx_word' id='word_1_39' title='bbox 2296 794 2379 864; x_wconf 91' lang='lat' dir='ltr'><strong>iis</strong></span> <span class='ocrx_word' id='word_1_40' title='bbox 2419 792 2728 890; x_wconf 85' lang='lat' dir='ltr'><strong>epistolis</strong></span> 
     </span>
     <span class='ocr_line' id='line_1_6' title="bbox 621 903 2725 998; baseline -0 -27"><span class='ocrx_word' id='word_1_41' title='bbox 621 903 862 998; x_wconf 90' lang='lat' dir='ltr'><strong>potius</strong></span> <span class='ocrx_word' id='word_1_42' title='bbox 895 914 966 971; x_wconf 91' lang='lat' dir='ltr'><strong>et</strong></span> <span class='ocrx_word' id='word_1_43' title='bbox 1005 925 1197 972; x_wconf 87' lang='lat' dir='ltr'><strong>meas</strong></span> <span class='ocrx_word' id='word_1_44' title='bbox 1225 925 1386 998; x_wconf 90' lang='lat' dir='ltr'><strong>spes</strong></span> <span class='ocrx_word' id='word_1_45' title='bbox 1424 903 1713 973; x_wconf 89' lang='lat' dir='ltr'><strong>solitum</strong></span> <span class='ocrx_word' id='word_1_46' title='bbox 1743 927 1897 974; x_wconf 87' lang='lat' dir='ltr'><strong>esse</strong></span> <span class='ocrx_word' id='word_1_47' title='bbox 1933 905 2275 974; x_wconf 85' lang='lat' dir='ltr'><strong>remorari</strong></span> <span class='ocrx_word' id='word_1_48' title='bbox 2295 912 2342 972; x_wconf 88' lang='lat'><strong>¹.</strong></span> <span class='ocrx_word' id='word_1_49' title='bbox 2375 905 2579 973; x_wconf 90' lang='lat' dir='ltr'><strong>Nunc</strong></span> <span class='ocrx_word' id='word_1_50' title='bbox 2614 925 2725 971; x_wconf 87' lang='lat' dir='ltr'><strong>ve·</strong></span> 
     </span>
     <span class='ocr_line' id='line_1_7' title="bbox 622 1009 2728 1110; baseline -0.001 -30"><span class='ocrx_word' id='word_1_51' title='bbox 622 1011 785 1097; x_wconf 92' lang='lat' dir='ltr'><strong>lim,</strong></span> <span class='ocrx_word' id='word_1_52' title='bbox 852 1010 1028 1080; x_wconf 89' lang='lat' dir='ltr'><strong>mihi</strong></span> <span class='ocrx_word' id='word_1_53' title='bbox 1065 1009 1277 1106; x_wconf 91' lang='lat' dir='ltr'><strong>plane</strong></span> <span class='ocrx_word' id='word_1_54' title='bbox 1318 1011 1752 1107; x_wconf 78' lang='lat' dir='ltr'>perscribas,</span> <span class='ocrx_word' id='word_1_55' title='bbox 1814 1012 1992 1110; x_wconf 91' lang='lat' dir='ltr'><strong>quid</strong></span> <span class='ocrx_word' id='word_1_56' title='bbox 2053 1010 2314 1082; x_wconf 87' lang='lat' dir='ltr'><strong>videas.</strong></span> <span class='ocrx_word' id='word_1_57' title='bbox 2380 1011 2540 1081; x_wconf 90' lang='lat' dir='ltr'><strong>Scio</strong></span> <span class='ocrx_word' id='word_1_58' title='bbox 2599 1033 2728 1078; x_wconf 89' lang='lat' dir='ltr'><strong>nos</strong></span> 
     </span>
     <span class='ocr_line' id='line_1_8' title="bbox 626 1117 2725 1216; baseline -0.002 -26"><span class='ocrx_word' id='word_1_59' title='bbox 626 1123 889 1192; x_wconf 85' lang='lat' dir='ltr'><strong>nostris</strong></span> <span class='ocrx_word' id='word_1_60' title='bbox 931 1120 1174 1189; x_wconf 85' lang='lat' dir='ltr'><strong>multis</strong></span> <span class='ocrx_word' id='word_1_61' title='bbox 1221 1122 1570 1216; x_wconf 75' lang='lat' dir='ltr'><strong>peccatis²</strong></span> <span class='ocrx_word' id='word_1_62' title='bbox 1614 1124 1688 1192; x_wconf 91' lang='lat' dir='ltr'><strong>in</strong></span> <span class='ocrx_word' id='word_1_63' title='bbox 1727 1122 1915 1192; x_wconf 90' lang='lat' dir='ltr'><strong>hanc</strong></span> <span class='ocrx_word' id='word_1_64' title='bbox 1955 1143 2348 1191; x_wconf 84' lang='lat' dir='ltr'><strong>aerumnam</strong></span> <span class='ocrx_word' id='word_1_65' title='bbox 2385 1117 2725 1189; x_wconf 85' lang='lat' dir='ltr'><strong>incidisse.</strong></span> 
     </span>
     <span class='ocr_line' id='line_1_9' title="bbox 624 1227 2732 1330; baseline -0.002 -30"><span class='ocrx_word' id='word_1_66' title='bbox 624 1234 723 1300; x_wconf 89' lang='lat' dir='ltr'><strong>Ea</strong></span> <span class='ocrx_word' id='word_1_67' title='bbox 765 1231 823 1299; x_wconf 91' lang='lat' dir='ltr'><strong>si</strong></span> <span class='ocrx_word' id='word_1_68' title='bbox 868 1229 997 1325; x_wconf 89' lang='lat' dir='ltr'><strong>qui</strong></span> <span class='ocrx_word' id='word_1_69' title='bbox 1042 1253 1245 1299; x_wconf 86' lang='lat' dir='ltr'><strong>casus</strong></span> <span class='ocrx_word' id='word_1_70' title='bbox 1289 1228 1528 1327; x_wconf 91' lang='lat' dir='ltr'><strong>aliqua</strong></span> <span class='ocrx_word' id='word_1_71' title='bbox 1579 1256 1667 1302; x_wconf 85' lang='lat' dir='ltr'><strong>ex</strong></span> <span class='ocrx_word' id='word_1_72' title='bbox 1708 1247 1904 1330; x_wconf 91' lang='lat' dir='ltr'><strong>parte</strong></span> <span class='ocrx_word' id='word_1_73' title='bbox 1941 1232 2387 1302; x_wconf 83' lang='lat' dir='ltr'><strong>correxerint</strong></span> <span class='ocrx_word' id='word_1_74' title='bbox 2403 1227 2457 1314; x_wconf 79' lang='lat'><strong>³,</strong></span> <span class='ocrx_word' id='word_1_75' title='bbox 2504 1228 2732 1297; x_wconf 90' lang='lat' dir='ltr'><strong>minus</strong></span> 
     </span>
     <span class='ocr_line' id='line_1_10' title="bbox 625 1336 2729 1433; baseline 0 -25"><span class='ocrx_word' id='word_1_76' title='bbox 625 1338 922 1409; x_wconf 85' lang='lat' dir='ltr'><strong>moleste</strong></span> <span class='ocrx_word' id='word_1_77' title='bbox 960 1336 1271 1411; x_wconf 89' lang='lat' dir='ltr'><strong>feremus</strong></span> <span class='ocrx_word' id='word_1_78' title='bbox 1309 1366 1441 1411; x_wconf 92' lang='lat' dir='ltr'><strong>nos</strong></span> <span class='ocrx_word' id='word_1_79' title='bbox 1487 1341 1768 1427; x_wconf 86' lang='lat' dir='ltr'><strong>vixisse,</strong></span> <span class='ocrx_word' id='word_1_80' title='bbox 1824 1354 1895 1412; x_wconf 91' lang='lat' dir='ltr'><strong>et</strong></span> <span class='ocrx_word' id='word_1_81' title='bbox 1953 1340 2191 1411; x_wconf 91' lang='lat' dir='ltr'><strong>adhuc</strong></span> <span class='ocrx_word' id='word_1_82' title='bbox 2234 1341 2496 1410; x_wconf 79' lang='lat' dir='ltr'><strong>vivere.</strong></span> <span class='ocrx_word' id='word_1_83' title='bbox 2555 1342 2729 1433; x_wconf 79' lang='lat' dir='ltr'><strong>Egn,</strong></span> 
     </span>
     <span class='ocr_line' id='line_1_11' title="bbox 620 1449 2732 1548; baseline 0 -31"><span class='ocrx_word' id='word_1_84' title='bbox 620 1461 922 1544; x_wconf 90' lang='lat' dir='ltr'><strong>propter</strong></span> <span class='ocrx_word' id='word_1_85' title='bbox 972 1451 1099 1518; x_wconf 83' lang='lat' dir='ltr'><strong>viae</strong></span> <span class='ocrx_word' id='word_1_86' title='bbox 1141 1449 1666 1538; x_wconf 82' lang='lat' dir='ltr'><strong>celebritatem,</strong></span> <span class='ocrx_word' id='word_1_87' title='bbox 1716 1465 1789 1521; x_wconf 92' lang='lat' dir='ltr'><strong>et</strong></span> <span class='ocrx_word' id='word_1_88' title='bbox 1830 1449 2326 1548; x_wconf 90' lang='lat' dir='ltr'><strong>quotidianam</strong></span> <span class='ocrx_word' id='word_1_89' title='bbox 2372 1462 2732 1544; x_wconf 88' lang='lat' dir='ltr'><strong>exspecta-</strong></span> 
     </span>
     <span class='ocr_line' id='line_1_12' title="bbox 622 1556 2733 1644; baseline 0 -18"><span class='ocrx_word' id='word_1_90' title='bbox 622 1558 898 1628; x_wconf 89' lang='lat' dir='ltr'><strong>tionem</strong></span> <span class='ocrx_word' id='word_1_91' title='bbox 960 1583 1202 1629; x_wconf 90' lang='lat' dir='ltr'><strong>rerum</strong></span> <span class='ocrx_word' id='word_1_92' title='bbox 1270 1583 1616 1631; x_wconf 81' lang='lat' dir='ltr'><strong>novarum</strong></span> <span class='ocrx_word' id='word_1_93' title='bbox 1640 1615 1658 1644; x_wconf 94' lang='lat'><strong>,</strong></span> <span class='ocrx_word' id='word_1_94' title='bbox 1701 1586 1846 1630; x_wconf 89' lang='lat' dir='ltr'><strong>non</strong></span> <span class='ocrx_word' id='word_1_95' title='bbox 1908 1561 2265 1630; x_wconf 85' lang='lat' dir='ltr'><strong>commovi</strong></span> <span class='ocrx_word' id='word_1_96' title='bbox 2326 1583 2442 1628; x_wconf 90' lang='lat' dir='ltr'><strong>me</strong></span> <span class='ocrx_word' id='word_1_97' title='bbox 2499 1556 2733 1627; x_wconf 86' lang='lat' dir='ltr'><strong>adhuc</strong></span> 
     </span>
     <span class='ocr_line' id='line_1_13' title="bbox 619 1666 2734 1763; baseline -0.001 -27"><span class='ocrx_word' id='word_1_98' title='bbox 619 1666 1139 1738; x_wconf 82' lang='lat' dir='ltr'><strong>Thessalonica.</strong></span> <span class='ocrx_word' id='word_1_99' title='bbox 1196 1669 1333 1740; x_wconf 88' lang='lat' dir='ltr'><strong>Sed</strong></span> <span class='ocrx_word' id='word_1_100' title='bbox 1376 1670 1526 1763; x_wconf 90' lang='lat' dir='ltr'><strong>jam</strong></span> <span class='ocrx_word' id='word_1_101' title='bbox 1572 1668 2053 1753; x_wconf 80' lang='lat' dir='ltr'><strong>extrudimur,</strong></span> <span class='ocrx_word' id='word_1_102' title='bbox 2107 1691 2256 1738; x_wconf 89' lang='lat' dir='ltr'><strong>non</strong></span> <span class='ocrx_word' id='word_1_103' title='bbox 2308 1671 2392 1737; x_wconf 71' lang='lat' dir='ltr'><strong>a4</strong></span> <span class='ocrx_word' id='word_1_104' title='bbox 2452 1666 2734 1736; x_wconf 85' lang='lat' dir='ltr'><strong>Plancio</strong></span> 
     </span>
     <span class='ocr_line' id='line_1_14' title="bbox 621 1774 2733 1875; baseline -0.001 -30"><span class='ocrx_word' id='word_1_105' title='bbox 621 1774 837 1870; x_wconf 82' lang='lat' dir='ltr'><strong>(nam</strong></span> <span class='ocrx_word' id='word_1_106' title='bbox 867 1779 929 1846; x_wconf 89' lang='lat' dir='ltr'><strong>is</strong></span> <span class='ocrx_word' id='word_1_107' title='bbox 959 1776 1255 1873; x_wconf 88' lang='lat' dir='ltr'><strong>quidem</strong></span> <span class='ocrx_word' id='word_1_108' title='bbox 1280 1778 1620 1873; x_wconf 89' lang='lat' dir='ltr'><strong>retinet),</strong></span> <span class='ocrx_word' id='word_1_109' title='bbox 1650 1804 1900 1850; x_wconf 87' lang='lat' dir='ltr'><strong>verum</strong></span> <span class='ocrx_word' id='word_1_110' title='bbox 1924 1777 2016 1848; x_wconf 90' lang='lat' dir='ltr'><strong>ab</strong></span> <span class='ocrx_word' id='word_1_111' title='bbox 2040 1781 2199 1875; x_wconf 92' lang='lat' dir='ltr'><strong>ipso</strong></span> <span class='ocrx_word' id='word_1_112' title='bbox 2225 1778 2422 1861; x_wconf 75' lang='lat' dir='ltr'><strong>loco&#39;,</strong></span> <span class='ocrx_word' id='word_1_113' title='bbox 2443 1777 2733 1845; x_wconf 90' lang='lat' dir='ltr'><strong>minime</strong></span> 
     </span>
     <span class='ocr_line' id='line_1_15' title="bbox 621 1883 2730 1983; baseline -0.001 -28"><span class='ocrx_word' id='word_1_114' title='bbox 621 1883 998 1983; x_wconf 86' lang='lat' dir='ltr'><strong>apposito⁵</strong></span> <span class='ocrx_word' id='word_1_115' title='bbox 1046 1886 1135 1957; x_wconf 91' lang='lat' dir='ltr'><strong>ad</strong></span> <span class='ocrx_word' id='word_1_116' title='bbox 1180 1887 1629 1958; x_wconf 89' lang='lat' dir='ltr'><strong>tolerandam</strong></span> <span class='ocrx_word' id='word_1_117' title='bbox 1665 1889 1740 1958; x_wconf 92' lang='lat' dir='ltr'><strong>in</strong></span> <span class='ocrx_word' id='word_1_118' title='bbox 1774 1903 1976 1968; x_wconf 87' lang='lat' dir='ltr'><strong>tanto</strong></span> <span class='ocrx_word' id='word_1_119' title='bbox 2009 1887 2207 1958; x_wconf 92' lang='lat' dir='ltr'><strong>luctu</strong></span> <span class='ocrx_word' id='word_1_120' title='bbox 2243 1887 2730 1957; x_wconf 86' lang='lat' dir='ltr'><strong>calamitatem.</strong></span> 
     </span>
     <span class='ocr_line' id='line_1_16' title="bbox 620 1993 2732 2097; baseline -0 -33"><span class='ocrx_word' id='word_1_121' title='bbox 620 1999 704 2064; x_wconf 93' lang='lat' dir='ltr'><strong>In</strong></span> <span class='ocrx_word' id='word_1_122' title='bbox 740 2000 1038 2093; x_wconf 88' lang='lat' dir='ltr'><strong>Epirum</strong></span> <span class='ocrx_word' id='word_1_123' title='bbox 1076 1995 1276 2084; x_wconf 87' lang='lat' dir='ltr'><strong>ideo,</strong></span> <span class='ocrx_word' id='word_1_124' title='bbox 1314 2012 1394 2068; x_wconf 93' lang='lat' dir='ltr'><strong>ut</strong></span> <span class='ocrx_word' id='word_1_125' title='bbox 1434 2002 1856 2097; x_wconf 86' lang='lat' dir='ltr'><strong>scripseram</strong></span> <span class='ocrx_word' id='word_1_126' title='bbox 1881 2052 1900 2086; x_wconf 94' lang='lat'><strong>,</strong></span> <span class='ocrx_word' id='word_1_127' title='bbox 1944 2023 2094 2067; x_wconf 90' lang='lat' dir='ltr'><strong>non</strong></span> <span class='ocrx_word' id='word_1_128' title='bbox 2133 2000 2327 2084; x_wconf 89' lang='lat' dir='ltr'><strong>veni,</strong></span> <span class='ocrx_word' id='word_1_129' title='bbox 2377 1993 2586 2093; x_wconf 87' lang='lat' dir='ltr'><strong>quod</strong></span> <span class='ocrx_word' id='word_1_130' title='bbox 2620 2019 2732 2064; x_wconf 90' lang='lat' dir='ltr'><strong>su-</strong></span> 
     </span>
     <span class='ocr_line' id='line_1_17' title="bbox 618 2102 2733 2202; baseline -0 -28"><span class='ocrx_word' id='word_1_131' title='bbox 618 2102 825 2177; x_wconf 80' lang='lat' dir='ltr'><strong>bito⁶</strong></span> <span class='ocrx_word' id='word_1_132' title='bbox 865 2106 1041 2176; x_wconf 87' lang='lat' dir='ltr'><strong>mihi</strong></span> <span class='ocrx_word' id='word_1_133' title='bbox 1078 2110 1393 2180; x_wconf 88' lang='lat' dir='ltr'><strong>universi</strong></span> <span class='ocrx_word' id='word_1_134' title='bbox 1430 2111 1666 2180; x_wconf 86' lang='lat' dir='ltr'><strong>nuntii</strong></span> <span class='ocrx_word' id='word_1_135' title='bbox 1710 2123 2055 2179; x_wconf 81' lang='lat' dir='ltr'><strong>venerant</strong></span> <span class='ocrx_word' id='word_1_136' title='bbox 2098 2122 2170 2177; x_wconf 89' lang='lat' dir='ltr'><strong>et</strong></span> <span class='ocrx_word' id='word_1_137' title='bbox 2206 2107 2464 2192; x_wconf 79' lang='lat' dir='ltr'><strong>literae,</strong></span> <span class='ocrx_word' id='word_1_138' title='bbox 2515 2127 2733 2202; x_wconf 85' lang='lat' dir='ltr'><strong>quare</strong></span> 
     </span>
     <span class='ocr_line' id='line_1_18' title="bbox 618 2216 2730 2317; baseline -0 -32"><span class='ocrx_word' id='word_1_139' title='bbox 618 2216 800 2286; x_wconf 86' lang='lat' dir='ltr'><strong>nihil</strong></span> <span class='ocrx_word' id='word_1_140' title='bbox 834 2233 1018 2288; x_wconf 88' lang='lat' dir='ltr'><strong>esset</strong></span> <span class='ocrx_word' id='word_1_141' title='bbox 1050 2243 1342 2291; x_wconf 88' lang='lat' dir='ltr'><strong>necesse</strong></span> <span class='ocrx_word' id='word_1_142' title='bbox 1378 2245 1597 2317; x_wconf 90' lang='lat' dir='ltr'><strong>quam</strong></span> <span class='ocrx_word' id='word_1_143' title='bbox 1636 2223 1963 2316; x_wconf 86' lang='lat' dir='ltr'><strong>proxime</strong></span> <span class='ocrx_word' id='word_1_144' title='bbox 1998 2217 2271 2288; x_wconf 90' lang='lat' dir='ltr'><strong>ltaliam</strong></span> <span class='ocrx_word' id='word_1_145' title='bbox 2307 2239 2480 2286; x_wconf 91' lang='lat' dir='ltr'><strong>esse.</strong></span> <span class='ocrx_word' id='word_1_146' title='bbox 2519 2217 2730 2297; x_wconf 90' lang='lat' dir='ltr'><strong>Hinc,</strong></span> 
     </span>
     <span class='ocr_line' id='line_1_19' title="bbox 620 2325 2731 2424; baseline -0 -28"><span class='ocrx_word' id='word_1_147' title='bbox 620 2327 681 2396; x_wconf 87' lang='lat' dir='ltr'><strong>si</strong></span> <span class='ocrx_word' id='word_1_148' title='bbox 717 2325 1026 2424; x_wconf 88' lang='lat' dir='ltr'><strong>aliquid⁷</strong></span> <span class='ocrx_word' id='word_1_149' title='bbox 1058 2354 1097 2400; x_wconf 92' lang='lat' dir='ltr'><strong>a</strong></span> <span class='ocrx_word' id='word_1_150' title='bbox 1126 2331 1432 2401; x_wconf 86' lang='lat' dir='ltr'><strong>comitiis</strong></span> <span class='ocrx_word' id='word_1_151' title='bbox 1469 2329 1908 2401; x_wconf 88' lang='lat' dir='ltr'><strong>audierimus</strong></span> <span class='ocrx_word' id='word_1_152' title='bbox 1931 2383 1950 2415; x_wconf 92' lang='lat'><strong>,</strong></span> <span class='ocrx_word' id='word_1_153' title='bbox 1991 2353 2123 2400; x_wconf 89' lang='lat' dir='ltr'><strong>nos</strong></span> <span class='ocrx_word' id='word_1_154' title='bbox 2159 2330 2237 2398; x_wconf 91' lang='lat' dir='ltr'><strong>in</strong></span> <span class='ocrx_word' id='word_1_155' title='bbox 2283 2327 2520 2397; x_wconf 82' lang='lat' dir='ltr'><strong>Asiam</strong></span> <span class='ocrx_word' id='word_1_156' title='bbox 2568 2349 2731 2397; x_wconf 91' lang='lat' dir='ltr'><strong>con·</strong></span> 
     </span>
     <span class='ocr_line' id='line_1_20' title="bbox 617 2432 2732 2539; baseline 0.002 -35"><span class='ocrx_word' id='word_1_157' title='bbox 617 2450 1023 2507; x_wconf 85' lang='lat' dir='ltr'><strong>vertemus:</strong></span> <span class='ocrx_word' id='word_1_158' title='bbox 1064 2464 1304 2535; x_wconf 89' lang='lat' dir='ltr'><strong>neque</strong></span> <span class='ocrx_word' id='word_1_159' title='bbox 1342 2439 1584 2539; x_wconf 87' lang='lat' dir='ltr'><strong>adhuc</strong></span> <span class='ocrx_word' id='word_1_160' title='bbox 1601 2440 1870 2528; x_wconf 83' lang='lat' dir='ltr'><strong>stabat,</strong></span> <span class='ocrx_word' id='word_1_161' title='bbox 1907 2464 2058 2536; x_wconf 91' lang='lat' dir='ltr'><strong>quo</strong></span> <span class='ocrx_word' id='word_1_162' title='bbox 2086 2439 2544 2536; x_wconf 88' lang='lat' dir='ltr'><strong>potissimum</strong></span> <span class='ocrx_word' id='word_1_163' title='bbox 2571 2463 2591 2526; x_wconf 90' lang='lat'>;</span> <span class='ocrx_word' id='word_1_164' title='bbox 2617 2432 2732 2508; x_wconf 84' lang='lat' dir='ltr'><strong>sed</strong></span> 
     </span>
     <span class='ocr_line' id='line_1_21' title="bbox 620 2546 2086 2622; baseline 0.001 -6"><span class='ocrx_word' id='word_1_165' title='bbox 620 2546 818 2616; x_wconf 88' lang='lat' dir='ltr'><strong>scies.</strong></span> <span class='ocrx_word' id='word_1_166' title='bbox 857 2550 1016 2617; x_wconf 90' lang='lat' dir='ltr'><strong>Dat.</strong></span> <span class='ocrx_word' id='word_1_167' title='bbox 1043 2573 1142 2617; x_wconf 84' lang='lat' dir='ltr'><strong>xn</strong></span> <span class='ocrx_word' id='word_1_168' title='bbox 1172 2548 1308 2619; x_wconf 87' lang='lat' dir='ltr'><strong>kal.</strong></span> <span class='ocrx_word' id='word_1_169' title='bbox 1337 2565 1513 2621; x_wconf 88' lang='lat' dir='ltr'><strong>sext.</strong></span> <span class='ocrx_word' id='word_1_170' title='bbox 1549 2550 2086 2622; x_wconf 68' lang='lat' dir='ltr'><strong>Thessalonicae.</strong></span> 
     </span>
    </p>
   </div>
   <div class='ocr_carea' id='block_1_3' title="bbox 611 2720 2733 3499">
    <p class='ocr_par' dir='ltr' id='par_1_3' title="bbox 611 2720 2733 3343">
     <span class='ocr_line' id='line_1_22' title="bbox 694 2720 2733 2772; baseline 0 -6"><span class='ocrx_word' id='word_1_171' title='bbox 694 2736 738 2767; x_wconf 81' lang='lat' dir='ltr'><strong>r.</strong></span> <span class='ocrx_word' id='word_1_172' title='bbox 774 2720 1038 2769; x_wconf 78' lang='lat' dir='ltr'><strong>Remorari.</strong></span> <span class='ocrx_word' id='word_1_173' title='bbox 1067 2723 1160 2768; x_wconf 81' lang='lat' dir='ltr'><strong>Hic</strong></span> <span class='ocrx_word' id='word_1_174' title='bbox 1191 2734 1262 2770; x_wconf 86' lang='lat' dir='ltr'><strong>est</strong></span> <span class='ocrx_word' id='word_1_175' title='bbox 1294 2738 1494 2771; x_wconf 78' lang='lat' dir='ltr'><strong>sensus:</strong></span> <span class='ocrx_word' id='word_1_176' title='bbox 1529 2724 1632 2771; x_wconf 84' lang='lat' dir='ltr'><strong>Etsi</strong></span> <span class='ocrx_word' id='word_1_177' title='bbox 1791 2727 1842 2772; x_wconf 79' lang='lat'><strong>3.</strong></span> <span class='ocrx_word' id='word_1_178' title='bbox 1887 2724 2074 2770; x_wconf 84' lang='lat' dir='ltr'><strong>Ernest.</strong></span> <span class='ocrx_word' id='word_1_179' title='bbox 2104 2738 2205 2769; x_wconf 86' lang='lat' dir='ltr'><strong>non</strong></span> <span class='ocrx_word' id='word_1_180' title='bbox 2234 2721 2425 2769; x_wconf 82' lang='lat' dir='ltr'><strong>dubitat</strong></span> <span class='ocrx_word' id='word_1_181' title='bbox 2455 2720 2733 2769; x_wconf 73' lang='lat' dir='ltr'><strong>Ciceronem</strong></span> 
     </span>
     <span class='ocr_line' id='line_1_23' title="bbox 611 2800 2732 2867; baseline -0 -21"><span class='ocrx_word' id='word_1_182' title='bbox 611 2800 715 2847; x_wconf 85' lang='lat' dir='ltr'><strong>scio</strong></span> <span class='ocrx_word' id='word_1_183' title='bbox 737 2815 888 2862; x_wconf 85' lang='lat' dir='ltr'><strong>quum</strong></span> <span class='ocrx_word' id='word_1_184' title='bbox 910 2815 985 2846; x_wconf 84' lang='lat' dir='ltr'><strong>me</strong></span> <span class='ocrx_word' id='word_1_185' title='bbox 1001 2800 1198 2860; x_wconf 84' lang='lat' dir='ltr'><strong>juberes</strong></span> <span class='ocrx_word' id='word_1_186' title='bbox 1222 2817 1440 2865; x_wconf 78' lang='lat' dir='ltr'><strong>sperare,</strong></span> <span class='ocrx_word' id='word_1_187' title='bbox 1467 2813 1515 2849; x_wconf 86' lang='lat' dir='ltr'><strong>te</strong></span> <span class='ocrx_word' id='word_1_188' title='bbox 1537 2818 1632 2867; x_wconf 86' lang='lat' dir='ltr'><strong>po·</strong></span> <span class='ocrx_word' id='word_1_189' title='bbox 1719 2802 1964 2867; x_wconf 73' lang='lat' dir='ltr'><strong>scripsisse</strong></span> <span class='ocrx_word' id='word_1_190' title='bbox 1987 2801 2279 2859; x_wconf 68' lang='lat' dir='ltr'><strong>correxerit,</strong></span> <span class='ocrx_word' id='word_1_191' title='bbox 2309 2800 2564 2864; x_wconf 81' lang='lat' dir='ltr'><strong>presertim</strong></span> <span class='ocrx_word' id='word_1_192' title='bbox 2594 2814 2732 2862; x_wconf 84' lang='lat' dir='ltr'><strong>quum</strong></span> 
     </span>
     <span class='ocr_line' id='line_1_24' title="bbox 615 2877 2733 2945; baseline -0 -20"><span class='ocrx_word' id='word_1_193' title='bbox 615 2880 712 2925; x_wconf 85' lang='lat' dir='ltr'><strong>tius</strong></span> <span class='ocrx_word' id='word_1_194' title='bbox 738 2878 833 2925; x_wconf 85' lang='lat' dir='ltr'><strong>hoc</strong></span> <span class='ocrx_word' id='word_1_195' title='bbox 860 2879 1025 2926; x_wconf 81' lang='lat' dir='ltr'><strong>fecisse</strong></span> <span class='ocrx_word' id='word_1_196' title='bbox 1053 2889 1109 2926; x_wconf 87' lang='lat' dir='ltr'><strong>ut</strong></span> <span class='ocrx_word' id='word_1_197' title='bbox 1140 2896 1215 2927; x_wconf 86' lang='lat' dir='ltr'><strong>me</strong></span> <span class='ocrx_word' id='word_1_198' title='bbox 1241 2892 1292 2928; x_wconf 88' lang='lat' dir='ltr'><strong>et</strong></span> <span class='ocrx_word' id='word_1_199' title='bbox 1317 2898 1470 2928; x_wconf 83' lang='lat' dir='ltr'><strong>meam</strong></span> <span class='ocrx_word' id='word_1_200' title='bbox 1497 2898 1632 2945; x_wconf 84' lang='lat' dir='ltr'><strong>spem</strong></span> <span class='ocrx_word' id='word_1_201' title='bbox 1723 2883 1852 2930; x_wconf 79' lang='lat' dir='ltr'><strong>dicat</strong></span> <span class='ocrx_word' id='word_1_202' title='bbox 1882 2904 1906 2922; x_wconf 70' lang='grc' dir='ltr'><strong>α</strong></span> <span class='ocrx_word' id='word_1_203' title='bbox 1923 2880 2084 2943; x_wconf 85' lang='lat' dir='ltr'><strong>aliqua</strong></span> <span class='ocrx_word' id='word_1_204' title='bbox 2119 2896 2182 2929; x_wconf 82' lang='lat' dir='ltr'><strong>ex</strong></span> <span class='ocrx_word' id='word_1_205' title='bbox 2210 2890 2345 2944; x_wconf 87' lang='lat' dir='ltr'><strong>parte</strong></span> <span class='ocrx_word' id='word_1_206' title='bbox 2367 2901 2410 2926; x_wconf 73' lang='lat' dir='ltr'><strong>n.</strong></span> <span class='ocrx_word' id='word_1_207' title='bbox 2436 2877 2634 2926; x_wconf 71' lang='lat' dir='ltr'><strong>Schfatz.</strong></span> <span class='ocrx_word' id='word_1_208' title='bbox 2658 2894 2733 2941; x_wconf 84' lang='lat' dir='ltr'><strong>ap·</strong></span> 
     </span>
     <span class='ocr_line' id='line_1_25' title="bbox 615 2957 2191 3026; baseline 0.001 -21"><span class='ocrx_word' id='word_1_209' title='bbox 615 2957 901 3014; x_wconf 76' lang='lat' dir='ltr'><strong>foveres,ne</strong></span> <span class='ocrx_word' id='word_1_210' title='bbox 914 2957 1300 3026; x_wconf 77' lang='lat' dir='ltr'><strong>desperationem</strong></span> <span class='ocrx_word' id='word_1_211' title='bbox 1314 2961 1366 3007; x_wconf 89' lang='lat' dir='ltr'><strong>in</strong></span> <span class='ocrx_word' id='word_1_212' title='bbox 1379 2961 1636 3008; x_wconf 84' lang='lat' dir='ltr'><strong>consilium</strong></span> <span class='ocrx_word' id='word_1_213' title='bbox 1722 2959 1964 3026; x_wconf 82' lang='lat' dir='ltr'><strong>probavit.</strong></span> <span class='ocrx_word' id='word_1_214' title='bbox 1987 2962 2035 3009; x_wconf 80' lang='lat' dir='ltr'><strong>J.</strong></span> <span class='ocrx_word' id='word_1_215' title='bbox 2056 2962 2119 3005; x_wconf 80' lang='lat' dir='ltr'><strong>V.</strong></span> <span class='ocrx_word' id='word_1_216' title='bbox 2137 2962 2191 3007; x_wconf 87' lang='lat' dir='ltr'><strong>L.</strong></span> 
     </span>
     <span class='ocr_line' id='line_1_26' title="bbox 614 3036 2732 3103; baseline 0 -19"><span class='ocrx_word' id='word_1_217' title='bbox 614 3036 1128 3102; x_wconf 81' lang='lat' dir='ltr'><strong>adhiberem,vitaeque</strong></span> <span class='ocrx_word' id='word_1_218' title='bbox 1141 3040 1634 3103; x_wconf 76' lang='lat' dir='ltr'><strong>renuntiarem,qusm</strong></span> <span class='ocrx_word' id='word_1_219' title='bbox 1794 3048 1843 3097; x_wconf 68' lang='grc'><strong>4.</strong></span> <span class='ocrx_word' id='word_1_220' title='bbox 1875 3041 1924 3089; x_wconf 79' lang='lat' dir='ltr'><em>A</em></span> <span class='ocrx_word' id='word_1_221' title='bbox 1955 3038 2176 3087; x_wconf 76' lang='lat' dir='ltr'><strong>Plancio.</strong></span> <span class='ocrx_word' id='word_1_222' title='bbox 2210 3038 2359 3102; x_wconf 79' lang='lat' dir='ltr'><strong>Apud</strong></span> <span class='ocrx_word' id='word_1_223' title='bbox 2389 3054 2533 3101; x_wconf 84' lang='lat' dir='ltr'><strong>quem</strong></span> <span class='ocrx_word' id='word_1_224' title='bbox 2569 3037 2732 3085; x_wconf 76' lang='lat' dir='ltr'><strong>Cicero</strong></span> 
     </span>
     <span class='ocr_line' id='line_1_27' title="bbox 614 3114 2731 3181; baseline 0 -20"><span class='ocrx_word' id='word_1_225' title='bbox 614 3114 752 3177; x_wconf 88' lang='lat' dir='ltr'><strong>quod</strong></span> <span class='ocrx_word' id='word_1_226' title='bbox 784 3117 850 3163; x_wconf 83' lang='lat' dir='ltr'><strong>ita</strong></span> <span class='ocrx_word' id='word_1_227' title='bbox 880 3132 979 3162; x_wconf 88' lang='lat' dir='ltr'><strong>rem</strong></span> <span class='ocrx_word' id='word_1_228' title='bbox 1010 3133 1060 3163; x_wconf 84' lang='lat' dir='ltr'><strong>se</strong></span> <span class='ocrx_word' id='word_1_229' title='bbox 1092 3116 1266 3164; x_wconf 81' lang='lat' dir='ltr'><strong>habere</strong></span> <span class='ocrx_word' id='word_1_230' title='bbox 1295 3130 1492 3180; x_wconf 87' lang='lat' dir='ltr'><strong>putares</strong></span> <span class='ocrx_word' id='word_1_231' title='bbox 1511 3151 1528 3176; x_wconf 88' lang='lat'><strong>,</strong></span> <span class='ocrx_word' id='word_1_232' title='bbox 1559 3118 1630 3165; x_wconf 87' lang='lat' dir='ltr'><strong>uti</strong></span> <span class='ocrx_word' id='word_1_233' title='bbox 1717 3131 1841 3178; x_wconf 82' lang='lat' dir='ltr'><strong>erat,</strong></span> <span class='ocrx_word' id='word_1_234' title='bbox 1865 3129 2153 3181; x_wconf 63' lang='lat' dir='ltr'><strong>quaestorem</strong></span> <span class='ocrx_word' id='word_1_235' title='bbox 2173 3119 2225 3164; x_wconf 90' lang='lat' dir='ltr'><strong>in</strong></span> <span class='ocrx_word' id='word_1_236' title='bbox 2248 3117 2554 3165; x_wconf 79' lang='lat' dir='ltr'><strong>Macedonia.</strong></span> <span class='ocrx_word' id='word_1_237' title='bbox 2594 3117 2731 3163; x_wconf 64' lang='lat' dir='ltr'><strong>Mn.</strong></span> 
     </span>
     <span class='ocr_line' id='line_1_28' title="bbox 616 3193 2730 3261; baseline 0 -21"><span class='ocrx_word' id='word_1_238' title='bbox 616 3193 874 3249; x_wconf 74' lang='lat' dir='ltr'><strong>scribebas.</strong></span> <span class='ocrx_word' id='word_1_239' title='bbox 894 3198 1084 3244; x_wconf 61' lang='lat' dir='ltr'><strong>fluv.</strong></span> <span class='ocrx_word' id='word_1_240' title='bbox 1109 3223 1175 3232; x_wconf 89' lang='lat'>—</span> <span class='ocrx_word' id='word_1_241' title='bbox 1211 3197 1327 3257; x_wconf 80' lang='lat' dir='ltr'><strong>Spes</strong></span> <span class='ocrx_word' id='word_1_242' title='bbox 1363 3197 1627 3254; x_wconf 78' lang='lat' dir='ltr'><strong>remorari,</strong></span> <span class='ocrx_word' id='word_1_243' title='bbox 1791 3200 1843 3247; x_wconf 85' lang='lat'><strong>5.</strong></span> <span class='ocrx_word' id='word_1_244' title='bbox 1870 3198 2070 3245; x_wconf 76' lang='lat' dir='ltr'><strong>Minime</strong></span> <span class='ocrx_word' id='word_1_245' title='bbox 2089 3196 2327 3261; x_wconf 77' lang='lat' dir='ltr'><strong>apposito.</strong></span> <span class='ocrx_word' id='word_1_246' title='bbox 2359 3198 2426 3244; x_wconf 86' lang='lat' dir='ltr'><strong>Ut</strong></span> <span class='ocrx_word' id='word_1_247' title='bbox 2445 3197 2592 3244; x_wconf 82' lang='lat' dir='ltr'><strong>nimis</strong></span> <span class='ocrx_word' id='word_1_248' title='bbox 2612 3195 2730 3242; x_wconf 81' lang='lat' dir='ltr'><strong>eele-</strong></span> 
     </span>
     <span class='ocr_line' id='line_1_29' title="bbox 617 3272 2730 3343; baseline 0 -24"><span class='ocrx_word' id='word_1_249' title='bbox 617 3284 691 3320; x_wconf 84' lang='lat' dir='ltr'><strong>est</strong></span> <span class='ocrx_word' id='word_1_250' title='bbox 708 3272 941 3335; x_wconf 86' lang='lat' dir='ltr'><strong>impedire</strong></span> <span class='ocrx_word' id='word_1_251' title='bbox 955 3307 969 3327; x_wconf 83' lang='lat'><strong>,</strong></span> <span class='ocrx_word' id='word_1_252' title='bbox 994 3273 1249 3321; x_wconf 78' lang='lat' dir='ltr'><strong>retardare.</strong></span> <span class='ocrx_word' id='word_1_253' title='bbox 1278 3275 1394 3320; x_wconf 74' lang='lat' dir='ltr'><strong>Sca.</strong></span> <span class='ocrx_word' id='word_1_254' title='bbox 1718 3277 1794 3324; x_wconf 88' lang='lat' dir='ltr'><strong>bri</strong></span> <span class='ocrx_word' id='word_1_255' title='bbox 1810 3312 1825 3336; x_wconf 88' lang='lat'><strong>,</strong></span> <span class='ocrx_word' id='word_1_256' title='bbox 1852 3294 2001 3341; x_wconf 88' lang='lat' dir='ltr'><strong>quum</strong></span> <span class='ocrx_word' id='word_1_257' title='bbox 2017 3277 2267 3343; x_wconf 57' lang='lat' dir='ltr'><strong>celebritas</strong></span> <span class='ocrx_word' id='word_1_258' title='bbox 2289 3277 2404 3323; x_wconf 84' lang='lat' dir='ltr'><strong>mihi</strong></span> <span class='ocrx_word' id='word_1_259' title='bbox 2425 3276 2544 3323; x_wconf 88' lang='lat' dir='ltr'><strong>odio</strong></span> <span class='ocrx_word' id='word_1_260' title='bbox 2561 3278 2638 3323; x_wconf 83' lang='lat' dir='ltr'><strong>sit.</strong></span> <span class='ocrx_word' id='word_1_261' title='bbox 2659 3274 2730 3322; x_wconf 80' lang='lat' dir='ltr'><strong>cf.</strong></span> 
     </span>
    </p>

    <p class='ocr_par' dir='ltr' id='par_1_4' title="bbox 611 3350 2730 3499">
     <span class='ocr_line' id='line_1_30' title="bbox 684 3350 2730 3422; baseline 0.001 -26"><span class='ocrx_word' id='word_1_262' title='bbox 684 3366 733 3399; x_wconf 77' lang='lat' dir='ltr'><strong>a.</strong></span> <span class='ocrx_word' id='word_1_263' title='bbox 754 3350 983 3398; x_wconf 78' lang='lat' dir='ltr'><strong>Peccatis.</strong></span> <span class='ocrx_word' id='word_1_264' title='bbox 1003 3352 1100 3414; x_wconf 88' lang='lat' dir='ltr'><strong>Qui</strong></span> <span class='ocrx_word' id='word_1_265' title='bbox 1120 3350 1300 3398; x_wconf 81' lang='lat' dir='ltr'><strong>invidis</strong></span> <span class='ocrx_word' id='word_1_266' title='bbox 1323 3351 1631 3412; x_wconf 83' lang='lat' dir='ltr'><strong>credidimus,</strong></span> <span class='ocrx_word' id='word_1_267' title='bbox 1720 3358 1861 3422; x_wconf 84' lang='lat' dir='ltr'><strong>epist.</strong></span> <span class='ocrx_word' id='word_1_268' title='bbox 1889 3358 1917 3403; x_wconf 88' lang='grc'><strong>8</strong></span> <span class='ocrx_word' id='word_1_269' title='bbox 1957 3368 2007 3404; x_wconf 88' lang='lat' dir='ltr'><strong>et</strong></span> <span class='ocrx_word' id='word_1_270' title='bbox 2043 3373 2096 3418; x_wconf 84' lang='lat'><strong>9.</strong></span> <span class='ocrx_word' id='word_1_271' title='bbox 2133 3356 2354 3403; x_wconf 81' lang='lat' dir='ltr'><strong>Imitatus</strong></span> <span class='ocrx_word' id='word_1_272' title='bbox 2390 3365 2466 3402; x_wconf 87' lang='lat' dir='ltr'><strong>est</strong></span> <span class='ocrx_word' id='word_1_273' title='bbox 2504 3352 2730 3418; x_wconf 80' lang='lat' dir='ltr'><strong>Sophocl.</strong></span> 
     </span>
     <span class='ocr_line' id='line_1_31' title="bbox 611 3429 2332 3499; baseline 0.002 -23"><span class='ocrx_word' id='word_1_274' title='bbox 611 3440 665 3476; x_wconf 87' lang='lat' dir='ltr'><strong>et</strong></span> <span class='ocrx_word' id='word_1_275' title='bbox 684 3429 972 3492; x_wconf 74' lang='lat' dir='ltr'><strong>legationem</strong></span> <span class='ocrx_word' id='word_1_276' title='bbox 1003 3446 1029 3476; x_wconf 84' lang='lat' dir='ltr'><strong>a</strong></span> <span class='ocrx_word' id='word_1_277' title='bbox 1058 3431 1244 3479; x_wconf 76' lang='lat' dir='ltr'><strong>Caesare</strong></span> <span class='ocrx_word' id='word_1_278' title='bbox 1271 3430 1472 3478; x_wconf 82' lang='lat' dir='ltr'><strong>delatam</strong></span> <span class='ocrx_word' id='word_1_279' title='bbox 1490 3467 1504 3490; x_wconf 92' lang='lat'><strong>,</strong></span> <span class='ocrx_word' id='word_1_280' title='bbox 1537 3449 1631 3495; x_wconf 84' lang='lat' dir='ltr'><strong>qua</strong></span> <span class='ocrx_word' id='word_1_281' title='bbox 1719 3437 1886 3499; x_wconf 82' lang='lat' dir='ltr'><strong>Antig.</strong></span> <span class='ocrx_word' id='word_1_282' title='bbox 1912 3452 1960 3484; x_wconf 81' lang='lat' dir='ltr'><strong>v.</strong></span> <span class='ocrx_word' id='word_1_283' title='bbox 1992 3452 2009 3482; x_wconf 78' lang='lat' dir='ltr'>x</span> <span class='ocrx_word' id='word_1_284' title='bbox 2025 3436 2086 3495; x_wconf 82' lang='lat'><strong>37</strong></span> <span class='ocrx_word' id='word_1_285' title='bbox 2112 3450 2217 3497; x_wconf 86' lang='lat' dir='ltr'><strong>seq.</strong></span> <span class='ocrx_word' id='word_1_286' title='bbox 2241 3438 2332 3482; x_wconf 83' lang='lat' dir='ltr'><strong>En.</strong></span> 
     </span>
    </p>
   </div>
   <div class='ocr_carea' id='block_1_4' title="bbox 609 3507 2732 4037">
    <p class='ocr_par' dir='ltr' id='par_1_5' title="bbox 609 3507 2732 3892">
     <span class='ocr_line' id='line_1_32' title="bbox 614 3507 2732 3573; baseline 0.001 -20"><span class='ocrx_word' id='word_1_287' title='bbox 614 3507 754 3554; x_wconf 83' lang='lat' dir='ltr'><strong>vitari</strong></span> <span class='ocrx_word' id='word_1_288' title='bbox 780 3509 943 3571; x_wconf 85' lang='lat' dir='ltr'><strong>potuit</strong></span> <span class='ocrx_word' id='word_1_289' title='bbox 970 3508 1073 3555; x_wconf 76' lang='lat' dir='ltr'><strong>haec</strong></span> <span class='ocrx_word' id='word_1_290' title='bbox 1100 3524 1342 3570; x_wconf 68' lang='lat' dir='ltr'><strong>aerumna,</strong></span> <span class='ocrx_word' id='word_1_291' title='bbox 1372 3510 1514 3558; x_wconf 86' lang='lat' dir='ltr'><strong>nimis</strong></span> <span class='ocrx_word' id='word_1_292' title='bbox 1541 3513 1631 3558; x_wconf 87' lang='lat' dir='ltr'><strong>im·</strong></span> <span class='ocrx_word' id='word_1_293' title='bbox 1788 3516 1838 3562; x_wconf 88' lang='grc'><strong>6.</strong></span> <span class='ocrx_word' id='word_1_294' title='bbox 1864 3515 1994 3562; x_wconf 86' lang='lat' dir='ltr'><strong>Olim</strong></span> <span class='ocrx_word' id='word_1_295' title='bbox 2014 3513 2264 3573; x_wconf 85' lang='lat' dir='ltr'><strong>edebatur,</strong></span> <span class='ocrx_word' id='word_1_296' title='bbox 2290 3534 2316 3555; x_wconf 72' lang='grc' dir='ltr'><strong>α</strong></span> <span class='ocrx_word' id='word_1_297' title='bbox 2333 3511 2485 3559; x_wconf 76' lang='lat' dir='ltr'><strong>subiti</strong></span> <span class='ocrx_word' id='word_1_298' title='bbox 2511 3509 2631 3558; x_wconf 83' lang='lat' dir='ltr'><strong>mihi</strong></span> <span class='ocrx_word' id='word_1_299' title='bbox 2651 3508 2732 3555; x_wconf 82' lang='lat' dir='ltr'><strong>ad-</strong></span> 
     </span>
     <span class='ocr_line' id='line_1_33' title="bbox 613 3584 2139 3653; baseline 0.007 -23"><span class='ocrx_word' id='word_1_300' title='bbox 613 3584 878 3649; x_wconf 82' lang='lat' dir='ltr'><strong>prudenter</strong></span> <span class='ocrx_word' id='word_1_301' title='bbox 896 3588 1281 3653; x_wconf 78' lang='lat' dir='ltr'><strong>repudiavimus:</strong></span> <span class='ocrx_word' id='word_1_302' title='bbox 1311 3605 1460 3652; x_wconf 87' lang='lat' dir='ltr'><strong>quum</strong></span> <span class='ocrx_word' id='word_1_303' title='bbox 1484 3591 1631 3638; x_wconf 76' lang='lat' dir='ltr'><strong>tantis</strong></span> <span class='ocrx_word' id='word_1_304' title='bbox 1719 3595 1841 3640; x_wconf 84' lang='lat' dir='ltr'><strong>versi</strong></span> <span class='ocrx_word' id='word_1_305' title='bbox 1859 3616 1900 3639; x_wconf 69' lang='lat' dir='ltr'><strong>a.</strong></span> <span class='ocrx_word' id='word_1_306' title='bbox 1925 3595 1974 3640; x_wconf 87' lang='lat' dir='ltr'><strong>J.</strong></span> <span class='ocrx_word' id='word_1_307' title='bbox 1996 3594 2059 3638; x_wconf 80' lang='lat' dir='ltr'><strong>V.</strong></span> <span class='ocrx_word' id='word_1_308' title='bbox 2082 3596 2139 3641; x_wconf 81' lang='lat' dir='ltr'><strong>L.</strong></span> 
     </span>
     <span class='ocr_line' id='line_1_34' title="bbox 611 3665 2732 3734; baseline 0 -24"><span class='ocrx_word' id='word_1_309' title='bbox 611 3665 812 3711; x_wconf 87' lang='lat' dir='ltr'><strong>miseriis</strong></span> <span class='ocrx_word' id='word_1_310' title='bbox 836 3666 917 3712; x_wconf 78' lang='lat' dir='ltr'><strong>vel</strong></span> <span class='ocrx_word' id='word_1_311' title='bbox 940 3682 1069 3714; x_wconf 86' lang='lat' dir='ltr'><strong>mors</strong></span> <span class='ocrx_word' id='word_1_312' title='bbox 1095 3667 1238 3714; x_wconf 82' lang='lat' dir='ltr'><strong>fuerit</strong></span> <span class='ocrx_word' id='word_1_313' title='bbox 1256 3669 1624 3731; x_wconf 84' lang='lat' dir='ltr'><strong>anteponenda:</strong></span> <span class='ocrx_word' id='word_1_314' title='bbox 1791 3689 1837 3728; x_wconf 89' lang='lat'><strong>7.</strong></span> <span class='ocrx_word' id='word_1_315' title='bbox 1864 3670 2085 3734; x_wconf 79' lang='lat' dir='ltr'><strong>Aliquid.</strong></span> <span class='ocrx_word' id='word_1_316' title='bbox 2116 3670 2256 3718; x_wconf 83' lang='lat' dir='ltr'><strong>Mali.</strong></span> <span class='ocrx_word' id='word_1_317' title='bbox 2287 3670 2366 3717; x_wconf 86' lang='lat' dir='ltr'><strong>Sic</strong></span> <span class='ocrx_word' id='word_1_318' title='bbox 2387 3670 2516 3716; x_wconf 87' lang='lat' dir='ltr'><strong>enim</strong></span> <span class='ocrx_word' id='word_1_319' title='bbox 2544 3666 2732 3714; x_wconf 84' lang='lat' dir='ltr'><strong>videtur</strong></span> 
     </span>
     <span class='ocr_line' id='line_1_35' title="bbox 609 3742 2732 3813; baseline 0.004 -25"><span class='ocrx_word' id='word_1_320' title='bbox 609 3742 748 3801; x_wconf 79' lang='lat' dir='ltr'><strong>eujus</strong></span> <span class='ocrx_word' id='word_1_321' title='bbox 789 3746 1077 3808; x_wconf 77' lang='lat' dir='ltr'><strong>oppetendae</strong></span> <span class='ocrx_word' id='word_1_322' title='bbox 1115 3757 1306 3812; x_wconf 85' lang='lat' dir='ltr'><strong>tempus</strong></span> <span class='ocrx_word' id='word_1_323' title='bbox 1340 3748 1628 3796; x_wconf 87' lang='lat' dir='ltr'><strong>honestissi-</strong></span> <span class='ocrx_word' id='word_1_324' title='bbox 1715 3749 2130 3813; x_wconf 79' lang='lat' dir='ltr'><strong>interpretandum</strong></span> <span class='ocrx_word' id='word_1_325' title='bbox 2147 3784 2161 3808; x_wconf 93' lang='lat'><strong>,</strong></span> <span class='ocrx_word' id='word_1_326' title='bbox 2190 3750 2281 3799; x_wconf 88' lang='lat' dir='ltr'><strong>nisi</strong></span> <span class='ocrx_word' id='word_1_327' title='bbox 2308 3749 2512 3797; x_wconf 78' lang='lat' dir='ltr'><strong>verbum</strong></span> <span class='ocrx_word' id='word_1_328' title='bbox 2535 3743 2732 3810; x_wconf 76' lang='lat' dir='ltr'><strong>aliquod</strong></span> 
     </span>
     <span class='ocr_line' id='line_1_36' title="bbox 613 3827 2078 3892; baseline 0.005 -24"><span class='ocrx_word' id='word_1_329' title='bbox 613 3837 743 3869; x_wconf 83' lang='lat' dir='ltr'><strong>mum</strong></span> <span class='ocrx_word' id='word_1_330' title='bbox 763 3827 1167 3886; x_wconf 69' lang='lat' dir='ltr'><strong>praetermisimus.</strong></span> <span class='ocrx_word' id='word_1_331' title='bbox 1190 3830 1281 3892; x_wconf 80' lang='lat' dir='ltr'><strong>Ep.</strong></span> <span class='ocrx_word' id='word_1_332' title='bbox 1306 3846 1354 3891; x_wconf 88' lang='lat'><strong>7.</strong></span> <span class='ocrx_word' id='word_1_333' title='bbox 1375 3830 1593 3878; x_wconf 73' lang='lat' dir='ltr'><strong>Mumr.</strong></span> <span class='ocrx_word' id='word_1_334' title='bbox 1719 3840 1891 3877; x_wconf 84' lang='lat' dir='ltr'><strong>mutes.</strong></span> <span class='ocrx_word' id='word_1_335' title='bbox 1920 3830 2078 3877; x_wconf 69' lang='lat' dir='ltr'><strong>cona.</strong></span> 
     </span>
    </p>

    <p class='ocr_par' dir='ltr' id='par_1_6' title="bbox 1388 4010 1954 4037">
     <span class='ocr_line' id='line_1_37' title="bbox 1388 4010 1954 4037; baseline 0.002 -1"><span class='ocrx_word' id='word_1_336' title='bbox 1388 4010 1954 4037; x_wconf 47' lang='lat' dir='ltr'><em>n-—w—</em></span> 
     </span>
    </p>
   </div>
  </div>
 </body>
</html>
