3023 4773
592 448 1978 476 mmmmm—“m

886 670 1065 786 Μ.
1152 665 1291 786 Τ.
1384 658 2404 786 CICERoNis

728 924 2602 1102 EPISTULARUM

1248 1240 1413 1317 AD
1479 1235 2072 1326 ATTICIJM

1028 1463 1474 1569 LIBER
1551 1458 2337 1569 SEPTIMUS.

1311 1917 1923 2000 EPISTOLA
1991 1919 2050 1996 I.

606 2103 868 2164 Breviter
893 2097 1106 2177 repetit
1131 2116 1226 2168 ea,
1280 2115 1413 2174 quae
1452 2094 1757 2174 superiore
1800 2095 2045 2174 epistola
2082 2095 2411 2173 scripserat.
2452 2099 2650 2173 Rogat
2683 2109 2751 2152 ut

686 2195 1059 2277 impendente
1104 2193 1260 2252 bello
1307 2189 1466 2251 civili
1508 2193 1662 2250 inter
1693 2196 1975 2251 Caesarem
2008 2206 2069 2251 et
2099 2193 2441 2272 Pompeium
2475 2191 2554 2250 de
2587 2191 2749 2248 omni

691 2307 840 2355 statu
865 2312 974 2353 suo
1002 2291 1236 2367 cogitet.
1264 2289 1577 2348 Cohortem
1597 2308 1788 2361 suam,
1812 2287 2216 2348 abstinentiam
2239 2309 2416 2366 quam
2442 2288 2544 2347 diu
2573 2289 2757 2346 simu·

697 2395 920 2463 laram,
968 2402 1232 2449 extremo
1278 2388 1728 2465 proconsulatus
1777 2400 2040 2465 tempore
2077 2385 2417 2466 deposuisse
2461 2388 2753 2464 queritur.

695 2489 844 2547 Petit
866 2499 932 2546 ut
958 2507 1018 2545 se
1044 2486 1105 2544 in
1131 2484 1428 2563 triumpho
1451 2483 1861 2561 consequendo
1889 2483 2142 2560 adjuvet.
2170 2489 2261 2544 De
2280 2484 2574 2543 Philotimi
2599 2484 2759 2541 frau-

693 2584 865 2644 dibus
915 2581 1185 2641 cavendis
1230 2594 1290 2639 et
1334 2579 1751 2659 persequendis
1795 2592 2008 2639 monet.
2063 2578 2353 2657 (Athenis,
2390 2599 2543 2640 anno
2573 2585 2646 2637 U.
2682 2582 2758 2637 C.

701 2683 845 2755 703,
879 2699 1073 2739 mense
1103 2677 1377 2749 octobri.)

1291 2859 1605 2924 CICERO
1649 2860 1964 2925 ATTICO
2009 2863 2078 2925 S.

624 2973 1042 3093 Diem-:ium
1076 3017 1414 3116 equidem
1451 3021 1529 3088 L
1566 3016 1850 3089 Saufeio
1885 3019 2155 3103 literas,
2195 3036 2268 3091 et
2294 3020 2635 3093 dederam
2668 3019 2758 3090 ad

620 3146 691 3203 te
733 3156 1008 3219 unum,
1048 3129 1289 3226 quod,
1335 3153 1564 3227 quum
1618 3153 1770 3200 non
1823 3144 2008 3201 esset
2058 3132 2400 3229 temporis
2441 3132 2622 3202 mihi
2667 3129 2754 3201 ad

621 3240 1087 3314 scribendum
1132 3239 1346 3324 satiS‚
1386 3253 1630 3310 tamen
1673 3238 2046 3310 hominem
2089 3240 2221 3312 tibi
2267 3256 2411 3312 tam
2451 3239 2756 3313 familia·

620 3378 775 3426 rem
815 3354 972 3424 sine
1015 3352 1194 3421 meis
1240 3349 1465 3420 literis
1513 3348 1623 3420 ad·
1648 3364 1722 3421 te
1762 3353 2006 3423 venire
2049 3350 2410 3423 nolebam.
2461 3351 2636 3437 Sed,
2677 3366 2756 3419 ut

624 3460 1083 3562 philosophi¹
1122 3458 1534 3547 ambulant,
1570 3459 1697 3531 has
1731 3459 1864 3531 tibi
1900 3461 2264 3533 redditum
2296 3464 2381 3533 iri
2414 3460 2755 3560 putabam
2869 3449 2873 3451 Δ

624 3578 845 3671 prius.
901 3575 1031 3643 Sin
1078 3570 1222 3666 jam
1272 3569 1428 3640 illas
1482 3570 1857 3669 accepisti,
1903 3574 2081 3659 scis,
2126 3595 2241 3643 me
2291 3574 2603 3645 Athenas
2639 3598 2755 3643 ve-

622 3685 807 3756 nisse
825 3682 1010 3781 prid.
1042 3679 1206 3779 idqs
1235 3678 1614 3767 octobres3
1642 3706 1682 3752 e
1707 3684 1867 3752 navi
1900 3707 2266 3780 egressum
2290 3685 2365 3754 in
2392 3687 2758 3771 Piraeeum,

702 3955 743 3986 ι.
794 3935 1097 4001 Philosophi.
1150 3937 1484 4004 Philosophus
1521 3938 1652 3987 enim
1742 3938 1868 3989 nihil
1894 3952 2068 3989 curant
2090 3975 2108 4002 ‚
2134 3943 2266 3992 tarde
2294 3944 2452 3992 nolent
2488 3944 2764 4007 ambulare,

625 4013 845 4066 saufeius
862 4028 921 4063 ex
938 4014 1111 4062 hareni
1132 4016 1366 4080 Epicurea
1386 4032 1398 4064 ε
1418 4028 1466 4065 et
1484 4034 1654 4067 omnes
1744 4018 2014 4069 tardissime
2036 4033 2195 4073 autem
2229 4025 2483 4088 Epicurei,
2502 4027 2614 4087 quia
2643 4026 2763 4074 mol-

631 4092 913 4162 philosophi
931 4127 946 4151 ,
991 4092 1103 4153 quia
1146 4104 1330 4157 preter·
1371 4088 1655 4159 &pientiam
1746 4098 1832 4148 les.
1858 4101 2003 4149 Mu«.
