<?xml version="1.0" encoding="UTF-8"?>
<!DOCTYPE html PUBLIC "-//W3C//DTD XHTML 1.0 Transitional//EN"
    "http://www.w3.org/TR/xhtml1/DTD/xhtml1-transitional.dtd">
<html xmlns="http://www.w3.org/1999/xhtml" xml:lang="en" lang="en">
 <head>
  <title>
</title>
<meta http-equiv="Content-Type" content="text/html;charset=utf-8" />
  <meta name='ocr-system' content='tesseract 3.04.00' />
  <meta name='ocr-capabilities' content='ocr_page ocr_carea ocr_par ocr_line ocrx_word'/>
</head>
<body>
  <div class='ocr_page' id='page_1' title='image "./mtciceronisquae01bouigoog_0105.png"; bbox 0 0 3023 4773; ppageno 0'>
   <div class='ocr_carea' id='block_1_1' title="bbox 822 384 2355 489">
    <p class='ocr_par' dir='ltr' id='par_1_1' title="bbox 822 384 2355 489">
     <span class='ocr_line' id='line_1_1' title="bbox 822 384 2355 489; baseline 0.008 -37"><span class='ocrx_word' id='word_1_1' title='bbox 822 384 1383 471; x_wconf 75' lang='lat' dir='ltr'><strong>EmsroLAE,</strong></span> <span class='ocrx_word' id='word_1_2' title='bbox 1428 387 1647 472; x_wconf 81' lang='lat' dir='ltr'>xlv,</span> <span class='ocrx_word' id='word_1_3' title='bbox 1704 409 1760 454; x_wconf 75' lang='grc' dir='ltr'><strong>ι.</strong></span> <span class='ocrx_word' id='word_1_4' title='bbox 2262 391 2355 489; x_wconf 83' lang='lat'><strong>95</strong></span> 
     </span>
    </p>
   </div>
   <div class='ocr_carea' id='block_1_2' title="bbox 201 507 2363 3037">
    <p class='ocr_par' dir='ltr' id='par_1_2' title="bbox 213 507 2361 1381">
     <span class='ocr_line' id='line_1_2' title="bbox 230 507 2357 608; baseline 0.001 -26"><span class='ocrx_word' id='word_1_5' title='bbox 230 511 349 582; x_wconf 89' lang='lat' dir='ltr'><strong>bor</strong></span> <span class='ocrx_word' id='word_1_6' title='bbox 394 507 813 608; x_wconf 80' lang='lat' dir='ltr'>percepisse</span> <span class='ocrx_word' id='word_1_7' title='bbox 857 518 931 577; x_wconf 94' lang='lat' dir='ltr'><strong>et</strong></span> <span class='ocrx_word' id='word_1_8' title='bbox 974 520 1224 577; x_wconf 80' lang='lat' dir='ltr'><strong>vestrae</strong></span> <span class='ocrx_word' id='word_1_9' title='bbox 1267 509 1600 605; x_wconf 83' lang='lat' dir='ltr'><strong>pietatis,</strong></span> <span class='ocrx_word' id='word_1_10' title='bbox 1654 522 1728 579; x_wconf 90' lang='lat' dir='ltr'><strong>et</strong></span> <span class='ocrx_word' id='word_1_11' title='bbox 1782 533 1979 581; x_wconf 83' lang='lat' dir='ltr'><strong>meae.</strong></span> <span class='ocrx_word' id='word_1_12' title='bbox 2029 512 2357 586; x_wconf 83' lang='lat' dir='ltr'><strong>Pisonis⁸</strong></span> 
     </span>
     <span class='ocr_line' id='line_1_3' title="bbox 225 618 2360 713; baseline 0.002 -21"><span class='ocrx_word' id='word_1_13' title='bbox 225 622 664 705; x_wconf 75' lang='lat' dir='ltr'><strong>humanitaS‚</strong></span> <span class='ocrx_word' id='word_1_14' title='bbox 698 618 951 703; x_wconf 68' lang='lat' dir='ltr'><strong>virtus»,</strong></span> <span class='ocrx_word' id='word_1_15' title='bbox 979 640 1185 686; x_wconf 87' lang='lat' dir='ltr'><strong>amor</strong></span> <span class='ocrx_word' id='word_1_16' title='bbox 1210 621 1291 686; x_wconf 90' lang='lat' dir='ltr'><strong>in</strong></span> <span class='ocrx_word' id='word_1_17' title='bbox 1324 642 1582 688; x_wconf 86' lang='lat' dir='ltr'><strong>omnes</strong></span> <span class='ocrx_word' id='word_1_18' title='bbox 1616 641 1787 705; x_wconf 84' lang='lat' dir='ltr'><strong>nos,</strong></span> <span class='ocrx_word' id='word_1_19' title='bbox 1815 633 2059 692; x_wconf 84' lang='lat' dir='ltr'><strong>tantus</strong></span> <span class='ocrx_word' id='word_1_20' title='bbox 2098 638 2243 713; x_wconf 89' lang='lat' dir='ltr'><strong>est,</strong></span> <span class='ocrx_word' id='word_1_21' title='bbox 2274 639 2360 697; x_wconf 91' lang='lat' dir='ltr'><strong>ut</strong></span> 
     </span>
     <span class='ocr_line' id='line_1_4' title="bbox 227 728 2351 829; baseline 0.001 -26"><span class='ocrx_word' id='word_1_22' title='bbox 227 732 391 803; x_wconf 89' lang='lat' dir='ltr'><strong>nihil</strong></span> <span class='ocrx_word' id='word_1_23' title='bbox 453 754 672 829; x_wconf 88' lang='lat' dir='ltr'><strong>supra</strong></span> <span class='ocrx_word' id='word_1_24' title='bbox 723 730 973 826; x_wconf 88' lang='lat' dir='ltr'><strong>possit.</strong></span> <span class='ocrx_word' id='word_1_25' title='bbox 1041 728 1338 798; x_wconf 88' lang='lat' dir='ltr'><strong>Utinam</strong></span> <span class='ocrx_word' id='word_1_26' title='bbox 1392 752 1475 797; x_wconf 91' lang='lat' dir='ltr'><strong>ea</strong></span> <span class='ocrx_word' id='word_1_27' title='bbox 1536 752 1651 797; x_wconf 90' lang='lat' dir='ltr'><strong>res</strong></span> <span class='ocrx_word' id='word_1_28' title='bbox 1706 729 1773 798; x_wconf 91' lang='lat' dir='ltr'><strong>ei</strong></span> <span class='ocrx_word' id='word_1_29' title='bbox 1814 729 2168 828; x_wconf 77' lang='lat' dir='ltr'><strong>voluptati</strong></span> <span class='ocrx_word' id='word_1_30' title='bbox 2219 732 2351 806; x_wconf 85' lang='lat' dir='ltr'><strong>sit!</strong></span> 
     </span>
     <span class='ocr_line' id='line_1_5' title="bbox 220 834 2359 941; baseline 0.002 -28"><span class='ocrx_word' id='word_1_31' title='bbox 220 843 454 940; x_wconf 79' lang='lat' dir='ltr'><strong>gloriae</strong></span> <span class='ocrx_word' id='word_1_32' title='bbox 492 840 793 938; x_wconf 89' lang='lat' dir='ltr'><strong>quidem</strong></span> <span class='ocrx_word' id='word_1_33' title='bbox 826 838 1042 912; x_wconf 83' lang='lat' dir='ltr'><strong>video</strong></span> <span class='ocrx_word' id='word_1_34' title='bbox 1084 835 1264 908; x_wconf 87' lang='lat' dir='ltr'><strong>fore.</strong></span> <span class='ocrx_word' id='word_1_35' title='bbox 1318 842 1425 910; x_wconf 91' lang='lat' dir='ltr'><strong>De</strong></span> <span class='ocrx_word' id='word_1_36' title='bbox 1473 840 1563 928; x_wconf 90' lang='lat' dir='ltr'><strong>Q.</strong></span> <span class='ocrx_word' id='word_1_37' title='bbox 1608 834 1828 910; x_wconf 85' lang='lat' dir='ltr'><strong>fratre</strong></span> <span class='ocrx_word' id='word_1_38' title='bbox 1878 840 2059 914; x_wconf 89' lang='lat' dir='ltr'><strong>nihil</strong></span> <span class='ocrx_word' id='word_1_39' title='bbox 2103 868 2236 941; x_wconf 86' lang='lat' dir='ltr'><strong>ego</strong></span> <span class='ocrx_word' id='word_1_40' title='bbox 2286 858 2359 917; x_wconf 89' lang='lat' dir='ltr'><strong>te</strong></span> 
     </span>
     <span class='ocr_line' id='line_1_6' title="bbox 219 950 2357 1048; baseline 0.001 -25"><span class='ocrx_word' id='word_1_41' title='bbox 219 954 542 1025; x_wconf 85' lang='lat' dir='ltr'>accusavi</span> <span class='ocrx_word' id='word_1_42' title='bbox 576 979 591 1020; x_wconf 75' lang='grc' dir='ltr'><strong><em>ε</em></strong></span> <span class='ocrx_word' id='word_1_43' title='bbox 629 950 757 1022; x_wconf 90' lang='lat' dir='ltr'><strong>sed</strong></span> <span class='ocrx_word' id='word_1_44' title='bbox 792 974 962 1035; x_wconf 85' lang='lat' dir='ltr'><strong>vos,</strong></span> <span class='ocrx_word' id='word_1_45' title='bbox 1007 974 1240 1046; x_wconf 88' lang='lat' dir='ltr'><strong>quum</strong></span> <span class='ocrx_word' id='word_1_46' title='bbox 1287 950 1678 1047; x_wconf 83' lang='lat' dir='ltr'><strong>praesertim</strong></span> <span class='ocrx_word' id='word_1_47' title='bbox 1713 963 1861 1019; x_wconf 88' lang='lat' dir='ltr'><strong>tam</strong></span> <span class='ocrx_word' id='word_1_48' title='bbox 1904 955 2116 1048; x_wconf 90' lang='lat' dir='ltr'><strong>pauci</strong></span> <span class='ocrx_word' id='word_1_49' title='bbox 2167 956 2357 1042; x_wconf 89' lang='lat' dir='ltr'><strong>sitis,</strong></span> 
     </span>
     <span class='ocr_line' id='line_1_7' title="bbox 217 1058 2360 1158; baseline 0.003 -28"><span class='ocrx_word' id='word_1_50' title='bbox 217 1064 402 1133; x_wconf 82' lang='lat' dir='ltr'><strong>volui</strong></span> <span class='ocrx_word' id='word_1_51' title='bbox 437 1086 596 1133; x_wconf 89' lang='lat' dir='ltr'><strong>esse</strong></span> <span class='ocrx_word' id='word_1_52' title='bbox 624 1084 846 1158; x_wconf 89' lang='lat' dir='ltr'><strong>quam</strong></span> <span class='ocrx_word' id='word_1_53' title='bbox 877 1059 1504 1153; x_wconf 88' lang='lat' dir='ltr'><strong>conjunctissimos</strong></span> <span class='ocrx_word' id='word_1_54' title='bbox 1528 1070 1582 1130; x_wconf 88' lang='lat'><strong>9.</strong></span> <span class='ocrx_word' id='word_1_55' title='bbox 1613 1058 1902 1150; x_wconf 88' lang='lat' dir='ltr'><strong>Quibus</strong></span> <span class='ocrx_word' id='word_1_56' title='bbox 1930 1087 2045 1131; x_wconf 91' lang='lat' dir='ltr'><strong>me</strong></span> <span class='ocrx_word' id='word_1_57' title='bbox 2071 1063 2360 1137; x_wconf 86' lang='lat' dir='ltr'><strong>voluisti</strong></span> 
     </span>
     <span class='ocr_line' id='line_1_8' title="bbox 217 1170 2361 1270; baseline 0.002 -26"><span class='ocrx_word' id='word_1_58' title='bbox 217 1198 415 1270; x_wconf 85' lang='lat' dir='ltr'><strong>agere</strong></span> <span class='ocrx_word' id='word_1_59' title='bbox 455 1173 762 1270; x_wconf 87' lang='lat' dir='ltr'><strong>gratias,</strong></span> <span class='ocrx_word' id='word_1_60' title='bbox 814 1171 963 1266; x_wconf 83' lang='lat' dir='ltr'><strong>egi,</strong></span> <span class='ocrx_word' id='word_1_61' title='bbox 1018 1184 1091 1240; x_wconf 91' lang='lat' dir='ltr'><strong>et</strong></span> <span class='ocrx_word' id='word_1_62' title='bbox 1124 1194 1240 1241; x_wconf 90' lang='lat' dir='ltr'><strong>me</strong></span> <span class='ocrx_word' id='word_1_63' title='bbox 1278 1195 1321 1240; x_wconf 90' lang='lat' dir='ltr'><strong>a</strong></span> <span class='ocrx_word' id='word_1_64' title='bbox 1356 1183 1428 1240; x_wconf 91' lang='lat' dir='ltr'><strong>te</strong></span> <span class='ocrx_word' id='word_1_65' title='bbox 1475 1171 1856 1242; x_wconf 83' lang='lat' dir='ltr'>certiorem</span> <span class='ocrx_word' id='word_1_66' title='bbox 1893 1170 2166 1244; x_wconf 86' lang='lat' dir='ltr'><strong>factum</strong></span> <span class='ocrx_word' id='word_1_67' title='bbox 2209 1201 2361 1248; x_wconf 87' lang='lat' dir='ltr'><strong>esse</strong></span> 
     </span>
     <span class='ocr_line' id='line_1_9' title="bbox 213 1284 483 1381; baseline -0.004 -27"><span class='ocrx_word' id='word_1_68' title='bbox 213 1284 483 1381; x_wconf 88' lang='lat' dir='ltr'><strong>scripsi.</strong></span> 
     </span>
    </p>

    <p class='ocr_par' dir='ltr' id='par_1_3' title="bbox 201 1389 2363 3037">
     <span class='ocr_line' id='line_1_10' title="bbox 299 1389 2363 1485; baseline 0.002 -21"><span class='ocrx_word' id='word_1_69' title='bbox 299 1391 530 1485; x_wconf 86' lang='lat' dir='ltr'><strong>Quod</strong></span> <span class='ocrx_word' id='word_1_70' title='bbox 576 1389 670 1463; x_wconf 89' lang='lat' dir='ltr'><strong>ad</strong></span> <span class='ocrx_word' id='word_1_71' title='bbox 714 1415 868 1478; x_wconf 88' lang='lat' dir='ltr'><strong>me,</strong></span> <span class='ocrx_word' id='word_1_72' title='bbox 912 1415 1072 1463; x_wconf 89' lang='lat' dir='ltr'><strong>mea</strong></span> <span class='ocrx_word' id='word_1_73' title='bbox 1106 1391 1476 1479; x_wconf 87' lang='lat' dir='ltr'><strong>Terentia,</strong></span> <span class='ocrx_word' id='word_1_74' title='bbox 1509 1390 1789 1481; x_wconf 75' lang='lat' dir='ltr'><strong>scribiS‚</strong></span> <span class='ocrx_word' id='word_1_75' title='bbox 1813 1406 1881 1463; x_wconf 86' lang='lat' dir='ltr'><strong>te</strong></span> <span class='ocrx_word' id='word_1_76' title='bbox 1910 1396 2149 1470; x_wconf 86' lang='lat' dir='ltr'><strong>vicum</strong></span> <span class='ocrx_word' id='word_1_77' title='bbox 2186 1420 2363 1469; x_wconf 87' lang='lat' dir='ltr'><strong>ven-</strong></span> 
     </span>
     <span class='ocr_line' id='line_1_11' title="bbox 214 1499 2359 1602; baseline 0.001 -27"><span class='ocrx_word' id='word_1_78' title='bbox 214 1503 523 1576; x_wconf 85' lang='lat' dir='ltr'><strong>dituram</strong></span> <span class='ocrx_word' id='word_1_79' title='bbox 548 1513 651 1572; x_wconf 85' lang='lat'><strong>¹⁰:</strong></span> <span class='ocrx_word' id='word_1_80' title='bbox 686 1501 901 1598; x_wconf 83' lang='lat' dir='ltr'><strong>quid,</strong></span> <span class='ocrx_word' id='word_1_81' title='bbox 929 1500 1233 1576; x_wconf 80' lang='lat' dir='ltr'><strong>obsecro</strong></span> <span class='ocrx_word' id='word_1_82' title='bbox 1266 1515 1337 1574; x_wconf 83' lang='lat' dir='ltr'><strong>te</strong></span> <span class='ocrx_word' id='word_1_83' title='bbox 1375 1499 1524 1596; x_wconf 85' lang='lat' dir='ltr'><strong>(me</strong></span> <span class='ocrx_word' id='word_1_84' title='bbox 1555 1501 2006 1599; x_wconf 62' lang='lat' dir='ltr'><strong>miserum),</strong></span> <span class='ocrx_word' id='word_1_85' title='bbox 2037 1506 2219 1602; x_wconf 84' lang='lat' dir='ltr'><strong>quid</strong></span> <span class='ocrx_word' id='word_1_86' title='bbox 2243 1505 2359 1584; x_wconf 85' lang='lat' dir='ltr'><strong>fu-</strong></span> 
     </span>
     <span class='ocr_line' id='line_1_12' title="bbox 215 1610 2359 1714; baseline 0.002 -30"><span class='ocrx_word' id='word_1_87' title='bbox 215 1627 460 1684; x_wconf 80' lang='lat' dir='ltr'><strong>turum</strong></span> <span class='ocrx_word' id='word_1_88' title='bbox 510 1612 667 1683; x_wconf 80' lang='lat' dir='ltr'><strong>est?</strong></span> <span class='ocrx_word' id='word_1_89' title='bbox 709 1617 832 1695; x_wconf 80' lang='lat' dir='ltr'><strong>Et,</strong></span> <span class='ocrx_word' id='word_1_90' title='bbox 892 1614 952 1682; x_wconf 84' lang='lat' dir='ltr'><strong>si</strong></span> <span class='ocrx_word' id='word_1_91' title='bbox 998 1636 1133 1683; x_wconf 82' lang='lat' dir='ltr'><strong>nos</strong></span> <span class='ocrx_word' id='word_1_92' title='bbox 1168 1626 1451 1710; x_wconf 85' lang='lat' dir='ltr'>premet</span> <span class='ocrx_word' id='word_1_93' title='bbox 1491 1610 1747 1683; x_wconf 83' lang='lat' dir='ltr'><strong>eadem</strong></span> <span class='ocrx_word' id='word_1_94' title='bbox 1798 1611 2128 1705; x_wconf 85' lang='lat' dir='ltr'><strong>fortuna,</strong></span> <span class='ocrx_word' id='word_1_95' title='bbox 2180 1616 2359 1714; x_wconf 90' lang='lat' dir='ltr'><strong>quid</strong></span> 
     </span>
     <span class='ocr_line' id='line_1_13' title="bbox 213 1721 2361 1821; baseline 0.002 -28"><span class='ocrx_word' id='word_1_96' title='bbox 213 1748 441 1820; x_wconf 87' lang='lat' dir='ltr'><strong>puero</strong></span> <span class='ocrx_word' id='word_1_97' title='bbox 482 1725 750 1794; x_wconf 91' lang='lat' dir='ltr'><strong>misero</strong></span> <span class='ocrx_word' id='word_1_98' title='bbox 790 1721 961 1793; x_wconf 82' lang='lat' dir='ltr'><strong>fiet?</strong></span> <span class='ocrx_word' id='word_1_99' title='bbox 997 1725 1162 1792; x_wconf 91' lang='lat' dir='ltr'><strong>Non</strong></span> <span class='ocrx_word' id='word_1_100' title='bbox 1209 1747 1402 1818; x_wconf 92' lang='lat' dir='ltr'><strong>queo</strong></span> <span class='ocrx_word' id='word_1_101' title='bbox 1442 1721 1724 1817; x_wconf 88' lang='lat' dir='ltr'><strong>reliqua</strong></span> <span class='ocrx_word' id='word_1_102' title='bbox 1765 1722 2081 1795; x_wconf 88' lang='lat' dir='ltr'><strong>scribere</strong></span> <span class='ocrx_word' id='word_1_103' title='bbox 2116 1730 2361 1821; x_wconf 89' lang='lat' dir='ltr'><strong>(tanta</strong></span> 
     </span>
     <span class='ocr_line' id='line_1_14' title="bbox 211 1832 2356 1930; baseline 0.004 -30"><span class='ocrx_word' id='word_1_104' title='bbox 211 1834 307 1904; x_wconf 83' lang='lat' dir='ltr'><strong>vis</strong></span> <span class='ocrx_word' id='word_1_105' title='bbox 375 1835 869 1930; x_wconf 85' lang='lat' dir='ltr'><strong>lacrymarum</strong></span> <span class='ocrx_word' id='word_1_106' title='bbox 924 1833 1109 1928; x_wconf 85' lang='lat' dir='ltr'><strong>est),</strong></span> <span class='ocrx_word' id='word_1_107' title='bbox 1145 1856 1387 1928; x_wconf 91' lang='lat' dir='ltr'><strong>neque</strong></span> <span class='ocrx_word' id='word_1_108' title='bbox 1438 1846 1511 1903; x_wconf 90' lang='lat' dir='ltr'><strong>te</strong></span> <span class='ocrx_word' id='word_1_109' title='bbox 1571 1832 1645 1901; x_wconf 91' lang='lat' dir='ltr'><strong>in</strong></span> <span class='ocrx_word' id='word_1_110' title='bbox 1702 1832 2043 1904; x_wconf 91' lang='lat' dir='ltr'><strong>eumdem</strong></span> <span class='ocrx_word' id='word_1_111' title='bbox 2102 1833 2356 1908; x_wconf 86' lang='lat' dir='ltr'><strong>fletum</strong></span> 
     </span>
     <span class='ocr_line' id='line_1_15' title="bbox 213 1941 2358 2036; baseline 0.002 -23"><span class='ocrx_word' id='word_1_112' title='bbox 213 1943 593 2016; x_wconf 84' lang='lat' dir='ltr'>adducam.</span> <span class='ocrx_word' id='word_1_113' title='bbox 646 1948 956 2014; x_wconf 87' lang='lat' dir='ltr'><strong>Tantum</strong></span> <span class='ocrx_word' id='word_1_114' title='bbox 1010 1941 1296 2014; x_wconf 87' lang='lat' dir='ltr'><strong>scribo:</strong></span> <span class='ocrx_word' id='word_1_115' title='bbox 1347 1943 1405 2013; x_wconf 88' lang='lat' dir='ltr'><strong>si</strong></span> <span class='ocrx_word' id='word_1_116' title='bbox 1443 1957 1658 2013; x_wconf 90' lang='lat' dir='ltr'><strong>erunt</strong></span> <span class='ocrx_word' id='word_1_117' title='bbox 1701 1944 1775 2013; x_wconf 91' lang='lat' dir='ltr'><strong>in</strong></span> <span class='ocrx_word' id='word_1_118' title='bbox 1823 1942 2066 2016; x_wconf 88' lang='lat' dir='ltr'><strong>officio</strong></span> <span class='ocrx_word' id='word_1_119' title='bbox 2110 1949 2358 2036; x_wconf 89' lang='lat' dir='ltr'><strong>amici,</strong></span> 
     </span>
     <span class='ocr_line' id='line_1_16' title="bbox 209 2052 2361 2155; baseline 0.001 -28"><span class='ocrx_word' id='word_1_120' title='bbox 209 2056 521 2151; x_wconf 85' lang='lat' dir='ltr'><strong>pecunia</strong></span> <span class='ocrx_word' id='word_1_121' title='bbox 546 2080 701 2125; x_wconf 89' lang='lat' dir='ltr'><strong>non</strong></span> <span class='ocrx_word' id='word_1_122' title='bbox 733 2053 982 2126; x_wconf 84' lang='lat' dir='ltr'><strong>deerit.</strong></span> <span class='ocrx_word' id='word_1_123' title='bbox 1015 2054 1259 2126; x_wconf 89' lang='lat' dir='ltr'><strong>Sinon</strong></span> <span class='ocrx_word' id='word_1_124' title='bbox 1292 2067 1540 2140; x_wconf 85' lang='lat' dir='ltr'><strong>erunt,</strong></span> <span class='ocrx_word' id='word_1_125' title='bbox 1573 2068 1655 2124; x_wconf 91' lang='lat' dir='ltr'><strong>tu</strong></span> <span class='ocrx_word' id='word_1_126' title='bbox 1683 2052 1967 2126; x_wconf 86' lang='lat' dir='ltr'><strong>efficere</strong></span> <span class='ocrx_word' id='word_1_127' title='bbox 1990 2067 2044 2099; x_wconf 90' lang='lat'><strong>¹¹</strong></span> <span class='ocrx_word' id='word_1_128' title='bbox 2079 2071 2202 2129; x_wconf 88' lang='lat' dir='ltr'><strong>tua</strong></span> <span class='ocrx_word' id='word_1_129' title='bbox 2237 2082 2361 2155; x_wconf 88' lang='lat' dir='ltr'><strong>pe-</strong></span> 
     </span>
     <span class='ocr_line' id='line_1_17' title="bbox 212 2162 2361 2262; baseline 0.003 -28"><span class='ocrx_word' id='word_1_130' title='bbox 212 2167 421 2237; x_wconf 86' lang='lat' dir='ltr'><strong>cunia</strong></span> <span class='ocrx_word' id='word_1_131' title='bbox 462 2190 615 2235; x_wconf 90' lang='lat' dir='ltr'><strong>non</strong></span> <span class='ocrx_word' id='word_1_132' title='bbox 648 2165 937 2262; x_wconf 89' lang='lat' dir='ltr'><strong>poteris.</strong></span> <span class='ocrx_word' id='word_1_133' title='bbox 973 2168 1110 2238; x_wconf 89' lang='lat' dir='ltr'><strong>Per</strong></span> <span class='ocrx_word' id='word_1_134' title='bbox 1141 2162 1468 2235; x_wconf 85' lang='lat' dir='ltr'><strong>fortunas</strong></span> <span class='ocrx_word' id='word_1_135' title='bbox 1505 2166 1800 2236; x_wconf 88' lang='lat' dir='ltr'><strong>miseras</strong></span> <span class='ocrx_word' id='word_1_136' title='bbox 1831 2180 2142 2255; x_wconf 75' lang='lat' dir='ltr'><strong>nostra5‚</strong></span> <span class='ocrx_word' id='word_1_137' title='bbox 2171 2167 2361 2257; x_wconf 85' lang='lat' dir='ltr'><strong>vide,</strong></span> 
     </span>
     <span class='ocr_line' id='line_1_18' title="bbox 209 2273 2360 2374; baseline 0.003 -29"><span class='ocrx_word' id='word_1_138' title='bbox 209 2301 296 2346; x_wconf 88' lang='lat' dir='ltr'><strong>ne</strong></span> <span class='ocrx_word' id='word_1_139' title='bbox 324 2300 651 2374; x_wconf 87' lang='lat' dir='ltr'><strong>puerum</strong></span> <span class='ocrx_word' id='word_1_140' title='bbox 680 2273 1040 2373; x_wconf 88' lang='lat' dir='ltr'><strong>perditum</strong></span> <span class='ocrx_word' id='word_1_141' title='bbox 1071 2273 1480 2373; x_wconf 85' lang='lat' dir='ltr'><strong>perdamus.</strong></span> <span class='ocrx_word' id='word_1_142' title='bbox 1508 2276 1643 2346; x_wconf 90' lang='lat' dir='ltr'><strong>Cui</strong></span> <span class='ocrx_word' id='word_1_143' title='bbox 1677 2276 1735 2345; x_wconf 91' lang='lat' dir='ltr'><strong>si</strong></span> <span class='ocrx_word' id='word_1_144' title='bbox 1764 2273 2036 2372; x_wconf 86' lang='lat' dir='ltr'><strong>aliquid</strong></span> <span class='ocrx_word' id='word_1_145' title='bbox 2066 2278 2238 2365; x_wconf 83' lang='lat' dir='ltr'><strong>erit,</strong></span> <span class='ocrx_word' id='word_1_146' title='bbox 2265 2304 2360 2351; x_wconf 85' lang='lat' dir='ltr'><strong>ue</strong></span> 
     </span>
     <span class='ocr_line' id='line_1_19' title="bbox 207 2384 2359 2484; baseline 0.001 -25"><span class='ocrx_word' id='word_1_147' title='bbox 207 2404 455 2484; x_wconf 85' lang='lat' dir='ltr'><strong>egeat;</strong></span> <span class='ocrx_word' id='word_1_148' title='bbox 490 2386 837 2459; x_wconf 88' lang='lat' dir='ltr'><strong>mediocri</strong></span> <span class='ocrx_word' id='word_1_149' title='bbox 857 2389 1122 2466; x_wconf 83' lang='lat' dir='ltr'><strong>virtute</strong></span> <span class='ocrx_word' id='word_1_150' title='bbox 1156 2409 1342 2484; x_wconf 86' lang='lat' dir='ltr'><strong>opus</strong></span> <span class='ocrx_word' id='word_1_151' title='bbox 1367 2401 1516 2472; x_wconf 83' lang='lat' dir='ltr'><strong>est,</strong></span> <span class='ocrx_word' id='word_1_152' title='bbox 1552 2401 1622 2458; x_wconf 89' lang='lat' dir='ltr'><strong>et</strong></span> <span class='ocrx_word' id='word_1_153' title='bbox 1653 2386 2003 2461; x_wconf 86' lang='lat' dir='ltr'><strong>mediocri</strong></span> <span class='ocrx_word' id='word_1_154' title='bbox 2032 2384 2359 2478; x_wconf 87' lang='lat' dir='ltr'><strong>fortuna,</strong></span> 
     </span>
     <span class='ocr_line' id='line_1_20' title="bbox 206 2495 2357 2593; baseline 0.001 -25"><span class='ocrx_word' id='word_1_155' title='bbox 206 2514 281 2568; x_wconf 93' lang='lat' dir='ltr'><strong>ut</strong></span> <span class='ocrx_word' id='word_1_156' title='bbox 304 2514 560 2570; x_wconf 86' lang='lat' dir='ltr'><strong>cetera</strong></span> <span class='ocrx_word' id='word_1_157' title='bbox 588 2511 1099 2593; x_wconf 81' lang='lat' dir='ltr'><strong>consequatur.</strong></span> <span class='ocrx_word' id='word_1_158' title='bbox 1135 2503 1271 2571; x_wconf 85' lang='lat' dir='ltr'><strong>Fac</strong></span> <span class='ocrx_word' id='word_1_159' title='bbox 1292 2496 1523 2567; x_wconf 84' lang='lat' dir='ltr'><strong>valeas</strong></span> <span class='ocrx_word' id='word_1_160' title='bbox 1544 2550 1564 2584; x_wconf 85' lang='lat'>,</span> <span class='ocrx_word' id='word_1_161' title='bbox 1584 2495 1774 2571; x_wconf 83' lang='lat' dir='ltr'><strong>et&#39;ad</strong></span> <span class='ocrx_word' id='word_1_162' title='bbox 1795 2522 1911 2569; x_wconf 88' lang='lat' dir='ltr'><strong>me</strong></span> <span class='ocrx_word' id='word_1_163' title='bbox 1946 2496 2357 2575; x_wconf 85' lang='lat' dir='ltr'><strong>tabellarios</strong></span> 
     </span>
     <span class='ocr_line' id='line_1_21' title="bbox 201 2605 2358 2704; baseline 0 -25"><span class='ocrx_word' id='word_1_164' title='bbox 201 2611 490 2698; x_wconf 86' lang='lat' dir='ltr'><strong>mittas,</strong></span> <span class='ocrx_word' id='word_1_165' title='bbox 519 2621 604 2678; x_wconf 92' lang='lat' dir='ltr'><strong>ut</strong></span> <span class='ocrx_word' id='word_1_166' title='bbox 631 2608 886 2694; x_wconf 80' lang='lat' dir='ltr'><strong>sciam,</strong></span> <span class='ocrx_word' id='word_1_167' title='bbox 925 2605 1104 2704; x_wconf 85' lang='lat' dir='ltr'><strong>quid</strong></span> <span class='ocrx_word' id='word_1_168' title='bbox 1129 2620 1400 2703; x_wconf 80' lang='lat' dir='ltr'><strong>agatur,</strong></span> <span class='ocrx_word' id='word_1_169' title='bbox 1436 2620 1507 2679; x_wconf 89' lang='lat' dir='ltr'><strong>et</strong></span> <span class='ocrx_word' id='word_1_170' title='bbox 1541 2631 1666 2677; x_wconf 89' lang='lat' dir='ltr'><strong>vos</strong></span> <span class='ocrx_word' id='word_1_171' title='bbox 1694 2607 1872 2703; x_wconf 90' lang='lat' dir='ltr'><strong>quid</strong></span> <span class='ocrx_word' id='word_1_172' title='bbox 1906 2610 2148 2704; x_wconf 87' lang='lat' dir='ltr'><strong>agatis.</strong></span> <span class='ocrx_word' id='word_1_173' title='bbox 2175 2610 2358 2680; x_wconf 88' lang='lat' dir='ltr'>Mihi</span> 
     </span>
     <span class='ocr_line' id='line_1_22' title="bbox 204 2715 2358 2814; baseline 0 -25"><span class='ocrx_word' id='word_1_174' title='bbox 204 2721 516 2789; x_wconf 87' lang='lat' dir='ltr'><strong>omnino</strong></span> <span class='ocrx_word' id='word_1_175' title='bbox 544 2717 697 2811; x_wconf 86' lang='lat' dir='ltr'><strong>jam</strong></span> <span class='ocrx_word' id='word_1_176' title='bbox 729 2715 968 2793; x_wconf 82' lang='lat' dir='ltr'><strong>brevis</strong></span> <span class='ocrx_word' id='word_1_177' title='bbox 1001 2716 1438 2814; x_wconf 79' lang='lat' dir='ltr'><strong>exspectatio</strong></span> <span class='ocrx_word' id='word_1_178' title='bbox 1474 2727 1677 2787; x_wconf 79' lang='lat' dir='ltr'><strong>est¹².</strong></span> <span class='ocrx_word' id='word_1_179' title='bbox 1713 2717 2034 2789; x_wconf 80' lang='lat' dir='ltr'><strong>Tulliolae</strong></span> <span class='ocrx_word' id='word_1_180' title='bbox 2062 2732 2133 2789; x_wconf 94' lang='lat' dir='ltr'><strong>et</strong></span> <span class='ocrx_word' id='word_1_181' title='bbox 2161 2721 2358 2791; x_wconf 90' lang='lat' dir='ltr'><strong>Cice-</strong></span> 
     </span>
     <span class='ocr_line' id='line_1_23' title="bbox 202 2825 2359 2917; baseline 0.002 -18"><span class='ocrx_word' id='word_1_182' title='bbox 202 2832 361 2899; x_wconf 85' lang='lat' dir='ltr'><strong>roni</strong></span> <span class='ocrx_word' id='word_1_183' title='bbox 388 2828 709 2900; x_wconf 87' lang='lat' dir='ltr'><strong>salutem</strong></span> <span class='ocrx_word' id='word_1_184' title='bbox 729 2827 866 2897; x_wconf 88' lang='lat' dir='ltr'><strong>dic.</strong></span> <span class='ocrx_word' id='word_1_185' title='bbox 883 2827 1156 2899; x_wconf 91' lang='lat' dir='ltr'><strong>Valete.</strong></span> <span class='ocrx_word' id='word_1_186' title='bbox 1177 2831 1264 2901; x_wconf 90' lang='lat' dir='ltr'><strong>D.</strong></span> <span class='ocrx_word' id='word_1_187' title='bbox 1282 2852 1342 2911; x_wconf 79' lang='lat' dir='ltr'><strong>a.</strong></span> <span class='ocrx_word' id='word_1_188' title='bbox 1368 2825 1441 2897; x_wconf 92' lang='lat' dir='ltr'><strong>d.</strong></span> <span class='ocrx_word' id='word_1_189' title='bbox 1455 2852 1527 2899; x_wconf 77' lang='lat' dir='ltr'><strong>vi</strong></span> <span class='ocrx_word' id='word_1_190' title='bbox 1547 2825 1889 2900; x_wconf 83' lang='lat' dir='ltr'><strong>kalendas</strong></span> <span class='ocrx_word' id='word_1_191' title='bbox 1911 2827 2359 2917; x_wconf 67' lang='lat' dir='ltr'><strong>decembrae,</strong></span> 
     </span>
     <span class='ocr_line' id='line_1_24' title="bbox 202 2939 667 3037; baseline -0.006 -26"><span class='ocrx_word' id='word_1_192' title='bbox 202 2939 667 3037; x_wconf 77' lang='lat' dir='ltr'><strong>Dyrrhachii.</strong></span> 
     </span>
    </p>
   </div>
   <div class='ocr_carea' id='block_1_3' title="bbox 291 3044 2365 3150">
    <p class='ocr_par' dir='ltr' id='par_1_4' title="bbox 291 3044 2365 3150">
     <span class='ocr_line' id='line_1_25' title="bbox 291 3044 2365 3150; baseline -0.001 -27"><span class='ocrx_word' id='word_1_193' title='bbox 291 3050 843 3150; x_wconf 83' lang='lat' dir='ltr'><strong>Dyrrhachium</strong></span> <span class='ocrx_word' id='word_1_194' title='bbox 879 3050 1087 3134; x_wconf 81' lang='lat' dir='ltr'><strong>veni,</strong></span> <span class='ocrx_word' id='word_1_195' title='bbox 1133 3046 1335 3145; x_wconf 80' lang='lat' dir='ltr'><strong>quod</strong></span> <span class='ocrx_word' id='word_1_196' title='bbox 1373 3063 1444 3119; x_wconf 89' lang='lat' dir='ltr'><strong>et</strong></span> <span class='ocrx_word' id='word_1_197' title='bbox 1489 3046 1717 3118; x_wconf 89' lang='lat' dir='ltr'><strong>libera</strong></span> <span class='ocrx_word' id='word_1_198' title='bbox 1756 3044 2082 3125; x_wconf 80' lang='lat' dir='ltr'><strong>civitas¹3</strong></span> <span class='ocrx_word' id='word_1_199' title='bbox 2124 3062 2256 3136; x_wconf 90' lang='lat' dir='ltr'><strong>est,</strong></span> <span class='ocrx_word' id='word_1_200' title='bbox 2289 3065 2365 3121; x_wconf 92' lang='lat' dir='ltr'><strong>et</strong></span> 
     </span>
    </p>
   </div>
   <div class='ocr_carea' id='block_1_4' title="bbox 197 3272 2424 4216">
    <p class='ocr_par' dir='ltr' id='par_1_5' title="bbox 201 3272 2363 3339">
     <span class='ocr_line' id='line_1_26' title="bbox 201 3272 2363 3339; baseline -0.003 -10"><span class='ocrx_word' id='word_1_201' title='bbox 201 3278 384 3329; x_wconf 72' lang='lat' dir='ltr'><strong>Sehfitz</strong></span> <span class='ocrx_word' id='word_1_202' title='bbox 431 3289 606 3331; x_wconf 75' lang='lat' dir='ltr'><strong>antem</strong></span> <span class='ocrx_word' id='word_1_203' title='bbox 654 3276 874 3339; x_wconf 74' lang='lat' dir='ltr'><strong>reposuit</strong></span> <span class='ocrx_word' id='word_1_204' title='bbox 916 3275 1015 3339; x_wconf 66' lang='lat' dir='ltr'><strong>ipse</strong></span> <span class='ocrx_word' id='word_1_205' title='bbox 1039 3291 1058 3322; x_wconf 92' lang='lat'><strong>.·</strong></span> <span class='ocrx_word' id='word_1_206' title='bbox 1090 3287 1140 3327; x_wconf 81' lang='lat' dir='ltr'><strong>et</strong></span> <span class='ocrx_word' id='word_1_207' title='bbox 1177 3276 1245 3327; x_wconf 75' lang='lat' dir='ltr'><strong>ait</strong></span> <span class='ocrx_word' id='word_1_208' title='bbox 1330 3273 1587 3323; x_wconf 86' lang='lat' dir='ltr'><strong>Gebhard.</strong></span> <span class='ocrx_word' id='word_1_209' title='bbox 1618 3284 1665 3320; x_wconf 82' lang='lat' dir='ltr'><strong>et</strong></span> <span class='ocrx_word' id='word_1_210' title='bbox 1693 3272 1978 3337; x_wconf 70' lang='lat' dir='ltr'><strong>elegantiam</strong></span> <span class='ocrx_word' id='word_1_211' title='bbox 2008 3274 2230 3333; x_wconf 74' lang='lat' dir='ltr'><strong>eamdem</strong></span> <span class='ocrx_word' id='word_1_212' title='bbox 2259 3277 2363 3323; x_wconf 87' lang='lat' dir='ltr'><strong>vin-</strong></span> 
     </span>
    </p>

    <p class='ocr_par' dir='ltr' id='par_1_6' title="bbox 200 3352 2360 3419">
     <span class='ocr_line' id='line_1_27' title="bbox 200 3352 2360 3419; baseline -0.001 -13"><span class='ocrx_word' id='word_1_213' title='bbox 200 3358 430 3406; x_wconf 71' lang='lat' dir='ltr'><strong>Pisonem</strong></span> <span class='ocrx_word' id='word_1_214' title='bbox 467 3368 608 3404; x_wconf 82' lang='lat' dir='ltr'><strong>certe</strong></span> <span class='ocrx_word' id='word_1_215' title='bbox 647 3355 869 3419; x_wconf 82' lang='lat' dir='ltr'><strong>intelligi.</strong></span> <span class='ocrx_word' id='word_1_216' title='bbox 902 3356 1051 3418; x_wconf 81' lang='lat' dir='ltr'><strong>Hispo</strong></span> <span class='ocrx_word' id='word_1_217' title='bbox 1084 3368 1246 3403; x_wconf 76' lang='lat' dir='ltr'><strong>autem</strong></span> <span class='ocrx_word' id='word_1_218' title='bbox 1336 3354 1502 3401; x_wconf 85' lang='lat' dir='ltr'><strong>dicant</strong></span> <span class='ocrx_word' id='word_1_219' title='bbox 1530 3352 1775 3400; x_wconf 72' lang='lat' dir='ltr'><strong>Palatinus</strong></span> <span class='ocrx_word' id='word_1_220' title='bbox 1806 3353 2006 3417; x_wconf 80' lang='lat' dir='ltr'><strong>primus,</strong></span> <span class='ocrx_word' id='word_1_221' title='bbox 2027 3354 2252 3402; x_wconf 81' lang='lat' dir='ltr'><strong>Vaticani</strong></span> <span class='ocrx_word' id='word_1_222' title='bbox 2279 3373 2360 3403; x_wconf 81' lang='lat' dir='ltr'><strong>ex·</strong></span> 
     </span>
    </p>

    <p class='ocr_par' dir='ltr' id='par_1_7' title="bbox 201 3431 2366 3498">
     <span class='ocr_line' id='line_1_28' title="bbox 201 3431 2366 3498; baseline -0.005 -14"><span class='ocrx_word' id='word_1_223' title='bbox 201 3440 239 3484; x_wconf 72' lang='lat' dir='ltr'><strong>si</strong></span> <span class='ocrx_word' id='word_1_224' title='bbox 252 3455 435 3487; x_wconf 72' lang='lat' dir='ltr'><strong>verum</strong></span> <span class='ocrx_word' id='word_1_225' title='bbox 450 3440 541 3498; x_wconf 69' lang='lat' dir='ltr'><strong>nit,</strong></span> <span class='ocrx_word' id='word_1_226' title='bbox 555 3452 734 3483; x_wconf 74' lang='lat' dir='ltr'><strong>nonen</strong></span> <span class='ocrx_word' id='word_1_227' title='bbox 751 3452 854 3483; x_wconf 70' lang='lat' dir='ltr'><strong>etse</strong></span> <span class='ocrx_word' id='word_1_228' title='bbox 869 3434 1036 3483; x_wconf 73' lang='lat' dir='ltr'><strong>fletum</strong></span> <span class='ocrx_word' id='word_1_229' title='bbox 1055 3452 1082 3483; x_wconf 86' lang='lat' dir='ltr'><strong>e</strong></span> <span class='ocrx_word' id='word_1_230' title='bbox 1094 3435 1250 3487; x_wconf 70' lang='lat' dir='ltr'><strong>literis</strong></span> <span class='ocrx_word' id='word_1_231' title='bbox 1336 3432 1740 3497; x_wconf 66' lang='lat' dir='ltr'><strong>capt-‚Victorii</strong></span> <span class='ocrx_word' id='word_1_232' title='bbox 1751 3433 1868 3479; x_wconf 83' lang='lat' dir='ltr'><strong>edit.</strong></span> <span class='ocrx_word' id='word_1_233' title='bbox 1885 3431 2107 3479; x_wconf 71' lang='lat' dir='ltr'><strong>Plebeioe</strong></span> <span class='ocrx_word' id='word_1_234' title='bbox 2125 3434 2366 3497; x_wconf 61' lang='lat' dir='ltr'><strong>magistel-</strong></span> 
     </span>
    </p>

    <p class='ocr_par' dir='ltr' id='par_1_8' title="bbox 204 3511 2367 3660">
     <span class='ocr_line' id='line_1_29' title="bbox 204 3511 2367 3582; baseline -0.004 -16"><span class='ocrx_word' id='word_1_235' title='bbox 204 3519 528 3582; x_wconf 62' lang='lat' dir='ltr'><strong>naupactis</strong></span> <span class='ocrx_word' id='word_1_236' title='bbox 553 3532 648 3581; x_wconf 81' lang='lat' dir='ltr'><strong>pro</strong></span> <span class='ocrx_word' id='word_1_237' title='bbox 671 3516 859 3564; x_wconf 67' lang='lat' dir='ltr'><strong>Pisonis</strong></span> <span class='ocrx_word' id='word_1_238' title='bbox 886 3515 1098 3567; x_wconf 74' lang='lat' dir='ltr'><strong>numine.</strong></span> <span class='ocrx_word' id='word_1_239' title='bbox 1118 3518 1214 3565; x_wconf 81' lang='lat' dir='ltr'><strong>En.</strong></span> <span class='ocrx_word' id='word_1_240' title='bbox 1334 3512 1412 3560; x_wconf 68' lang='lat' dir='ltr'><strong>too</strong></span> <span class='ocrx_word' id='word_1_241' title='bbox 1457 3511 1527 3560; x_wconf 75' lang='lat' dir='ltr'><strong>ait</strong></span> <span class='ocrx_word' id='word_1_242' title='bbox 1573 3512 1745 3562; x_wconf 66' lang='lat' dir='ltr'><strong>[eciam</strong></span> <span class='ocrx_word' id='word_1_243' title='bbox 1793 3511 2129 3559; x_wconf 71' lang='lat' dir='ltr'><strong>venditurum.</strong></span> <span class='ocrx_word' id='word_1_244' title='bbox 2174 3540 2245 3559; x_wconf 71' lang='lat'><strong>--,</strong></span> <span class='ocrx_word' id='word_1_245' title='bbox 2292 3515 2367 3564; x_wconf 74' lang='lat' dir='ltr'><strong>De</strong></span> 
     </span>
     <span class='ocr_line' id='line_1_30' title="bbox 269 3589 2293 3660; baseline -0.002 -15"><span class='ocrx_word' id='word_1_246' title='bbox 269 3601 322 3645; x_wconf 74' lang='lat'><strong>⁸.</strong></span> <span class='ocrx_word' id='word_1_247' title='bbox 376 3596 603 3646; x_wconf 74' lang='lat' dir='ltr'><strong>Pisonis.</strong></span> <span class='ocrx_word' id='word_1_248' title='bbox 646 3596 704 3644; x_wconf 90' lang='lat' dir='ltr'><strong>C.</strong></span> <span class='ocrx_word' id='word_1_249' title='bbox 748 3592 1005 3660; x_wconf 82' lang='lat' dir='ltr'><strong>Calpurnii</strong></span> <span class='ocrx_word' id='word_1_250' title='bbox 1056 3595 1250 3645; x_wconf 71' lang='lat' dir='ltr'><strong>Pisonis</strong></span> <span class='ocrx_word' id='word_1_251' title='bbox 1335 3591 1575 3649; x_wconf 74' lang='lat' dir='ltr'><strong>similibus</strong></span> <span class='ocrx_word' id='word_1_252' title='bbox 1592 3590 1872 3654; x_wconf 76' lang='lat' dir='ltr'><strong>elegantiis,</strong></span> <span class='ocrx_word' id='word_1_253' title='bbox 1898 3589 2006 3636; x_wconf 84' lang='lat' dir='ltr'><strong>vide</strong></span> <span class='ocrx_word' id='word_1_254' title='bbox 2026 3590 2155 3640; x_wconf 85' lang='lat' dir='ltr'><strong>Gell.</strong></span> <span class='ocrx_word' id='word_1_255' title='bbox 2175 3595 2224 3649; x_wconf 91' lang='lat'><strong>1,</strong></span> <span class='ocrx_word' id='word_1_256' title='bbox 2247 3610 2293 3654; x_wconf 83' lang='lat'><strong>7.</strong></span> 
     </span>
    </p>

    <p class='ocr_par' dir='ltr' id='par_1_9' title="bbox 205 3668 2369 3820">
     <span class='ocr_line' id='line_1_31' title="bbox 205 3668 2369 3741; baseline -0.001 -18"><span class='ocrx_word' id='word_1_257' title='bbox 205 3677 253 3723; x_wconf 80' lang='lat' dir='ltr'><strong>t..</strong></span> <span class='ocrx_word' id='word_1_258' title='bbox 266 3676 398 3735; x_wconf 77' lang='lat' dir='ltr'><strong>mii,</strong></span> <span class='ocrx_word' id='word_1_259' title='bbox 422 3676 605 3739; x_wconf 74' lang='lat' dir='ltr'><strong>Frugi,</strong></span> <span class='ocrx_word' id='word_1_260' title='bbox 631 3675 879 3724; x_wconf 76' lang='lat' dir='ltr'><strong>Ciceronis</strong></span> <span class='ocrx_word' id='word_1_261' title='bbox 903 3676 1081 3739; x_wconf 77' lang='lat' dir='ltr'><strong>generi.</strong></span> <span class='ocrx_word' id='word_1_262' title='bbox 1105 3677 1249 3724; x_wconf 65' lang='lat' dir='ltr'><strong>Mne.</strong></span> <span class='ocrx_word' id='word_1_263' title='bbox 1414 3687 1435 3719; x_wconf 84' lang='lat'>1</span> <span class='ocrx_word' id='word_1_264' title='bbox 1450 3686 1494 3720; x_wconf 88' lang='lat'><strong>1.</strong></span> <span class='ocrx_word' id='word_1_265' title='bbox 1508 3670 1734 3741; x_wconf 82' lang='lat' dir='ltr'><strong>Efficere.</strong></span> <span class='ocrx_word' id='word_1_266' title='bbox 1750 3669 1810 3716; x_wconf 86' lang='lat' dir='ltr'><strong>Id</strong></span> <span class='ocrx_word' id='word_1_267' title='bbox 1828 3668 1967 3733; x_wconf 88' lang='lat' dir='ltr'><strong>qnod</strong></span> <span class='ocrx_word' id='word_1_268' title='bbox 1984 3669 2111 3718; x_wconf 81' lang='lat' dir='ltr'><strong>effici</strong></span> <span class='ocrx_word' id='word_1_269' title='bbox 2131 3688 2258 3737; x_wconf 83' lang='lat' dir='ltr'><strong>opus</strong></span> <span class='ocrx_word' id='word_1_270' title='bbox 2277 3685 2369 3732; x_wconf 74' lang='lat' dir='ltr'><strong>est,</strong></span> 
     </span>
     <span class='ocr_line' id='line_1_32' title="bbox 271 3749 2364 3820; baseline -0.001 -15"><span class='ocrx_word' id='word_1_271' title='bbox 271 3772 327 3819; x_wconf 68' lang='grc' dir='ltr'><strong>ς.</strong></span> <span class='ocrx_word' id='word_1_272' title='bbox 358 3756 521 3804; x_wconf 71' lang='lat' dir='ltr'><em>Volui</em></span> <span class='ocrx_word' id='word_1_273' title='bbox 534 3770 637 3805; x_wconf 75' lang='lat' dir='ltr'><strong>esse</strong></span> <span class='ocrx_word' id='word_1_274' title='bbox 654 3770 804 3818; x_wconf 72' lang='lat' dir='ltr'><strong>qnam</strong></span> <span class='ocrx_word' id='word_1_275' title='bbox 818 3754 1248 3820; x_wconf 67' lang='lat' dir='ltr'><strong>conpmaksbaos.</strong></span> <span class='ocrx_word' id='word_1_276' title='bbox 1337 3763 1393 3801; x_wconf 77' lang='lat' dir='ltr'><strong>nt</strong></span> <span class='ocrx_word' id='word_1_277' title='bbox 1432 3765 1526 3814; x_wconf 79' lang='lat' dir='ltr'><strong>ego</strong></span> <span class='ocrx_word' id='word_1_278' title='bbox 1561 3750 1616 3797; x_wconf 86' lang='lat' dir='ltr'><strong>in</strong></span> <span class='ocrx_word' id='word_1_279' title='bbox 1664 3750 1757 3798; x_wconf 73' lang='lat' dir='ltr'><strong>hac</strong></span> <span class='ocrx_word' id='word_1_280' title='bbox 1797 3749 1976 3801; x_wconf 67' lang='lat' dir='ltr'><strong>misero.</strong></span> <span class='ocrx_word' id='word_1_281' title='bbox 2017 3751 2211 3801; x_wconf 73' lang='lat' dir='ltr'><strong>flamna</strong></span> <span class='ocrx_word' id='word_1_282' title='bbox 2261 3768 2364 3803; x_wconf 77' lang='lat' dir='ltr'><strong>non</strong></span> 
     </span>
    </p>

    <p class='ocr_par' dir='ltr' id='par_1_10' title="bbox 204 3827 2339 3897">
     <span class='ocr_line' id='line_1_33' title="bbox 204 3827 2339 3897; baseline -0 -16"><span class='ocrx_word' id='word_1_283' title='bbox 204 3835 494 3884; x_wconf 60' lang='lat' dir='ltr'><strong>Discordia</strong></span> <span class='ocrx_word' id='word_1_284' title='bbox 523 3836 675 3897; x_wconf 77' lang='lat' dir='ltr'><strong>igitur</strong></span> <span class='ocrx_word' id='word_1_285' title='bbox 696 3833 880 3896; x_wconf 75' lang='lat' dir='ltr'><strong>aliquid</strong></span> <span class='ocrx_word' id='word_1_286' title='bbox 904 3833 1033 3881; x_wconf 85' lang='lat' dir='ltr'><strong>inter</strong></span> <span class='ocrx_word' id='word_1_287' title='bbox 1062 3834 1125 3895; x_wconf 90' lang='lat' dir='ltr'><strong>Q.</strong></span> <span class='ocrx_word' id='word_1_288' title='bbox 1155 3834 1250 3882; x_wconf 75' lang='lat' dir='ltr'><strong>sra-</strong></span> <span class='ocrx_word' id='word_1_289' title='bbox 1338 3828 1524 3897; x_wconf 71' lang='lat' dir='ltr'><strong>egeam.</strong></span> <span class='ocrx_word' id='word_1_290' title='bbox 1549 3827 2081 3896; x_wconf 62' lang='lat' dir='ltr'><strong>Man.-—Efficete.Ut</strong></span> <span class='ocrx_word' id='word_1_291' title='bbox 2099 3832 2339 3880; x_wconf 77' lang='lat' dir='ltr'><strong>restituar.</strong></span> 
     </span>
    </p>

    <p class='ocr_par' dir='ltr' id='par_1_11' title="bbox 206 3907 2424 4055">
     <span class='ocr_line' id='line_1_34' title="bbox 206 3907 2369 3973; baseline -0.001 -12"><span class='ocrx_word' id='word_1_292' title='bbox 206 3926 363 3973; x_wconf 73' lang='lat' dir='ltr'><strong>tren,</strong></span> <span class='ocrx_word' id='word_1_293' title='bbox 388 3925 444 3961; x_wconf 78' lang='lat' dir='ltr'><strong>et</strong></span> <span class='ocrx_word' id='word_1_294' title='bbox 462 3912 747 3963; x_wconf 77' lang='lat' dir='ltr'><strong>Terentiam</strong></span> <span class='ocrx_word' id='word_1_295' title='bbox 769 3914 1035 3961; x_wconf 79' lang='lat' dir='ltr'><strong>exstiterat.</strong></span> <span class='ocrx_word' id='word_1_296' title='bbox 1059 3917 1212 3963; x_wconf 73' lang='lat' dir='ltr'><strong>lunt.</strong></span> <span class='ocrx_word' id='word_1_297' title='bbox 1417 3926 1502 3958; x_wconf 81' lang='lat'><strong>12.</strong></span> <span class='ocrx_word' id='word_1_298' title='bbox 1525 3907 1687 3955; x_wconf 70' lang='lat' dir='ltr'><strong>Brevis</strong></span> <span class='ocrx_word' id='word_1_299' title='bbox 1703 3908 1997 3973; x_wconf 65' lang='lat' dir='ltr'><strong>exspectatio</strong></span> <span class='ocrx_word' id='word_1_300' title='bbox 2019 3920 2106 3961; x_wconf 78' lang='lat' dir='ltr'><strong>ese.</strong></span> <span class='ocrx_word' id='word_1_301' title='bbox 2143 3913 2267 3965; x_wconf 80' lang='lat' dir='ltr'><strong>Fore</strong></span> <span class='ocrx_word' id='word_1_302' title='bbox 2294 3927 2369 3958; x_wconf 81' lang='lat' dir='ltr'><strong>ar-</strong></span> 
     </span>
     <span class='ocr_line' id='line_1_35' title="bbox 278 3986 2424 4055; baseline -0.005 -11"><span class='ocrx_word' id='word_1_303' title='bbox 278 4012 368 4045; x_wconf 76' lang='lat' dir='ltr'><strong>to.</strong></span> <span class='ocrx_word' id='word_1_304' title='bbox 430 3995 609 4040; x_wconf 75' lang='lat' dir='ltr'><strong>Vicum</strong></span> <span class='ocrx_word' id='word_1_305' title='bbox 651 3993 981 4041; x_wconf 79' lang='lat' dir='ltr'><strong>venditur-am.</strong></span> <span class='ocrx_word' id='word_1_306' title='bbox 1022 3993 1092 4055; x_wconf 82' lang='lat' dir='ltr'><strong>Ut</strong></span> <span class='ocrx_word' id='word_1_307' title='bbox 1130 3991 1251 4051; x_wconf 82' lang='lat' dir='ltr'><strong>mihi</strong></span> <span class='ocrx_word' id='word_1_308' title='bbox 1338 3991 1519 4047; x_wconf 83' lang='lat' dir='ltr'><strong>bitror,</strong></span> <span class='ocrx_word' id='word_1_309' title='bbox 1563 3998 1618 4035; x_wconf 87' lang='lat' dir='ltr'><strong>ut</strong></span> <span class='ocrx_word' id='word_1_310' title='bbox 1657 3986 1796 4038; x_wconf 83' lang='lat' dir='ltr'><strong>brevi</strong></span> <span class='ocrx_word' id='word_1_311' title='bbox 1838 3987 2001 4035; x_wconf 79' lang='lat' dir='ltr'><strong>literas</strong></span> <span class='ocrx_word' id='word_1_312' title='bbox 2038 3998 2219 4035; x_wconf 72' lang='lat' dir='ltr'><strong>vestras</strong></span> <span class='ocrx_word' id='word_1_313' title='bbox 2244 3987 2369 4034; x_wconf 81' lang='lat' dir='ltr'><strong>acci·</strong></span> <span class='ocrx_word' id='word_1_314' title='bbox 2421 4008 2424 4009; x_wconf 40' lang='lat'><em>⁷</em></span> 
     </span>
    </p>

    <p class='ocr_par' dir='ltr' id='par_1_12' title="bbox 197 4069 1652 4138">
     <span class='ocr_line' id='line_1_36' title="bbox 197 4069 1652 4138; baseline -0.005 -16"><span class='ocrx_word' id='word_1_315' title='bbox 197 4074 481 4138; x_wconf 60' lang='lat' dir='ltr'><strong>lie-:uniam</strong></span> <span class='ocrx_word' id='word_1_316' title='bbox 503 4072 817 4136; x_wconf 69' lang='lat' dir='ltr'><strong>suppeditare</strong></span> <span class='ocrx_word' id='word_1_317' title='bbox 840 4072 1252 4137; x_wconf 66' lang='lat' dir='ltr'><strong>poesis.1nu.—</strong></span> <span class='ocrx_word' id='word_1_318' title='bbox 1340 4071 1487 4136; x_wconf 78' lang='lat' dir='ltr'><strong>piam.</strong></span> <span class='ocrx_word' id='word_1_319' title='bbox 1510 4069 1652 4116; x_wconf 64' lang='lat' dir='ltr'><strong>Mau.</strong></span> 
     </span>
    </p>

    <p class='ocr_par' dir='ltr' id='par_1_13' title="bbox 198 4142 2368 4216">
     <span class='ocr_line' id='line_1_37' title="bbox 198 4142 2368 4216; baseline -0.006 -15"><span class='ocrx_word' id='word_1_320' title='bbox 198 4155 573 4209; x_wconf 58' lang='lat' dir='ltr'><strong>ruditatem,</strong></span> <span class='ocrx_word' id='word_1_321' title='bbox 611 4163 670 4200; x_wconf 86' lang='lat' dir='ltr'><strong>nt</strong></span> <span class='ocrx_word' id='word_1_322' title='bbox 701 4152 997 4216; x_wconf 73' lang='lat' dir='ltr'><strong>elegantius,</strong></span> <span class='ocrx_word' id='word_1_323' title='bbox 1043 4151 1253 4200; x_wconf 75' lang='lat' dir='ltr'><strong>restituit</strong></span> <span class='ocrx_word' id='word_1_324' title='bbox 1417 4149 1497 4197; x_wconf 77' lang='lat'><strong>13.</strong></span> <span class='ocrx_word' id='word_1_325' title='bbox 1525 4146 1699 4197; x_wconf 76' lang='lat' dir='ltr'><strong>Libera</strong></span> <span class='ocrx_word' id='word_1_326' title='bbox 1726 4146 1907 4198; x_wconf 70' lang='lat' dir='ltr'><strong>civicas.</strong></span> <span class='ocrx_word' id='word_1_327' title='bbox 1936 4146 2020 4196; x_wconf 82' lang='lat' dir='ltr'><strong>Sui</strong></span> <span class='ocrx_word' id='word_1_328' title='bbox 2040 4143 2196 4206; x_wconf 68' lang='lat' dir='ltr'><strong>juris,</strong></span> <span class='ocrx_word' id='word_1_329' title='bbox 2237 4153 2290 4190; x_wconf 85' lang='lat' dir='ltr'><strong>ut</strong></span> <span class='ocrx_word' id='word_1_330' title='bbox 2314 4142 2368 4190; x_wconf 85' lang='lat' dir='ltr'><strong>in</strong></span> 
     </span>
    </p>
   </div>
  </div>
 </body>
</html>
