3023 4773
599 369 736 440 310
1220 377 1316 443 M.
1368 377 1445 443 T.
1499 378 2080 446 CICERONIS

589 568 862 587 mm
867 569 2151 593 mmmmmmmmmm
2156 568 2337 591 mm
2342 569 2431 589 m
2438 569 2520 587 m
2534 568 2625 587 m
2631 568 2721 587 m

1220 751 1825 832 EPISTOLA
1895 752 2082 831 XV.

589 926 782 983 Asiam
826 927 1184 1003 provinciam
1234 927 1452 1000 Quinto
1491 929 1655 987 fratri
1698 927 1974 1008 obtigisse
2019 930 2266 986 nuntiat.
2305 925 2459 996 Quid
2496 924 2566 982 de
2597 923 2719 980 suis

669 1021 951 1081 mandatis
978 1036 1036 1080 et
1062 1022 1135 1080 de
1156 1024 1331 1081 Attici
1353 1025 1534 1104 ipsius
1556 1026 1792 1103 negotio
1817 1039 2009 1084 actum
2030 1025 2133 1098 sit,
2163 1037 2227 1082 ut
2258 1021 2471 1083 scribat
2487 1065 2504 1092 ,
2532 1032 2714 1098 rogat.

670 1118 923 1195 (Romae,
947 1140 1099 1178 anno
1128 1125 1200 1205 U.
1220 1124 1285 1180 C.
1315 1122 1430 1199 692
1449 1165 1466 1194 ‚
1500 1142 1695 1181 mense
1729 1124 1981 1195 martin.)

1242 1313 1560 1378 CICERO
1606 1314 1922 1379 A'l'rlco
1971 1315 2035 1378 S.

685 1466 916 1531 Asum
941 1473 957 1504 ¹
1009 1463 1319 1553 Quinto,
1348 1466 1768 1536 suavissimo
1793 1464 2033 1553 fratri,
2060 1464 2402 1561 obtigisse
2430 1458 2721 1530 audisti:

594 1596 742 1642 non
814 1575 1009 1642 enim
1069 1571 1364 1661 dubim,
1435 1577 1618 1672 quin
1679 1575 1982 1648 celerius
2043 1574 2174 1646 tibi
2234 1572 2377 1644 hoc
2434 1593 2722 1652 rumor,

599 1707 818 1779 quam
847 1682 1060 1754 ullius
1081 1697 1413 1755 nostrum
1439 1685 1662 1756 literae
1691 1686 2111 1756 nuntiarint.
2142 1688 2355 1756 Nunc
2380 1681 2726 1778 quoniam

598 1806 671 1862 et
708 1790 936 1864 laudis
966 1792 1354 1865 avidissimi
1393 1819 1680 1891 semper
1715 1795 2018 1883 fuimus,
2062 1810 2135 1867 et
2164 1807 2421 1893 praeter
2448 1805 2729 1862 ceteros

595 1902 988 1990 ‹pammeg‘
1038 1914 1112 1970 et
1151 1925 1402 1971 sumus
1455 1913 1529 1972 et
1564 1899 1956 1987 habemur,
2011 1915 2085 1971 et
2125 1899 2522 1969 multorum
2565 1893 2729 1965 odia

596 2018 814 2099 atque
859 2006 1261 2078 inimicitias
1309 2006 1721 2105 reipublicae
1771 2030 1981 2078 causa
2034 2005 2521 2104 suscepimus;
2566 2030 2759 2082 παν-,

597 2112 768 2190 wine
798 2113 1017 2205 ἀρετῆς
1047 2118 1379 2208 μιμνήσκεο
1398 2110 1453 2201 ³,
1490 2136 1807 2209 curaque
1857 2109 2099 2199 effice,
2141 2124 2223 2179 ut
2259 2107 2350 2180 ab
2388 2104 2731 2179 omnibus

598 2232 670 2289 et
715 2218 1116 2310 laudemur,
1150 2237 1224 2293 et
1259 2247 1611 2293 amemur.
1648 2225 1776 2292 His
1806 2221 1897 2293 de
1933 2219 2155 2293 rebus
2185 2219 2391 2317 plura
2419 2216 2509 2287 ad
2547 2231 2619 2287 te
2654 2220 2728 2285 in

598 2352 680 2399 ea
718 2331 1019 2428 epistola
1054 2331 1400 2421 scribam,
1440 2357 1657 2430 quam
1695 2332 1830 2430 ipsi
1873 2331 2152 2422 Quinto
2180 2326 2392 2400 dabo,
2425 2330 2534 2398 Tu
2576 2350 2731 2408 me,

598 2438 846 2526 velim,
875 2443 1256 2513 certiorem
1292 2441 1506 2513 facias
1526 2496 1545 2528 ‚
1566 2442 1745 2539 quid
1764 2442 1856 2513 de
1883 2442 2061 2512 meis
2087 2438 2443 2511 mandatis
2469 2437 2734 2535 egeris,

602 2562 824 2644 atque
859 2553 1073 2620 etiam
1095 2605 1115 2636 ‚
1143 2548 1322 2649 quid
1351 2551 1441 2621 de
1489 2566 1620 2622 tuo
1656 2554 2006 2651 negotio‘·.
2037 2553 2218 2621 Nam
2249 2563 2331 2618 ut
2352 2546 2733 2618 Brundisio

606 2655 974 2754 profectus
1012 2685 1124 2748 es,
1163 2660 1378 2746 nullae
1428 2662 1605 2736 mihi
1654 2661 1783 2734 abs
1819 2677 1890 2734 te
1935 2676 2110 2733 sunt
2154 2658 2450 2731 redditae
2482 2656 2728 2728 literae.

602 2768 826 2840 Valde
856 2794 1036 2841 aveo
1063 2773 1273 2859 scire,
1317 2772 1495 2870 quid
1529 2797 1712 2871 agas.
1760 2771 2015 2844 Idibus
2056 2785 2264 2843 mart.

675 3007 719 3039 1.
746 2990 939 3040 Asiam.
959 2994 1051 3041 Per
1076 2994 1244 3050 Asiam
1259 3005 1420 3046 antem
1439 2993 1619 3042 intelli-
1778 3009 1831 3043 2.
1859 2993 2144 3049 Φιλίλληνις.
2173 2990 2391 3040 studiosi
2426 2991 2727 3036 Graecorum.

598 3070 728 3131 gitur
765 3068 847 3118 illa
875 3073 1083 3122 Minori·
1122 3077 1249 3124 Asia:
1272 3090 1416 3139 pm,
1443 3089 1555 3137 quae
1590 3089 1619 3120 ι
1705 3072 1833 3121 Vide
1860 3073 1964 3122 Cio.
1987 3084 2112 3122 orat.
2135 3087 2227 3136 pro
2256 3070 2445 3130 Flaccoe

599 3149 831 3196 Romanis
871 3151 923 3198 in
961 3155 1230 3222 provincie
1276 3154 1478 3201 formam
1519 3164 1621 3201 erat
1781 3155 1829 3200 3.
1856 3149 2084 3208 Παντοίης
2111 3148 2278 3218 ἀρετ-ἧς
2314 3144 2582 3216 μιμνήσκεο.
2612 3148 2726 3192 Om-

597 3226 805 3277 redaetn.
842 3233 980 3280 Hane
1010 3242 1182 3295 poste·
1210 3231 1472 3279 triennium
1493 3247 1616 3295 pre·
1708 3231 1922 3282 m‘modae
1937 3230 2134 3278 virtutis
2151 3228 2465 3277 reminiscere.
2482 3227 2606 3274 Sunt
2622 3241 2729 3270 ver·

599 3317 676 3353 tor
709 3308 941 3373 obtinuit,
958 3327 1110 3374 quum
1136 3315 1195 3359 1..
1218 3312 1393 3360 Flacco
1419 3329 1620 3360 uueees-
1710 3312 1771 3359 ba
1797 3309 2002 3359 Achillis
2044 3313 2303 3359 nectorem
2345 3305 2633 3368 alloquentis
2677 3304 2730 3351 in

599 3387 752 3436 nisset.
777 3388 904 3437 Vide
941 3390 1080 3456 epist.
1117 3409 1136 3438 1
1169 3391 1233 3439 ad
1255 3392 1496 3458 Quintum
1524 3393 1618 3453 fra·
1708 3392 1818 3456 ipso
1839 3405 2011 3455 agone.
2033 3388 2177 3436 Iliad.
2196 3389 2376 3446 xxn,
2403 3385 2519 3433 268.

603 3475 736 3514 trem.
761 3470 856 3518 Eu.
1785 3479 1831 3527 4.
1860 3468 2085 3535 Negotia.
2106 3468 2296 3532 Nempe
2323 3463 2575 3531 Sicyonio.
2608 3463 2695 3509 En.
