3023 4773
594 386 687 478 74
1228 386 1324 451 M.
1377 386 1453 452 T.
1509 385 2062 454 CICERONIS

587 528 780 589 reor,
809 526 900 573 ne
921 506 1072 600 jam
1102 502 1278 573 mihi
1298 528 1670 601 superesse
1695 503 1916 576 verba
1944 517 2180 601 puteS‚
2207 527 2370 599 quae
2403 502 2728 575 dixeram

587 613 946 686 defutura.
983 614 1435 686 Commendo
1496 614 1628 686 tibi
1662 615 2067 698 hominem,
2118 613 2302 682 sicut
2352 612 2728 709 intelligis,

589 747 732 809 me,
760 722 849 794 de
877 748 1027 819 quo
1061 747 1144 795 ea
1171 748 1389 821 supra
1418 727 1824 824 scripserim
1843 780 1862 813 ‚
1891 721 2157 795 debere
2182 722 2727 811 commendare3

591 858 634 902 a
668 848 886 929 teque
914 833 1379 905 vehementer
1416 837 1631 905 etiam
1668 851 1887 932 atque
1917 834 2133 905 etiam
2167 847 2364 929 peto,
2388 846 2496 917 ut,
2521 831 2728 927 quod

586 941 809 1013 habet
863 944 936 1012 in
982 959 1104 1015 tua
1152 946 1530 1041 provincia
1566 946 1867 1041 negotii,
1920 941 2292 1041 expedias3
2347 939 2551 1037 quod
2593 939 2729 1009 tibi

498 1128 504 1134 ,
584 1050 947 1123 videbitur
1005 1069 1281 1124 rectum
1341 1079 1530 1140 esse,
1579 1055 1712 1152 ipsi
1756 1054 1973 1124 dicae.
2030 1054 2414 1123 Hominem
2466 1048 2727 1134 facilli-

588 1187 789 1234 mum
839 1162 1563 1261 liberalissimumque
1613 1188 2022 1260 cognosces.
2066 1167 2322 1259 Itaque
2373 1176 2443 1230 te
2501 1184 2732 1257 rogo,

584 1286 670 1341 ut
700 1296 861 1343 eum
896 1273 1255 1361 solutum,
1292 1273 1635 1362 liberum,
1673 1273 2018 1345 confectis
2055 1272 2212 1366 ejus
2247 1272 2558 1368 negotiis
2592 1293 2731 1367 per

586 1396 697 1467 te,
742 1406 960 1478 quam
1005 1388 1318 1480 primum
1355 1383 1445 1454 ad
1493 1409 1607 1454 me
1644 1384 1987 1455 remittas.
2029 1379 2111 1452 Id
2154 1379 2334 1450 mihi
2370 1378 2734 1475 fratrique

587 1514 756 1561 meo
788 1490 1259 1585 gratissimum
1295 1488 1572 1565 feceris.

598 1712 1140 1741 mmmmm·
1149 1720 1331 1741 m
1338 1710 2719 1741 mmmmmmssmmmmm

1164 1894 1756 1990 EPISTOLA
1820 1910 2137 1989 LXIV.

588 2084 675 2147 Ti.
710 2090 941 2145 Nerone
978 2107 1083 2145 suo
1124 2084 1444 2145 honorifice
1496 2100 1776 2156 tractam,
1822 2086 2036 2164 gratias
2078 2084 2198 2161 agit
2243 2080 2422 2156 Silio,
2469 2104 2730 2160 eumque

626 2185 804 2262 magis
831 2196 889 2242 ct
915 2184 1305 2243 vehementius
1335 2184 1717 2243 commendat.
1741 2184 1856 2260 (Ex
1882 2182 2116 2253 Cilicia,
2136 2202 2289 2239 anno
2323 2186 2392 2241 U.
2420 2185 2483 2240 C.
2513 2181 2676 2257 702.)

1028 2388 1119 2452 M.
1149 2388 1223 2451 T.
1260 2389 1329 2452 C.
1366 2389 1438 2452 P.
1475 2388 1696 2451 SILIO
1754 2385 2054 2450 PROPR.
2102 2384 2166 2449 S.
2207 2386 2284 2448 D.

682 2551 881 2618 Nssno
935 2561 1183 2620 meus¹
1241 2549 1576 2620 mirificas
1627 2548 1817 2645 apud
1868 2569 1984 2617 me
2042 2545 2174 2617 tibi
2220 2546 2480 2641 gratias
2531 2545 2729 2640 egit,

585 2659 881 2758 prorsus
920 2662 1419 2752 incredibiles,
1464 2679 1548 2734 ut
1579 2663 1863 2734 nullum
1910 2661 2265 2731 honorem
2297 2658 2434 2729 sibi
2473 2656 2730 2728 haberi

583 2775 902 2867 potuisse
930 2772 1198 2845 diceret
1217 2830 1235 2861 ‚
1263 2777 1385 2872 qui
1416 2800 1456 2845 a
1489 2790 1560 2845 te
1597 2774 2113 2870 praetermissus
2138 2784 2344 2840 esset.
2373 2772 2724 2864 Magnum

585 2879 901 2952 fructum
927 2907 1015 2953 ex
1043 2885 1200 2980 ipso
1227 2887 1502 2983 capies:
1540 2884 1716 2954 nihil
1749 2897 1854 2954 est
1883 2884 2072 2953 enim
2107 2879 2230 2950 illo
2266 2873 2731 2950 adolescente

585 2995 874 3088 gratius.
920 2995 1062 3066 Sed
1097 2995 1513 3094 mehercule
1549 2991 1723 3064 mihi
1760 3016 2057 3090 quoque
2093 2990 2574 3087 gratissimum
2610 2983 2725 3057 fe·-

661 3243 707 3275 1.
748 3230 875 3277 Nero
912 3246 1060 3278 meus.
1097 3231 1213 3278 Non
1238 3228 1487 3292 vulgarem
1520 3228 1606 3275 be·
1694 3227 1811 3274 saris
1837 3221 2174 3274 Alexandrino
2203 3221 2370 3270 bello:
2411 3219 2639 3284 pontifex
2671 3218 2734 3266 iu

582 3306 867 3356 nivolemiae
889 3307 1295 3373 significationem
1321 3308 1468 3354 habet
1491 3323 1607 3371 pro·

585 3401 765 3433 nomen
780 3405 823 3434 m
829 3404 924 3438 eus.
953 3390 1044 3436 uic
1057 3400 1129 3436 est
1139 3390 1199 3437 T.
1213 3387 1385 3436 Claudi
1390 3404 1447 3434 us
1457 3387 1609 3445 Nero,

585 3466 726 3523 cnjus
759 3470 960 3514 uxorem
1000 3467 1182 3514 Liviam
1214 3465 1474 3514 Drusillam
1507 3467 1608 3512 Au-

588 3553 757 3604 gustus
797 3556 965 3606 postea
1010 3557 1341 3611 praegnantem
1384 3543 1607 3592 abduxit.

587 3622 956 3671 Matrimonium
974 3626 1146 3675 Tulli-*e
1163 3661 1177 3685 ,
1201 3625 1454 3674 Ciceronis
1477 3623 1609 3682 fluae,

588 3701 685 3748 hoc
713 3702 824 3764 ipso
855 3713 1073 3766 tempore
1101 3706 1293 3753 videtur
1315 3705 1603 3769 expetiisse:

588 3796 679 3827 nec
708 3781 946 3828 recusavit
981 3783 1179 3841 Cicero,
1217 3785 1326 3844 sed,
1369 3798 1494 3847 quos
1524 3783 1610 3829 ho·

590 3858 746 3905 mines
786 3874 840 3906 ea
875 3858 935 3906 de
969 3871 1021 3907 re
1057 3861 1123 3908 ad
1155 3878 1358 3911 uxorem
1384 3871 1433 3909 et
1459 3859 1609 3908 filiam

592 3939 812 3995 miserat,
862 3940 895 3984 ii
942 3942 1145 3987 Romam
1189 3953 1424 3990 venerunt
1471 3942 1611 3988 sactis

592 4034 705 4065 cnm
731 4017 983 4065 Dolabella
1017 4020 1350 4082 sponsalibus,
1376 4021 1521 4084 epist.
1547 4021 1609 4079 6,

594 4098 788 4157 lib.V1,
827 4097 891 4145 ad
917 4102 1020 4146 Ait.
1044 4100 1269 4161 Quaestor
1297 4102 1390 4148 tuit
1416 4101 1475 4148 C.
1502 4102 1610 4148 (2ae-

1693 3305 1857 3353 locum
1888 3308 1944 3354 Ρ.
1971 3305 2218 3368 Scipionis
2243 3301 2565 3348 substitutus:
2588 3296 2735 3345 eolo·

1695 3386 1798 3432 nias
1826 3385 2106 3432 Narbonem
2137 3395 2187 3430 et
2213 3381 2408 3429 Arelate
2435 3379 2605 3427 duxit:
2643 3391 2736 3424 oc-

1698 3464 1798 3512 ciso
1819 3466 2004 3512 Caesare
2020 3498 2034 3522 ,
2067 3463 2126 3510 de
2151 3462 2362 3526 praemiis
2385 3454 2733 3523 tyrannicida-

1695 3559 1804 3591 rum
1848 3537 2151 3590 referendum
2195 3540 2385 3588 censuit
2409 3554 2421 3586 :
2463 3546 2732 3600 praetnram

1699 3624 1868 3687 gessit:
1894 3622 2139 3670 Antonios
2170 3622 2222 3667 in
2251 3618 2553 3666 dissensione
2588 3611 2734 3661 civili

1696 3712 1930 3765 aequum:
1955 3711 2053 3748 est:
2072 3711 2326 3763 postremo
2355 3711 2473 3759 pace
2504 3695 2624 3740 sacta
2640 3725 2654 3747 ,
2671 3691 2734 3740 iu

1696 3780 1881 3827 Urbem
1927 3795 2144 3826 reversus
2164 3811 2179 3836 ,
2228 3792 2431 3823 uxorem
2470 3787 2604 3819 snam
2649 3771 2738 3817 Li-

1700 3860 1829 3907 viam
1845 3891 1860 3917 ,
1888 3871 1999 3907 ante
2017 3861 2115 3920 jam
2134 3855 2385 3906 Tiberium
2401 3889 2416 3913 ‚
2446 3854 2532 3915 qui
2556 3857 2737 3914 postea

1701 3940 1964 4003 imperator
1990 3938 2112 3994 snit,
2151 3937 2367 3988 enixam,
2405 3930 2591 3996 petenti
2627 3930 2742 3975 Au-

1701 4029 1843 4081 guno
1860 4018 2098 4065 concessit
2118 4030 2132 4064 ;
2158 4029 2247 4063 nec
2272 4012 2430 4060 multo
2452 4020 2566 4075 post
2586 4026 2613 4054 e
2632 4010 2740 4056 vita

1701 4098 1859 4144 cessit.
1885 4099 2018 4143 Nero
2044 4095 2276 4144 Sabinum
2305 4088 2606 4139 vocabulum
2629 4097 2731 4146 est,
