3023 4773
708 443 848 514 δια
1338 445 1435 511 Μ.
1490 445 1566 510 Τ.
1623 441 2180 511 CICERONIS

699 592 826 656 e0,
877 590 1026 661 quo
1077 562 1403 635 adstricti
1438 588 1729 649 sumus,
1767 564 1983 634 laxari
2019 558 2295 658 aliquid
2341 558 2578 630 velim.
2629 560 2852 631 Illum

703 672 995 747 autem4
1050 672 1279 743 multa
1331 670 1420 743 de
1480 674 1628 744 istis
1674 671 1893 743 rebus
1943 674 2265 769 asperius
2315 671 2549 742 solere
2600 671 2850 767 loqui,

705 809 1085 883 saepesum
1114 798 1486 880 expert1153
1520 807 1704 879 saepe
1736 784 1950 853 etiam
1980 782 2192 852 lenivi
2227 783 2508 851 iratum.
2546 781 2632 851 Id
2666 787 2850 852 scire

704 910 775 966 te
830 892 1161 963 arbitror.
1224 898 1308 963 In
1366 891 1500 963 hac
1551 907 1790 962 autem
1841 892 2460 990 peregrinatione,
2496 892 2848 963 militiave

702 1020 951 1075 nostra
992 1021 1177 1101 saepe
1213 1005 1590 1074 incensum
1629 1006 1734 1072 ira
1769 1000 1950 1090 vidi,
1987 1026 2175 1098 saepe
2220 1000 2605 1098 placatum.
2651 1001 2849 1092 Quid

702 1112 793 1185 ad
852 1113 1153 1184 Statium
1210 1113 1606 1208 scripserit,
1663 1113 1928 1182 nescio.
1986 1108 2361 1206 Quidquid
2407 1125 2706 1182 acturus
2755 1111 2846 1183 de

701 1224 825 1294 tali
869 1248 946 1293 re
991 1220 1163 1308 fuit,
1199 1219 1662 1292 scribendum
1701 1236 1942 1291 tamen
1981 1219 2070 1291 ad
2111 1218 2453 1290 libertum
2491 1245 2649 1290 non
2683 1219 2842 1291 fuit.

701 1332 882 1404 Mihi
936 1346 1178 1401 autem
1237 1330 1373 1400 erit
1424 1319 1733 1401 maxime
1790 1355 2018 1418 curae,
2061 1354 2154 1400 ne
2204 1327 2383 1425 quid
2431 1327 2559 1399 fiat
2595 1354 2842 1418 secus»,

700 1466 920 1537 quam
975 1440 1353 1524 volumus»,
1413 1464 1779 1537 quamque
1830 1453 2142 1536 oportet.
2204 1441 2353 1511 Nec
2405 1442 2573 1511 satis
2616 1456 2730 1512 est
2771 1443 2840 1511 in

700 1548 1062 1645 ejusmodi
1097 1573 1177 1620 re
1197 1602 1216 1635 ,
1243 1572 1318 1619 se
1346 1573 1714 1645 quemque
1744 1562 2079 1646 praestare
2098 1545 2164 1637 ⁵3
2198 1546 2570 1618 maximae⁶
2602 1565 2842 1647 partes

703 1662 906 1730 istius
956 1656 1178 1729 officii
1233 1672 1404 1728 sunt
1461 1661 1669 1754 pueri
1721 1660 2134 1745 CiceroniS,
2198 1659 2538 1756 sivebjam
2593 1660 2838 1731 adole-

704 1769 966 1839 scentis
1001 1794 1016 1836 :
1058 1767 1258 1864 quod
1311 1764 1611 1863 quidem
1664 1761 1864 1837 ilium
1913 1767 2112 1839 soleo
2158 1767 2454 1839 hortari.
2510 1774 2615 1840 Ac
2666 1772 2839 1841 mihi

702 1879 986 1952 videtur
1022 1892 1321 1948 matrem
1364 1874 1605 1964 valde,
1653 1892 1735 1948 ut
1768 1877 2026 1966 debet,
2064 1904 2337 1965 amare,
2376 1894 2602 1976 teque
2644 1885 2834 1951 mirir

701 1990 856 2061 fiee.
887 1986 1023 2061 Sed
1053 2001 1162 2058 est
1193 2011 1532 2085 magnum
1560 1985 1736 2057 inud
1767 1987 2098 2084 quidem,
2127 2003 2632 2059 verumtamen
2658 1990 2840 2061 mul·

700 2100 924 2197 tiplex
977 2099 1184 2195 pueri
1227 2098 1655 2195 ingenium:
1702 2117 1853 2195 quo
1899 2122 2034 2197 ego
2080 2096 2401 2196 regendo
2434 2094 2684 2170 habeo
2721 2127 2838 2172 ne-

698 2210 874 2307 gotii
916 2211 1110 2281 satis.
1163 2209 1526 2301 Quoniam
1578 2208 1923 2305 respondi
1962 2211 2345 2306 ,postremae
2388 2210 2530 2279 tuae
2564 2212 2837 2307 pagina:

704 2322 934 2420 prima
988 2343 1188 2407 mea;
1240 2342 1437 2389 nunc
1487 2317 1577 2389 ad
1635 2321 1937 2416 primam
1989 2332 2309 2390 revertar
2357 2333 2583 2389 tuam.
2634 2319 2835 2391 Pelo·

703 2431 1086 2530 ponnesias
1139 2429 1458 2500 civitates
1517 2452 1771 2500 omnes
1829 2432 2224 2499 maritimas
2274 2454 2467 2513 esse,
2518 2430 2836 2501 hominis

699 2566 852 2611 non
889 2563 1203 2636 nequam
1230 2592 1250 2626 ,
1284 2536 1409 2609 sed
1448 2538 1663 2607 etiam
1697 2552 1826 2608 tuo
1859 2538 2135 2632 judicio
2172 2538 2500 2636 probati,
2537 2543 2838 2611 Dicaear-

701 2651 818 2723 chi
865 2649 1128 2720 tabulis
1173 2645 1466 2718 credidi.
1522 2652 1591 2717 Is
1636 2647 1876 2717 multis
1915 2648 2370 2737 nominibus,
2405 2652 2485 2718 in
2510 2650 2837 2747 Tropho-

698 2767 910 2832 niana
932 2759 1304 2831 Chaeronis
1323 2768 1349 2812 ⁷
1372 2759 1781 2828 narratione
1800 2812 1819 2844 ,
1842 2762 2124 2829 Graecos
2144 2758 2217 2827 in
2236 2783 2323 2829 eo
2343 2759 2836 2857 reprehendit,

700 2870 901 2969 quod
958 2890 1152 2938 mare
1210 2883 1357 2938 tam
1409 2868 1701 2964 sequuti
1747 2862 2001 2954 sunt83
2045 2891 2179 2938 nec
2226 2867 2459 2939 ullum
2508 2871 2586 2938 in
2636 2865 2836 2940 Pelo-

700 3003 1031 3079 ponneso
1087 2978 1328 3048 locum
1381 2978 1668 3073 excipit.
1721 2979 1968 3068 Quum
2012 2976 2188 3046 mihi
2230 2992 2482 3048 auctor
2520 2979 2838 3076 placeret

700 3087 1021 3180 (etenim
1075 3098 1226 3153 erat
1285 3086 1759 3177 ἱστορικώτατσς
1780 3093 1836 3168 9,
1898 3097 1973 3152 et
2023 3083 2297 3153 vixerat
2347 3085 2420 3153 in
2470 3084 2837 3182 Pelopon-

700 3195 966 3285 neso),
1001 3190 1407 3262 admirabar
1442 3206 1725 3278 tamen;
1762 3208 1868 3277 et,
1906 3196 2026 3263 vix
2053 3193 2475 3281 accredenS,
2514 3213 2838 3267 commu-

701 3307 928 3376 nicavi
976 3327 1143 3372 cum
1186 3303 1557 3398 Dionysio.
1597 3306 1834 3399 Atque
1866 3307 1927 3374 is
1967 3308 2201 3401 primo
2238 3320 2346 3375 est
2381 3314 2838 3393 commotus;

698 3413 999 3501 deinde,
1054 3410 1256 3508 quod
1317 3427 1472 3482 tum
1530 3412 1620 3484 de
1678 3414 1813 3484 isto
1865 3415 2357 3488 Dicaearcho¹0
2396 3442 2550 3487 non
2588 3421 2833 3487 minus

776 3594 823 3641 4.
848 3583 995 3632 Illum
1017 3592 1200 3629 autem.
1229 3582 1485 3643 Quintum.
1513 3583 1656 3629 Man.
1808 3581 1868 3638 εἰς
1888 3582 2155 3650 Τροφώνὶου
2181 3578 2517 3641 καταῧάσεως.
2539 3585 2827 3635 Athenaeus.

769 3665 817 3712 5.
838 3664 899 3709 Se
922 3677 1161 3727 quemque
1181 3671 1434 3724 praestare.
1471 3661 1531 3707 Se
1557 3659 1716 3723 ipsum
1805 3663 1951 3710 ΜΔΝ.
1972 3691 2043 3700 -
2060 3663 2185 3722 Alii,
2210 3656 2458 3712 Charonis.
2480 3666 2529 3712 J.
2548 3665 2611 3711 V.
2633 3668 2686 3713 L.

696 3759 865 3791 curare
891 3754 948 3790 ut
983 3739 1197 3789 officium
1238 3739 1404 3796 saciat,
1450 3737 1536 3785 sed
1575 3738 1718 3786 etiam
1880 3741 1927 3788 8.
1954 3741 2142 3789 Ernest.
2171 3752 2310 3805 putat
2336 3741 2680 3805 corrigendum
2708 3742 2835 3792 sint.

658 3840 661 3841 ⁷
698 3821 1023 3879 contendere,
1045 3831 1100 3867 ut
1125 3820 1208 3867 alii
1230 3818 1423 3866 saciant.
1458 3817 1576 3865 Son.
1805 3820 1860 3866 J.
1887 3822 1947 3866 V.
1969 3818 2024 3865 1..

771 3903 820 3949 6.
864 3900 1119 3948 Maximoe.
1154 3897 1282 3959 Alii,
1324 3913 1414 3945 «ac
1456 3896 1718 3944 maxime».
1878 3912 1927 3958 9.
1959 3884 2342 3965 Ῐστορικώτατος.
2379 3899 2609 3948 Historia·
2635 3902 2839 3966 peritis·

699 3984 731 4029 J
739 3983 827 4029 .V.
858 3982 914 4025 L.
1808 3976 1977 4024 simus.

774 4078 821 4120 7.
850 4056 1111 4105 Cha-mnis.
1131 4057 1416 4104 Chaeronem
1439 4055 1720 4119 loquentem
1888 4071 1970 4105 ιο.
2013 4054 2262 4105 Glossema
2284 4092 2298 4115 ,
2326 4055 2640 4117 Dicaearcho,
2666 4059 2842 4122 suspi-

698 4138 956 4188 induxemt
980 4133 1287 4181 Dicaearchus
1300 4136 1351 4181 in
1366 4134 1504 4182 libris
1518 4131 1719 4201 περὶτῆς
1810 4151 1918 4184 cor.
1939 4136 2084 4184 Mur.
