3023 4773
718 430 862 503 606
1361 431 1456 497 M.
1510 430 1590 498 T.
1642 429 2195 500 CICERONIS

720 553 973 627 fabrile
1014 551 1298 649 putavi;
1349 575 1548 621 nunc
1606 548 1818 621 video
1872 549 2164 620 Metelli.
2225 554 2287 619 Ο
2329 549 2761 649 dampnum&

721 660 1038 762 turpem!
1085 665 1265 731 Nam
1316 659 1495 731 illud
1536 659 1626 732 de
1670 660 1907 731 Flavio
1957 675 2029 730 et
2068 658 2298 747 fastiS‚
2344 662 2401 731 si
2444 687 2624 735 secus
2659 680 2761 747 est,

716 792 1103 843 commune
1150 781 1466 838 erratum
1508 781 1652 854 est3
1693 781 1766 838 et
1802 781 1884 837 tu
1923 765 2110 838 belle
2143 763 2546 864 ήπόρησας34,
2577 783 2637 838 et
2666 794 2762 839 nos

716 878 1080 979 publicam
1125 900 1356 974 prope
1394 877 1812 972 opinionem
1853 877 2142 972 sequuti
2175 900 2457 961 sumus,
2486 891 2560 946 ut
2588 879 2761 948 multa

715 985 910 1084 apud
939 987 1243 1054 Graecos.
1286 983 1462 1072 Quis
1513 982 1707 1051 enirn
1763 1006 1912 1050 non
1963 980 2175 1066 dixit,
2215 988 2512 1067 Εὔπολιν,
2558 988 2649 1054 τὸν
2686 998 2760 1063 τῆς

711 1092 969 1188 ἀρχαίας
989 1085 1079 1172 ⁸⁵,
1119 1086 1209 1158 ab
1253 1086 1662 1173 Alcibiade,
1705 1089 2085 1184 navigante
2134 1088 2210 1157 in
2257 1087 2587 1172 Siciliam,
2623 1088 2760 1182 deje-

639 1233 643 1237 ·
714 1216 911 1273 ctum
966 1221 1119 1269 esse
1179 1201 1253 1266 in
1302 1196 1540 1267 mare?
1589 1194 1974 1292 Redarguit
2018 1196 2557 1267 Eratosthenes:
2590 1195 2761 1267 adfert

710 1312 901 1383 enim
927 1364 945 1395 ,
970 1329 1147 1404 quas
1168 1306 1287 1376 ille
1319 1320 1482 1403 post
1520 1305 1593 1376 id
1620 1320 1905 1402 tempus
1939 1304 2213 1378 fabulas
2250 1306 2583 1377 docuerit.
2619 1311 2757 1377 Num

708 1419 977 1492 idcirco
1001 1418 1215 1488 Duris
1247 1418 1561 1504 SamiuS,
1589 1416 1810 1486 homo
1838 1418 1910 1485 in
1944 1415 2240 1487 historia
2263 1416 2591 1513 diligens,
2613 1415 2761 1512 quod

711 1555 880 1601 cum
935 1526 1180 1596 multis
1225 1529 1519 1610 erravit,
1563 1524 1943 1595 irridetur?
1991 1527 2175 1615 Quis
2215 1526 2589 1597 Zaleucum
2624 1525 2762 1620 leges

708 1638 955 1710 Locris
1013 1637 1377 1732 scripsisse
1424 1660 1572 1704 non
1626 1633 1843 1703 dixit?
1891 1659 2066 1702 num
2113 1636 2334 1731 igitur
2375 1639 2554 1732 jacet
2592 1635 2764 1704 Theo-

707 1748 1079 1848 phrastus,
1117 1747 1176 1815 si
1214 1745 1287 1814 id
1325 1770 1364 1815 a
1395 1747 1695 1830 Timaeo,
1736 1757 1865 1813 tuo
1906 1742 2265 1834 familiari,
2309 1746 2764 1843 reprehensum

706 1859 857 1930 est?
883 1856 1021 1928 Sed
1045 1855 1351 1939 nescire,
1384 1877 1736 1950 proavum
1767 1878 1977 1924 suum
2001 1878 2376 1946 censorem
2405 1881 2545 1926 non
2566 1854 2761 1934 fuisse,

704 1983 919 2064 turpe
946 1979 1086 2050 est3
1117 1965 1504 2062 praesertim
1535 1988 1763 2060 quum
1797 1980 1960 2060 post
1988 1990 2152 2035 eum
2181 1966 2576 2053 consulem,
2600 1989 2764 2036 nemo

705 2075 1085 2148 Cornelius
1105 2129 1122 2161 ,
1152 2073 1274 2143 illo
1302 2076 1464 2143 vivo
1483 2128 1499 2160 ,
1536 2098 1793 2143 censor
1819 2072 2058 2144 fuerit.

798 2182 1015 2276 Quod
1046 2181 1135 2254 de
1168 2183 1554 2255 Philotimo
1579 2237 1597 2268 ,
1627 2198 1698 2254 et
1731 2182 1820 2253 de
1850 2183 2211 2253 solutione
2242 2188 2399 2255 H-S
2422 2211 2511 2254 xx
2545 2209 2619 2255 nc
2644 2186 2765 2253 scri-

696 2295 850 2386 bis;
893 2294 1362 2366 Philotimum
1401 2295 1683 2363 circiter
1709 2291 1992 2363 kalend.
2016 2293 2294 2386 januar.
2326 2295 2401 2364 in
2433 2293 2765 2373 Chersone·

698 2432 858 2479 sum
885 2404 1102 2477 audio
1125 2407 1402 2474 venisse
1440 2433 1455 2472 :
1497 2428 1578 2473 ac
1603 2403 1780 2471 mihi
1812 2401 1903 2473 ab
1929 2429 2017 2473 eo
2038 2404 2217 2473 nihil
2242 2405 2504 2476 adhuc.
2524 2405 2763 2498 Reliqua

696 2543 856 2588 mea
882 2515 1221 2588 Camillus
1249 2511 1491 2584 scribit
1524 2539 1600 2584 se
1629 2515 1983 2611 accepisse
2002 2541 2021 2598 ς
2042 2539 2123 2585 ea
2149 2538 2312 2610 qua:
2341 2517 2514 2602 sint,
2554 2515 2762 2595 nesci0‚

697 2642 772 2698 et
801 2651 976 2696 aveo
1016 2626 1215 2694 scire.
1254 2629 1524 2694 Verum
1555 2623 1703 2693 haec
1744 2628 2099 2721 posterius
2141 2639 2213 2694 et
2250 2650 2490 2696 coram
2524 2624 2763 2696 fortasse

697 2734 1163 2808 commodius.
1184 2733 1367 2804 Illud
1391 2759 1508 2805 me
1529 2791 1547 2823 ,
1578 2734 1677 2802 mi
1706 2736 1937 2805 Attice
1957 2789 1975 2821 ,
2003 2738 2077 2803 in
2110 2749 2429 2807 extrema
2448 2734 2586 2806 fere
2611 2747 2763 2832 parte

694 2841 1013 2940 epistolae
1073 2843 1465 2911 commovit
1515 2869 1529 2909 ε
1583 2838 1833 2912 scribis
1889 2840 2083 2910 enim
2152 2841 2294 2925 sic,
2364 2844 2430 2913 τί
2485 2832 2765 2912 λοιπόνθὸἓ

692 2950 954 3022 deinde
996 2974 1111 3019 me
1154 2948 1489 3020 obsecras
1534 2951 2057 3037 amantissime,
2100 2975 2191 3020 ne
2228 2949 2599 3022 obliviscar
2633 2948 2766 3041 vigi·

691 3061 876 3149 lare,
934 3075 1007 3133 et
1057 3075 1139 3131 ut
1183 3059 1779 3147 animadvertam,
1839 3085 1997 3156 quae
2053 3058 2248 3129 fiant.
2289 3064 2481 3131 Num
2517 3056 2763 3157 quidde

692 3192 843 3264 quo
869 3166 1252 3237 inaudisti?
1280 3167 1412 3249 etsi
1433 3165 1614 3234 nihil
1633 3164 1988 3259 ejusmodi
2007 3179 2132 3235 est.
2162 3156 2474 3237 Πολλοῦ87
2499 3197 2564 3263 γε
2584 3167 2670 3236 καὶ
2683 3158 2762 3231 δεῖ.

690 3282 841 3349 Nec
879 3280 1073 3347 enim
1109 3300 1225 3346 me
1258 3272 1656 3362 fefellisset,
1693 3299 1830 3346 nec
1853 3274 2066 3345 fallet.
2086 3274 2224 3345 Sed
2262 3277 2392 3348 ista
2421 3275 2763 3348 admonitio

691 3405 813 3459 tua
870 3403 1019 3458 tam
1072 3399 1434 3471 accurata,
1495 3388 1738 3457 nescio
1790 3383 1966 3481 quid
2017 3385 2192 3454 mihi
2237 3387 2623 3485 significare
2655 3384 2764 3452 visa

691 3596 853 3644 dinem
872 3595 1057 3659 recepit
1076 3627 1091 3652 ,
1120 3592 1253 3640 nulla
1268 3594 1558 3640 auctoritate
1576 3626 1592 3651 ,
1616 3591 1710 3638 nisi
1798 3592 2030 3653 quoniam
2046 3593 2116 3639 sie
2131 3590 2324 3640 brevius
2338 3584 2526 3642 dIceba't
2546 3590 2766 3641 venustiu-

690 3691 790 3722 σοι.
822 3676 873 3722 J.
894 3675 958 3720 V.
984 3674 1036 3721 1..
1798 3687 1920 3734 que,
1947 3688 2092 3733 quam
2110 3674 2153 3718 si
2175 3672 2469 3735 scripoiuet,
2495 3673 2577 3720 -0
2607 3673 2763 3734 ignon-

761 3753 845 3800 83.
872 3754 916 3799 Ο
947 3747 1287 3817 ἀνιστορησὶαν.
1336 3750 1379 3795 Ο
1404 3746 1615 3795 historice
1639 3748 1712 3795 in-
1799 3749 1982 3798 tionem
2003 3750 2218 3798 historiae
2238 3754 2449 3817 turpem!
2467 3775 2493 3795 a
2524 3750 2741 3800 Ausum.

686 3829 904 3879 scitiam!
915 3832 1153 3879 Gruterus
1172 3828 1296 3876 iuud
1317 3829 1362 3876 Ο
1378 3827 1531 3874 literis
1553 3842 1712 3874 rom·-
1874 3832 1957 3884 84.
1985 3818 2255 3896 ἠπόρησα.
2275 3832 2530 3881 Dubitasti.

688 3908 767 3957 nis
794 3907 975 3966 edidit,
1000 3924 1106 3956 non
1134 3907 1320 3971 graecis.
1349 3910 1411 3956 Et
1442 3918 1572 3955 recte
1602 3909 1711 3971 qui-
1874 3905 1958 3956 85.
1986 3905 2074 3955 Τὸν
2101 3912 2179 3965 τῆς
2210 3907 2432 3977 ἀρχαίας.
2455 3910 2588 3958 Illum
2605 3907 2766 3969 (Eupo-

690 3986 817 4036 dem.
844 3985 963 4033 Non
988 3987 1116 4034 enim
1158 4002 1312 4050 greca
1351 3987 1425 4034 uti
1452 3986 1676 4034 oudone
1691 4019 1710 4047 ,
1798 3983 1911 4049 lim)
1940 4002 1999 4033 ex
2016 3987 2171 4035 veteri
2191 3989 2426 4037 comoedia
2449 3987 2683 4037 celebrem.

691 4066 771 4115 vel
798 4063 959 4130 phrasi
983 4064 1175 4111 Tullia·
1200 4066 1358 4112 voluit
1373 4099 1387 4120 ,
1410 4065 1495 4121 sed
1534 4064 1712 4124 latim,
1871 4065 1956 4113 86.
1972 4062 2029 4112 Τί
2050 4064 2229 4114 λοιπόν.
2258 4068 2392 4130 Quid
2415 4066 2655 4131 superest?

689 4142 875 4197 etiamsi
932 4155 1135 4207 graecam
1182 4142 1457 4190 adhibuerit
1504 4158 1672 4191 vocem
1693 4177 1710 4203 ‚
1875 4146 1957 4211 87.
1979 4148 2181 4195 Πολλοῦ.
2204 4147 2415 4195 Multum
2439 4145 2622 4212 quiden
2638 4142 2759 4190 :bett-
