3023 4773
576 381 721 467 3¹4
1217 388 1313 453 Μ.
1368 388 1443 453 Τ.
1495 388 2068 457 CICERONIS

565 503 1121 600 frugalissimum
1178 528 1546 601 quemque
1600 520 2054 578 secerneret:
2108 520 2190 575 ut
2235 510 2548 603 primum
2592 510 2706 602 ju·

570 612 765 684 dices
824 612 1357 702 consederunt,
1417 615 1627 688 valde
1682 613 2011 687 diffidere
2065 613 2244 686 boni
2301 634 2706 715 coeperunt.

567 727 733 795 Non
761 724 954 795 enim
987 748 1331 820 umquam
1365 729 1651 823 turpior
1673 731 1747 797 in
1776 723 1952 797 ludo
1980 725 2302 797 talario¹⁷
2328 748 2707 799 consessus

567 831 723 903 fuit.
746 833 1094 904 Maculosi
1121 849 1489 907 senatores
1510 831 1597 924 ¹3,
1628 836 1807 907 nudi
1833 836 2217 931 equites¹9,
2249 833 2520 906 tribuni
2550 862 2702 908 non

570 958 716 1013 tam
752 944 981 1031 aerati,
1025 968 1283 1039 quam,
1323 959 1405 1016 ut
1438 945 1921 1043 appellantur,
1964 945 2291 1015 aerarii20.
2345 949 2702 1017 Paucita-

571 1078 740 1123 men
780 1051 958 1125 boni
1003 1054 1322 1142 inerant,
1366 1080 1553 1151 quos
1596 1056 1990 1151 rejectione
2029 1052 2350 1151 fugare²¹
2394 1053 2509 1125 ifle
2550 1076 2700 1126 nou

572 1177 944 1260 potuerat;
974 1166 1100 1259 qui
1130 1166 1369 1234 moesti
1404 1167 1592 1236 inter
1626 1170 1737 1237 sui
1774 1163 2184 1252 dissimiles,
2212 1178 2285 1236 et
2312 1179 2707 1236 moerentes

574 1271 957 1358 sedebant,
1002 1288 1074 1344 et
1101 1276 1532 1373 contagione
1562 1274 2029 1373 turpitudinis
2058 1274 2525 1346 vehementer
2554 1299 2707 1372 per·

571 1380 1072 1453 movebantur.
1128 1385 1298 1471 Hic,
1349 1401 1433 1457 ut
1481 1410 1793 1483 quaeque
1839 1411 1955 1457 res
1995 1386 2083 1457 ad
2132 1387 2511 1463 consilium
2557 1389 2704 1482 pri·

570 1494 704 1565 mis
765 1493 1456 1590 postulationibus²²
1519 1494 2003 1583 referebatur,
2057 1494 2499 1566 incredibilis
2532 1509 2704 1577 ¹erat

570 1606 951 1691 severitas,
1008 1606 1207 1677 nulla
1247 1608 1589 1678 varietate
1635 1608 2201 1690 sententiarum3
2253 1604 2431 1675 nibil
2478 1608 2705 1702 impe-

571 1729 788 1786 trarat
807 1741 974 1788 reus
997 1744 1016 1807 ;
1048 1717 1207 1813 plus
1223 1719 1626 1787 accusatori
1646 1715 1980 1804 dabatur,
2002 1742 2223 1813 quam
2254 1715 2667 1814 postulabat
2686 1743 2706 1802 ;

571 1825 1066 1924 triumphabat
1118 1825 1346 1923 (quid
1388 1825 1751 1923 quaeris?)
1808 1829 2266 1908 Hortensius,
2314 1849 2390 1896 se
2448 1822 2709 1895 vidisse

571 1950 854 2008 tantum
877 1934 975 2006 ²³:
1012 1961 1231 2007 nemo
1265 1952 1453 2025 erat,
1478 1942 1607 2034 qui
1645 1936 1849 2008 illum
1878 1961 2085 2009 reum
2107 1989 2127 2020 ,
2155 1960 2238 2006 ac
2267 1960 2418 2005 non
2449 1933 2708 2006 millies

568 2045 1134 2117 condemnatum
1174 2044 1665 2119 arbitraretur.
1707 2053 1826 2119 Me
1864 2072 2035 2118 vero
2083 2061 2264 2118 teste
2303 2044 2663 2142 producto
2686 2099 2707 2128 ,

573 2153 790 2226 credo
833 2170 940 2242 te,
997 2180 1087 2226 ex
1129 2156 1641 2228 acclamatione
1695 2156 1927 2228 Clodii
1978 2156 2531 2239 advocatorum,
2575 2180 2704 2225 au-

570 2263 793 2349 disse,
843 2290 1003 2361 quae
1052 2268 1548 2339 consurrectio
1569 2265 1898 2361 judicum
1933 2264 2116 2337 facta
2149 2266 2274 2347 sit,
2311 2280 2394 2336 ut
2424 2288 2542 2335 me
2572 2265 2704 2335 cir-

573 2376 1112 2463 cumsteterint,
1171 2391 1255 2447 ut
1302 2391 1547 2475 aperte
1593 2376 1845 2475 jugula
1892 2400 2020 2447 sua
2070 2400 2207 2473 pro
2259 2399 2424 2446 meo
2471 2376 2707 2472 capite

1678 2591 1759 2637 hic
1798 2585 1955 2638 valere
2014 2606 2108 2637 aere
2164 2590 2324 2638 alieno
2387 2587 2707 2640 obstrictum:

1679 2667 1846 2718 infima
1876 2681 2039 2718 nutem
2074 2677 2124 2717 et
2172 2671 2475 2734 pauperrima
2523 2670 2707 2718 civium

572 2588 939 2653 frugalissimum
954 2604 1195 2652 quemque
1210 2601 1474 2650 servantes3
1490 2607 1590 2655 quo

573 2684 705 2716 nunc
732 2668 904 2718 Cicero
935 2669 1149 2734 respicit.
1173 2671 1390 2719 Castus.

649 2762 728 2808 ¹7·
756 2750 817 2794 In
840 2747 957 2795 ludo
981 2746 1180 2797 talario.
1212 2749 1377 2797 Ludus
1399 2750 1480 2797 hic
1505 2767 1587 2797 ac·

573 2827 754 2890 cipitur
778 2844 870 2891 pro
895 2826 1033 2888 loco,
1050 2829 1133 2878 ubi
1153 2830 1415 2878 convenire
1434 2830 1594 2878 soleut

572 2904 822 2954 aleatores.
850 2905 1079 2955 Telorum
1107 2919 1263 2957 tamen
1288 2909 1462 2968 ludus,
1491 2910 1593 2956 sive

574 2980 888 3053 ἀστραγάλων
906 3021 920 3044 ,
970 3001 1072 3034 nou
1114 2999 1185 3035 est
1220 2987 1594 3036 confundendus

573 3080 683 3111 cum
704 3065 955 3113 tesserario
971 3066 1110 3126 ludo,
1123 3068 1225 3115 sive
1241 3065 1452 3132 πιττιίᾳ.
1474 3068 1557 3115 In.

651 3145 730 3192 18.
768 3145 1014 3193 Maculou‘
1044 3160 1308 3193 senatores.
1351 3144 1593 3192 Maculosi

575 3234 687 3271 suut
723 3226 879 3274 notati
916 3241 944 3271 a
979 3225 1278 3272 censoribus.
1316 3226 1452 3271 Suet.
1489 3225 1591 3272 Jut.

581 3313 663 3360 4¹·
689 3302 848 3352 Tacit.
888 3303 1015 3350 Hist.
1064 3306 1086 3351 1
1106 3338 1120 3361 ,
1167 3319 1194 3361 7
1218 3339 1235 3365 ,
1278 3313 1328 3351 et
1376 3304 1454 3364 11,
1504 3310 1588 3359 ⁴0.

576 3383 745 3430 Guon.

650 3478 732 3524 19·
778 3461 916 3511 Nudi
958 3461 1158 3526 equites.
1206 3460 1393 3510 Nudati
1445 3477 1592 3525 opere

575 3542 812 3590 censorio.
842 3543 974 3588 Suet.
998 3541 1100 3590 Jul.
1129 3549 1210 3596 ιι.
1242 3543 1390 3587 Inus.

646 3635 730 3668 20.
758 3620 956 3668 Tribuni
976 3637 1073 3667 mm
1098 3615 1200 3667 tam
1217 3618 1363 3666 aeraeae'
1375 3652 1388 3673 ,
1413 3636 1591 3683 quam,

576 3711 629 3747 ue
652 3699 982 3762 appellamur,
1008 3699 1191 3748 oeran'i.
1222 3702 1330 3747 Hoc
1358 3709 1429 3746 est
1444 3733 1459 3757 ‚
1502 3700 1588 3746 tri-

571 3776 693 3825 buni
718 3793 819 3825 non
850 3787 949 3825 tam
983 3778 1217 3827 nummati
1251 3788 1416 3835 erant,
1443 3795 1589 3842 quam

571 3857 828 3905 nummi-it
855 3869 903 3904 et
938 3859 1157 3922 corrupti
1187 3875 1198 3906 :
1229 3857 1424 3905 aersrius
1460 3859 1588 3905 enim

564 3938 696 3985 -iuea
718 3937 920 3985 notione
933 3953 988 3983 ac
1007 3938 1159 3984 forma
1176 3953 1269 4000 qua
1293 3938 1588 3984 nummarius

574 4017 667 4064 dici
693 4033 780 4064 cur
800 4033 896 4064 non
924 4017 1403 4080 possit,'uihilcausae
1424 4018 1585 4065 video.

569 4101 854 4145 'sunnem—
881 4095 1178 4158 Mongaltius
1198 4109 1336 4161 putat
1357 4098 1583 4145 cerarium

1678 2748 1843 2796 classis
1868 2749 2166 2797 vocabantur
2192 2748 2376 2797 oerarii.
2402 2749 2609 2796 AEmeus
2631 2760 2706 2797 est

1682 2827 1819 2875 dives
1833 2863 1848 2888 ,
1874 2839 1929 2876 ut
1949 2828 2078 2892 apud
2100 2826 2339 2876 Plautum.
2361 2829 2461 2876 Eu.

1757 2923 1838 2954 αι.
1862 2908 2070 2973 Fugare.
2097 2904 2268 2954 Mallet
2307 2905 2441 2954 Mur.
2472 2903 2706 2971 effingere.

1756 3002 1844 3034 αα.
1875 2985 2052 3033 Primis
2073 2984 2501 3050 postulationibus.
2533 2987 2707 3033 Postu-

1682 3064 1802 3112 Iaeio
1815 3065 2015 3130 proprie
2035 3076 2152 3123 erat,
2162 3081 2312 3128 quum
2326 3075 2707 3128 accusatorprae·

1684 3154 1839 3191 torem
1877 3144 2042 3192 adibat
2076 3155 2277 3208 petens,
2317 3154 2371 3189 ut
2406 3143 2573 3190 liceret
2606 3141 2701 3188 sibi

1680 3238 1862 3271 nomeu
1888 3225 1991 3285 ejus
2008 3258 2024 3284 ,
2058 3240 2200 3287 quem
2227 3238 2449 3270 accusem
2477 3220 2698 3280 volebat,

1682 3302 1809 3349 iuter
1827 3318 1934 3350 reos
1949 3303 2146 3351 referre.
2158 3302 2253 3351 Hic
2274 3300 2415 3348 latius
2434 3299 2695 3363 accipitur.

1682 3381 1940 3445 Accipitur
1959 3384 2087 3429 euim
2115 3398 2208 3445 pro
2227 3379 2539 3444 petitionibus
2553 3413 2568 3435 ,
2585 3395 2699 3441 quae

1683 3458 1789 3508 fleri
1809 3461 1968 3508 solent
1989 3460 2050 3510 ab
2076 3473 2281 3523 utraque
2300 3469 2458 3524 parte,
2479 3457 2598 3504 dum
2622 3474 2698 3520 pn-

1682 3549 1791 3587 raut
1808 3555 1859 3585 se
1884 3538 1945 3586 ad
1973 3539 2132 3594 litem,
2155 3549 2273 3603 puta
2294 3549 2351 3585 ut
2370 3537 2512 3584 liceat
2540 3536 2701 3596 illum,

1680 3630 1763 3666 aut
1790 3618 1924 3666 illum
1955 3620 2043 3681 qui
2078 3618 2206 3666 absit
2234 3617 2499 3674 advocare,
2526 3626 2573 3662 et
2598 3618 2704 3676 ejus

1679 3698 1943 3746 adventum
1975 3703 2255 3761 exspectare
2272 3732 2288 3757 ,
2318 3708 2373 3743 ut
2398 3712 2459 3762 ne
2486 3694 2566 3742 ille
2584 3729 2598 3750 ,
2621 3705 2706 3742 aut

1677 3777 1760 3824 ille
1795 3777 1857 3824 sd
1886 3776 2148 3824 testimonii
2177 3777 2445 3824 dictionem
2469 3773 2701 3822 Admitta-

1680 3868 1771 3904 tur.
1811 3858 2025 3904 Cusus.
2054 3881 2121 3892 -
2147 3855 2358 3919 Quidam
2381 3855 2563 3902 habeut
2577 3854 2704 3918 peti-

1679 3936 1911 3991 tionibus,
1942 3951 2051 3998 quae
2077 3947 2150 3982 est
2174 3936 2350 3998 glossa.
2374 3938 2423 3982 J.
2438 3937 2499 3979 V.
2526 3936 2577 3980 1..

1754 4017 1833 4062 23.
1859 4013 1988 4062 Male
2010 4013 2302 4061 Gebhardus
2327 4013 2574 4078 praetulit,
2614 4035 2639 4052 ο·
2656 4028 2706 4058 se

1677 4096 1846 4144 vicisse
1878 4094 2070 4143 taudem
2086 4117 2127 4141 ι».
2149 4095 2197 4142 J.
2212 4097 2271 4139 V.
2295 4094 2344 4140 1..
