3023 4773
511 457 1028 530 EPISTOLAE
1091 457 1219 525 AD
1273 456 1767 536 ATTICUM,
1804 455 1952 535 vl,
2008 478 2071 520 2.
2222 449 2365 522 615

239 583 607 682 provincia
643 576 1030 678 perficere,
1062 591 1188 647 aut
1223 578 1295 645 in
1341 597 1566 672 regno
1604 576 1937 671 experiri.
1978 577 2196 645 Omni
2239 576 2369 670 igi-

239 708 360 764 tur
396 691 617 764 modo
661 691 772 788 egi
810 713 975 761 cum
1014 710 1223 785 rege,
1262 700 1336 757 et
1379 710 1515 782 ago
1558 683 1915 783 quotidie,
1961 709 2093 783 per
2132 681 2373 756 literas

237 804 531 876 scilicet.
582 806 830 898 Ipsum
880 799 1074 870 enim
1126 795 1447 867 triduum
1494 794 2051 893 quatriduumve
2086 819 2374 866 mecum

240 912 465 986 habui
520 911 957 985 turbulentis
1006 910 1083 979 in
1132 903 1458 992 rebus²⁵‚
1519 903 1790 1004 quibus
1842 930 2009 977 eum
2056 904 2374 976 liberavi.

242 1023 383 1096 Sed
412 1038 485 1095 et
512 1039 668 1095 tum
700 1043 1014 1118 praeseus
1036 1072 1056 1105 ‚
1092 1032 1161 1089 et
1196 1031 1449 1115 postea
1481 1014 1934 1086 creberrimis
1962 1039 2113 1085 nou
2139 1015 2379 1087 destiti

243 1157 501 1230 rogare
538 1147 611 1203 et
647 1145 893 1229 petere
938 1151 1099 1199 mea
1145 1150 1387 1215 causa,
1438 1123 1738 1205 suadere
1784 1141 1859 1195 et
1907 1125 2183 1197 hortari
2221 1151 2374 1200 sua.

243 1243 557 1313 Multum
589 1238 900 1339 profeci,
926 1236 1048 1309 sed
1081 1251 1434 1335 quantum
1456 1289 1475 1319 ‚
1502 1260 1654 1305 non
1671 1235 1930 1332 plane,
1966 1239 2136 1334 quia
2162 1236 2379 1335 longe

244 1351 499 1424 absum
524 1408 544 1439 ‚
596 1353 765 1422 scio.
819 1348 1240 1419 Salaminios
1294 1360 1536 1418 autem
1587 1346 1769 1440 (hos
1811 1350 2002 1444 enim
2050 1362 2379 1445 poteram

176 1533 185 1552 J
245 1461 627 1556 coercere)
664 1456 971 1544 adduxi,
1018 1471 1099 1528 ut
1135 1471 1372 1528 totum
1410 1479 1682 1526 nomen
1718 1458 2004 1554 Scaptio
2018 1455 2084 1502 ²⁶
2118 1457 2383 1532 vellent

244 1572 560 1654 solvere3
599 1566 726 1639 sed
762 1570 1168 1639 centesimis
1196 1565 1430 1638 ductis
1457 1590 1497 1636 a
1528 1570 1855 1664 proxima
1887 1567 2188 1663 quidem
2219 1594 2382 1665 syn-

245 1678 557 1779 grapha,
592 1701 729 1748 uec
769 1677 1171 1776 perpetuis,
1206 1676 1333 1747 sed
1370 1678 1735 1748 renovatis
1777 1682 2188 1774 quotannis.
2227 1683 2384 1752 Nu-

246 1788 716 1861 merabantur
772 1787 1053 1857 nummi
1095 1813 1110 1856 :
1171 1786 1408 1856 noluit
1448 1787 1796 1883 Scaptius.
1851 1787 2030 1858 Tun’
2074 1792 2203 1886 qui
2243 1793 2388 1877 ais,
2419 1774 2434 1790 ’

250 1902 555 1970 Brutum
602 1919 867 1994 cupere
905 1893 1180 1991 aliquid
1226 1894 1573 1993 perdere?
1623 1898 2025 1986 Quaternas
2071 1896 2389 1970 habebat

255 2007 331 2075 in
375 2006 801 2104 syngrapha.
844 2005 1029 2076 Fieri
1074 2028 1224 2075 non
1260 2017 1579 2100 poterat;
1623 2031 1793 2098 nec,
1834 2008 1893 2078 si
1926 2023 2205 2105 posset,
2252 2034 2388 2107 ego

257 2119 407 2214 pati
464 2141 750 2214 possem
769 2127 858 2184 ²7.
928 2111 1166 2186 Audio
1226 2114 1528 2182 omnino
1591 2119 1956 2212 Scaptium
2010 2122 2387 2213 poeuitere.

257 2230 441 2298 Nam
476 2225 678 2325 quod
715 2222 1418 2300 senatusconsultum
1467 2248 1623 2294 esse
1668 2223 1990 2314 dicebat,
2039 2243 2121 2299 ut
2146 2228 2266 2322 jus
2301 2255 2389 2299 ex

258 2337 667 2436 syngrapha
718 2337 1113 2423 diceretur;
1167 2358 1256 2405 eo
1313 2334 1615 2421 consilio
1663 2332 1932 2407 factum
1984 2352 2134 2421 est,
2191 2338 2394 2436 quod

259 2451 642 2545 pecuniam
683 2446 1045 2520 Salaminii
1081 2460 1330 2516 contra
1371 2444 1602 2541 legem
1642 2444 2026 2519 Gabiniam
2063 2454 2392 2547 sumpse·

261 2577 447 2634 rant.
479 2563 784 2635 Vetabat
812 2578 1052 2633 autem
1087 2560 1249 2632 Auli
1283 2560 1415 2639 lex,
1435 2554 1524 2649 ²⁸,
1546 2560 1667 2654 jus
1699 2560 1838 2633 dici
1863 2562 1958 2633 de
1988 2564 2086 2635 ita
2109 2579 2394 2662 sumpta

266 2675 585 2770 pecunia.
622 2674 961 2742 Decrevit
987 2670 1205 2765 igitur
1241 2683 1532 2740 senatus
1554 2722 1574 2754 ‚
1608 2685 1685 2756 ut
1716 2671 1838 2766 jus
1869 2672 2230 2745 diceretur
2267 2678 2397 2745 ista

265 2781 688 2879 syngrapha.
728 2785 939 2853 Nunc
980 2784 1115 2851 ista
1152 2778 1371 2851 habet
1397 2780 1582 2874 juris
1613 2780 1838 2869 idem,
1873 2784 2075 2880 quod
2107 2800 2396 2873 ceterae,

266 2890 448 2962 nihil
473 2892 832 2988 praecipui.
869 2896 1033 2961 Haec
1061 2914 1100 2959 a
1129 2913 1244 2960 me
1275 2888 1533 2960 ordine
1565 2887 1783 2974 facta,
1823 2906 2004 2988 puto
2029 2918 2147 2964 me
2174 2900 2398 2967 Bruto

237 3000 785 3098 probaturum3
823 2999 993 3086 tibi,
1034 3000 1314 3085 nescio;
1343 3001 1598 3070 Catoni
1638 3014 1830 3070 certe
1865 3000 2220 3097 probabo.
2261 3004 2402 3074 Sed

266 3111 413 3207 jam
449 3109 536 3181 ad
586 3125 657 3180 te
705 3110 942 3205 ipsum
990 3125 1332 3181 revertor.
1381 3110 1535 3180 Ain’
1575 3110 1899 3198 tandem,
1933 3114 2208 3200 Attice,
2246 3114 2400 3186 lau·

268 3219 477 3291 dator
520 3219 944 3313 integritatis
998 3232 1073 3287 et
1128 3216 1494 3314 elegantiae
1515 3218 1620 3287 ²9?
1664 3248 1699 3284 α
1726 3224 1964 3290 Ausus
2016 3244 2089 3290 es
2134 3220 2274 3293 hoc
2317 3247 2405 3293 ex

275 3355 400 3402 ore
430 3330 600 3401 tuo?
622 3359 655 3395 »
686 3328 930 3424 inquit
962 3330 1239 3396 Ennius
1266 3354 1282 3398 t
1321 3342 1403 3397 ut
1438 3332 1717 3425 equites
1751 3331 2038 3430 Scaptio
2067 3330 2156 3401 ad
2192 3357 2408 3430 pecu-

277 3445 468 3513 niam
509 3436 902 3536 cogendam
944 3436 1188 3511 darem
1208 3492 1229 3523 ‚
1255 3463 1372 3515 me
1407 3442 1711 3535 rogare?
1739 3445 1851 3513 An
1883 3457 1963 3513 tu
1986 3497 2005 3530 ,
2032 3444 2091 3513 si
2121 3468 2404 3517 mecum

277 3574 503 3639 esseS,
537 3552 665 3648 qui
700 3547 951 3620 scribis
987 3547 1301 3618 morderi
1333 3564 1403 3619 te
1438 3551 1840 3638 interdum,
1877 3553 2077 3651 quod
2117 3580 2266 3625 non
2308 3560 2404 3628 si-

278 3664 424 3733 mul
462 3662 589 3748 sis,
634 3675 960 3758 paterere
1005 3682 1121 3730 me
1163 3658 1236 3729 id
1283 3660 1558 3746 facere,
1602 3665 1659 3732 si
1699 3661 2009 3734 vellem?
2052 3666 2219 3736 Non
2253 3692 2405 3737 am-
2447 3692 2454 3697 “

353 3879 434 3926 25.
488 3874 786 3924 Tur-balensis
838 3874 889 3921 in
936 3875 1087 3923 rebus.
1134 3877 1301 3936 Quum
1390 3884 1509 3932 [κη
1557 3872 1637 3917 cni
1685 3871 1836 3934 magis
1857 3883 2085 3935 poteram
2132 3874 2405 3937 phcuisspt,

282 3973 417 4024 paene
464 3957 689 4006 civilibus
729 3956 916 4004 insidiis
956 3959 1045 4004 sim
1102 3972 1303 4020 oppoes-
1390 3949 1438 3995 J.
1460 3952 1522 3995 V.
1541 3951 1598 3998 Ι..

284 4052 380 4085 sm.
408 4039 495 4086 En,
1462 4031 1549 4077 28.
1575 4029 1690 4077 Auli
1709 4030 1811 4078 Iex.
1841 4031 1957 4081 Auli
1984 4032 2198 4082 Gabinii.
2227 4034 2374 4083 Mne.

352 4118 440 4165 26.
466 4116 673 4180 Scaptio.
702 4115 827 4165 vide
848 4115 931 4163 lib.
954 4119 1019 4173 V,
1048 4117 1193 4179 epist.
1218 4132 1244 4162 α
1260 4131 1301 4162 ι.
1463 4124 1548 4171 29.
1600 4109 1698 4158 Alii
1720 4145 1734 4168 ‚
1802 4134 1824 4152 κ
1849 4112 2098 4175 elegantias
2170 4125 2348 4160 nostrae
2367 4135 2410 4161 n.

357 4211 442 4257 27.
468 4198 652 4245 tmesi.
677 4198 727 4243 in
746 4211 932 4259 possem
954 4195 1170 4244 haerebat
1184 4188 1304 4243 sem-
1390 4192 1440 4239 J.
1458 4190 1522 4237 V.
1547 4193 1612 4237 L.
1811 4205 1818 4211 ·
