3023 4773
830 403 1390 492 EPISTOLAE,
1421 406 1675 492 XIII,
1707 403 1773 475 8.
2288 405 2374 481 15

232 521 558 595 debeam.
597 520 820 613 Quod
852 538 938 596 ut
979 522 1230 615 facias,
1270 538 1343 617 te
1383 525 1852 599 vehementer
1896 527 2112 600 etiam
2155 542 2378 629 atque

227 634 446 704 etiam
484 657 692 729 roge.
731 633 965 729 Majus
1001 635 1182 706 mihi
1223 634 1397 708 dare
1438 634 1882 709 beneficium
1922 639 2211 712 nullum
2246 667 2376 742 po-

227 757 356 814 tes.
389 742 478 813 Id
514 742 696 813 mihi
730 745 1090 857 intelliges
1133 769 1288 820 esse
1323 747 1829 846 gratissimum.

224 951 339 998 Hoc
375 960 451 999 en
465 984 483 1010 ‚
518 949 709 1000 Laberii
738 950 922 1017 predia
960 967 1057 1016 pro
1092 951 1263 1003 debito
1351 954 1431 1001 Sic
1457 952 1588 1002 enim
1605 953 1768 1002 Cau·
1790 951 2016 1002 satisfieri
2040 955 2235 1006 volebat
2265 973 2377 1007 cre·

223 1030 416 1094 accepit
456 1029 691 1078 aestimna
729 1030 884 1089 tanti,
922 1032 1093 1093 quanti
1124 1042 1261 1079 erant
1349 1030 1594 1080 (litoribus
1619 1032 1683 1080 ab
1707 1032 1798 1091 iis,
1834 1034 1923 1097 qui
1961 1049 2063 1082 nou
2104 1046 2241 1084 erant
2276 1038 2382 1086 sol-

221 1118 335 1156 ante
364 1108 553 1157 bellum
577 1109 738 1158 civile.
756 1109 886 1157 vide
914 1109 1137 1173 superius
1167 1109 1255 1159 lib.
1348 1109 1530 1158 vendo.
1569 1110 1699 1159 Vide
1733 1112 1940 1161 Sueten.
1984 1115 2018 1162 J
2020 1112 2090 1162 ul.
2140 1129 2247 1179 cap.
2291 1123 2377 1172 ⁴⁴·

222 1205 331 1252 χχ,
361 1188 513 1252 epist.
538 1189 604 1237 ιδ
621 1198 671 1236 et
696 1190 793 1247 18,
816 1198 867 1237 et
887 1186 1052 1247 lib.V,
1077 1203 1157 1253 ep.
1174 1204 1258 1237 ao.
1348 1189 1527 1238 Gur.

221 1384 1421 1405 mmmmm-*mm
1429 1383 2353 1408 mmmm

896 1586 1502 1668 EPISTOLA
1562 1588 1710 1668 IX.

220 1770 901 1852 Crassipedi‚'Bitbyniae
928 1773 1202 1850 quaestori
1218 1816 1233 1844 ,
1256 1772 1623 1851 Bithynicam
1652 1773 2098 1853 publicanorum
2120 1778 2374 1839 societa-

297 1883 449 1941 tem,
493 1870 558 1928 in
590 1869 913 1948 primisque
940 1873 1045 1929 Cn.
1071 1869 1320 1947 Pupium
1360 1869 1747 1931 commendat.
1792 1869 1986 1951 (Anno
2018 1873 2292 1955 incerto.)

714 2044 805 2109 M.
834 2043 912 2111 Τ.
950 2046 1022 2109 C.
1057 2045 1573 2110 CRASSIPEDP
1604 2046 1669 2112 S.
1698 2046 1771 2112 P.
1801 2048 1885 2113 D.

311 2185 751 2273 Quanquam
788 2178 921 2251 tibi
964 2204 1277 2277 praesens
1318 2180 1857 2270 commendavi,
1896 2198 1979 2255 ut
2019 2185 2230 2283 potui
2259 2183 2369 2256 di-

220 2294 696 2394 ligentissime
713 2347 734 2381 ,
757 2291 1039 2362 socios'
1061 2289 1442 2388 Bithyniae3
1474 2306 1698 2390 teque
1720 2316 1954 2390 quum
1980 2318 2142 2366 mea
2175 2308 2374 2367 com·

220 2405 729 2491 mendatione,
767 2417 924 2472 tum
955 2405 1172 2473 etiam
1200 2415 1325 2473 tua
1353 2417 1614 2500 sponte
1644 2404 1970 2476 intellexi
2006 2430 2280 2502 cupere
2307 2407 2375 2479 ei

221 2514 592 2604 societati,
634 2512 1225 2610 quibuscumque
1263 2510 1483 2584 rebus
1524 2537 1773 2610 posses
1790 2561 1816 2596 ,-
1855 2514 2369 2605 commodare3

219 2640 463 2697 tamen
484 2678 506 2712 ,
536 2647 768 2722 quum
801 2623 885 2707 ii,
925 2645 1243 2720 quorum
1273 2646 1389 2693 res
1418 2624 1675 2720 agitur,
1705 2625 1948 2722 magni
1981 2649 2109 2697 sua
2145 2628 2370 2696 inter-

218 2760 375 2807 esse
407 2733 974 2820 arbitrarentur,
1004 2756 1120 2803 me
1147 2733 1361 2804 etiam
1383 2757 1515 2829 per
1537 2732 1774 2805 literas
1802 2733 2167 2806 declarare
2195 2733 2368 2824 tibi,

213 2872 362 2944 qua
389 2869 630 2918 essem
658 2869 828 2941 erga
865 2846 1062 2940 ipsos
1088 2843 1461 2915 voluntate
1481 2897 1501 2926 ,
1543 2867 1694 2914 non
1731 2842 2057 2916 dubitavi
2096 2844 2246 2917 haec
2278 2844 2371 2917 ad

215 2971 292 3026 te
324 2954 674 3027 scribere.
711 2953 900 3024 Volo
938 2954 1130 3024 enim
1168 2966 1243 3023 te
1277 2954 1709 3040 existimare,
1746 2977 1888 3042 me,
1927 2979 2156 3051 quum
2200 2959 2369 3026 uni-

209 3090 431 3137 verso
487 3062 730 3135 ordini
777 3061 1334 3160 publicanorum
1377 3060 1770 3160 [multum]
1810 3087 2096 3161 semper
2139 3064 2370 3136 liben-

212 3177 491 3246 tissime
529 3172 941 3258 tribuerim,
979 3171 1202 3269 idque
1236 3173 1511 3269 magnis
1553 3172 1710 3268 ejus
1739 3169 2013 3242 ordinis
2050 3196 2218 3270 erga
2250 3191 2367 3245 me

201 3286 499 3357 meritis
545 3280 777 3353 facere
810 3279 1224 3371 debuerim,
1259 3296 1417 3353 tum
1451 3283 1528 3352 in
1563 3282 1825 3379 primis,
1855 3284 2172 3352 amicum
2211 3307 2365 3356 esse

200 3398 395 3470 huic
431 3395 826 3493 Bithynicae
871 3396 1193 3467 societati
1234 3422 1251 3465 ε
1301 3419 1462 3493 quae
1510 3396 1810 3468 societas
1858 3393 2116 3466 ordine
2162 3395 2362 3492 ipso,

197 3513 611 3586 bominum
631 3505 978 3606 ⁴genere-²¹,
1017 3534 1183 3608 pars
1218 3522 1326 3582 est
1356 3510 1663 3580 maxima
1705 3509 2035 3581 civitatiS.
2068 3512 2366 3581 Constat

275 3758 338 3792 1.
380 3735 689 3803 Crassipedi,
729 3737 866 3786 Idem
900 3754 1004 3786 esse
1029 3736 1249 3798 videtur,
1336 3737 1485 3788 misit.
1508 3736 1741 3802 Sigonius
1777 3751 1882 3784 eam
1917 3735 1982 3785 ad
2017 3735 2152 3787 hunc
2180 3755 2365 3788 annum

190 3824 281 3887 φὶ
312 3818 590 3871 mea-onis
614 3815 763 3864 filiam
789 3832 995 3865 uxorem
1020 3816 1249 3876 duxerat,
1335 3818 1509 3875 refert,
1529 3832 1630 3881 quo
1653 3815 1800 3864 Silius
1833 3827 1936 3864 erat
1967 3828 2252 3882 propretor
2285 3819 2369 3867 Bi-

190 3901 343 3949 havi
392 3909 520 3964 poet
563 3907 781 3961 tempore
828 3896 1092 3945 dimissam.
1130 3898 1246 3961 Quo
1337 3895 1549 3962 thyniae.
1588 3895 1681 3942 En.

187 3992 373 4028 m
400 3991 544 4025 anno
570 3975 815 4040 Bithynia
842 3987 1057 4040 qnaestor
1074 3977 1246 4036 fuerit,
1406 3992 1450 4023 a.
1476 3972 1664 4024 Socios.
1688 3974 2000 4023 Publicanos.
2026 3975 2260 4023 Coaaan.

186 4058 348 4108 hand
373 4058 496 4104 mis
525 4065 736 4103 comm.
762 4055 965 4120 Pighius
987 4055 1249 4104 inman-
1409 4056 1456 4104 3.
1489 4053 1686 4104 Lallem.
1713 4065 1803 4103 «et
1835 4054 2087 4102 hominum
2122 4069 2353 4118 genere».

185 4141 293 4188 hu
327 4137 471 4186 hane
504 4146 802 4200 quamn-am
825 4135 1028 4186 omnino
1050 4147 1245 4202 preter·
1334 4135 1384 4186 J.
1402 4137 1470 4185 V.
1500 4137 1555 4185 1..
1584 4162 1655 4174 —
1689 4132 1871 4185 Schiitz
1891 4132 2001 4184 hec
2034 4133 2199 4182 omnia
2224 4132 2363 4181 aliter
