3023 4773
550 373 687 456 284
1184 372 1279 438 M.
1330 370 1405 437 T.
1468 367 2026 438 CICERONIS

544 498 694 566 otio
736 508 817 564 ut
862 518 992 591 par
1031 492 1205 561 mihi
1242 495 1335 561 sis
1359 502 1404 559 ¹.
1448 495 1758 560 Domum
1797 484 2250 557 Rabirianam
2275 495 2303 525 ²
2332 485 2665 582 Neapoli,

546 627 763 701 quam
807 617 887 671 tu
931 602 1077 696 J'am
1130 600 1528 672 dimensam
1578 614 1650 669 et
1697 592 2204 668 exaedificatam
2250 596 2490 664 animo
2537 594 2669 665 ha-

546 711 769 783 bebas
789 765 810 797 ,
836 715 930 783 Μ.
960 713 1301 782 Fonteius
1318 707 1344 753 3
1369 713 1541 781 emit
1569 713 1717 780 H-s
1741 730 2020 778 ccciooo
2048 730 2189 774 xxx
2209 707 2261 772 4.
2287 703 2369 774 Id
2395 718 2465 774 te
2488 708 2672 775 scire

545 820 778 905 volui,
814 825 870 889 si
909 819 1086 915 quid
1124 818 1307 890 forte
1345 843 1427 889 ea
1467 843 1579 888 res
1618 816 1708 888 ad
1752 817 2224 911 cogitationes
2263 824 2422 883 tuas
2452 818 2670 911 perti-

549 941 778 999 neret.
803 931 890 1018 Q.
918 927 1134 1000 frater
1156 925 1208 1017 ⁵,
1252 942 1333 998 ut
1359 928 1539 998 mihi
1562 928 1871 1011 videtur,
1896 950 2047 1022 quo
2070 925 2404 994 volumus
2427 927 2667 994 animo

555 1052 662 1109 est
702 1040 774 1108 in
817 1040 1330 1135 Pomponiam,
1365 1052 1438 1108 et
1479 1063 1645 1108 cum
1686 1062 1766 1108 ea
1806 1060 2003 1107 nunc
2041 1038 2115 1105 in
2156 1031 2668 1130 Arpinatibus⁶

554 1151 836 1249 praediis
879 1166 1071 1238 erat,
1112 1168 1183 1223 et
1216 1178 1457 1224 secum
1501 1150 1812 1222 habebat
1845 1151 2209 1219 hominem
2235 1152 2672 1243 χρηςομαθῆἳ,

556 1266 642 1331 D.
678 1264 1130 1331 Turranium.
1165 1258 1417 1335 Pater⁸
1462 1264 1671 1333 nobis
1707 1262 2007 1332 decessit
2039 1284 2099 1328 a.
2131 1258 2197 1328 d.
2232 1283 2359 1327 vm
2392 1257 2672 1328 kalend.

556 1370 915 1442 decembr.
959 1376 1123 1443 Haec
1155 1371 1509 1444 habebam
1545 1371 1728 1460 fere,
1759 1395 1918 1466 quae
1948 1382 2016 1440 te
2046 1373 2225 1441 scire
2254 1367 2530 1438 vellem.
2566 1370 2675 1438 Tu

556 1484 805 1570 velim,
842 1487 899 1556 si
934 1512 1079 1583 qua
1116 1504 1538 1561 ornamenta
1568 1483 2009 1586 γυμνασιώδη9
2039 1486 2353 1582 reperire
2385 1485 2675 1580 poteris»,

562 1612 721 1688 quae
763 1594 899 1665 loci
939 1598 1083 1667 sint
1117 1598 1271 1692 ejus
1294 1653 1312 1684 ,
1347 1624 1564 1695 quem
1603 1612 1681 1667 tu
1713 1618 1861 1667 non
1901 1600 2225 1692 ignoras,
2265 1617 2354 1663 ne
2384 1607 2675 1690 praeter-

563 1705 817 1774 mittaS.
876 1702 1022 1776 Nos
1073 1708 1473 1778 Tusculano
1525 1711 1619 1777 ita
1675 1704 2137 1789 delectamur,
2190 1718 2273 1774 ut
2322 1700 2680 1771 nobismet

527 1815 738 1910 ‘ipsis
799 1829 951 1884 tum
1010 1814 1363 1914 denique,
1410 1842 1636 1914 quum
1677 1818 1797 1887 illo
1836 1819 2195 1898 venimus,
2248 1812 2674 1910 placeamus,

567 1922 760 2013 Quid
790 1948 953 2021 agas
989 1925 1328 1998 omnibus
1356 1927 1445 1998 de
1474 1927 1690 1999 rebus
1711 1983 1729 2012 ,
1768 1941 1840 1999 et
1871 1926 2046 2022 quid
2084 1936 2372 1995 acturus
2400 1923 2492 1992 sis
2512 1977 2531 2009 ,
2572 1918 2682 1990 sac

570 2056 704 2103 nos
739 2059 958 2130 quam
997 2035 1538 2131 diligentissime
1578 2039 1937 2107 certioreS.

648 2228 690 2259 1.
724 2214 786 2259 Ue
803 2230 906 2276 par
920 2213 1039 2261 milei
1054 2216 1136 2265 sis.
1163 2218 1333 2264 Boeins
1363 2216 1581 2264 Baluzia-

572 2306 662 2336 πω
680 2304 693 2336 :
713 2302 801 2337 «nt
827 2308 916 2356 par
939 2296 987 2339 in
1007 2293 1102 2341 hoc
1121 2295 1236 2341 mihi
1264 2298 1328 2343 sis
1339 2319 1379 2344 a.

644 2385 692 2417 2.
723 2372 931 2419 Domum
970 2374 1304 2423 Rabirianam.
1335 2377 1459 2438 Quae
1491 2375 1582 2422 suit
1671 2372 1731 2421 de
1752 2375 1884 2422 Orat.
1913 2371 1998 2436 qui
2031 2388 2178 2435 quum
2211 2380 2330 2417 esset
2350 2366 2535 2415 infirma
2555 2366 2683 2414 vale-

571 2449 628 2496 C.
652 2449 863 2509 Rabirii,
880 2468 1024 2514 quem
1053 2465 1218 2516 postea
1239 2453 1583 2517 perduellionis
1671 2453 1862 2510 tudine,
1890 2452 1940 2498 in
1958 2452 2180 2516 Arpinati
2197 2452 2292 2497 sere
2317 2460 2504 2496 aetatem
2522 2445 2619 2511 egit
2634 2447 2684 2492 in

571 2543 707 2575 reum
748 2529 921 2577 Cicero
958 2548 1059 2581 cos.
1088 2532 1329 2593 defendit,
1357 2544 1405 2581 et
1431 2533 1584 2596 Apuli
1670 2532 1846 2587 literis,
1872 2529 1940 2577 lib
1970 2532 2017 2578 11
2042 2529 2101 2577 de
2137 2533 2249 2592 Leg.
2288 2539 2369 2589 et,
2409 2528 2524 2574 dum
2558 2523 2689 2572 filius

575 2618 718 2670 atque
743 2608 975 2674 Campani
1010 2621 1066 2658 nt
1093 2613 1382 2676 municipem
1422 2614 1587 2661 landa-
1676 2610 1975 2658 consulatum
2002 2608 2223 2674 petebat,
2251 2606 2469 2654 decessit·
2500 2607 2686 2652 ASCOB·

1668 2213 1891 2281 χρηστὸν,
1919 2214 2016 2260 huc
2039 2225 2110 2259 est
2130 2211 2255 2274 frugi
2276 2222 2322 2257 et
2341 2210 2541 2256 bonum.
2564 2206 2682 2255 Cu.

1742 2297 1788 2341 8.
1817 2297 1977 2341 Pater.
2013 2294 2084 2339 M.
2103 2290 2288 2338 Tullius
2306 2289 2496 2348 Cicero,
2520 2287 2605 2334 lib.
2633 2289 2683 2333 11

489 2749 494 2754 ,
577 2695 706 2734 runt.
729 2688 822 2736 En.

648 2763 695 2813 3.
730 2768 972 2815 Fonteius.
1009 2769 1133 2818 Edd.
1175 2772 1329 2833 princ.
1365 2773 1586 2819 Fontius.

571 2845 622 2890 J.
644 2846 708 2892 V.
734 2846 788 2893 L.

647 2933 698 2978 4.
725 2925 827 2970 {fis
848 2937 1054 2975 eceman
1077 2939 1207 2985 xxx,
1247 2930 1281 2975 i.
1304 2943 1347 2976 e.
1378 2930 1589 2988 ¹30,ooo

571 3005 856 3051 sestertium.
882 3008 970 3053 En.

649 3086 696 3131 5.
728 3084 786 3146 Q.
802 3083 989 3147 fiueer.
1017 3084 1142 3133 Vide
1166 3102 1326 3149 super.
1343 3088 1482 3148 epist.

644 3164 694 3211 6.
736 3165 795 3210 In
837 3164 1167 3227 Arpinatibus.
1196 3166 1351 3224 Hujus
1387 3165 1585 3227 praedii,

578 3241 713 3305 quod
733 3245 796 3305 Q.
821 3244 964 3292 frater
983 3246 1034 3291 in
1061 3245 1288 3309 Arpinate
1306 3243 1479 3292 habuit
1494 3278 1509 3302 ,
1542 3256 1589 3291 et

575 3323 711 3384 qnod
731 3322 928 3372 'dietum
966 3335 1040 3372 eat
1069 3327 1345 3381 Arcanum,
1376 3325 1592 3372 meminit

575 3402 640 3450 ad
664 3405 731 3466 Q.
764 3403 823 3450 fr.
841 3403 927 3452 lib.
955 3404 1051 3462 111,
1087 3405 1228 3468 epist.
1254 3420 1295 3452 1.
1319 3407 1414 3454 En.

653 3499 676 3540 7
688 3518 700 3530 .
719 3482 971 3530 Hominem
986 3487 1301 3550 χρηστομαθῆ.
1317 3486 1462 3531 Bonis
1475 3500 1592 3547 prae-

577 3561 728 3622 ceptis
770 3560 1024 3622 refertum,
1067 3566 1150 3625 qui
1193 3580 1245 3610 ea
1288 3561 1460 3610 didicit
1483 3579 1593 3625 quat

580 3640 685 3685 unni
725 3652 860 3699 runt,
885 3654 933 3691 et
957 3657 1068 3706 qne
1102 3641 1349 3688 hominem
1381 3641 1592 3688 reddunt

1676 2692 1817 2738 Corr.
1862 2689 1941 2737 cni
1989 2689 2194 2736 adsentit
2253 2686 2583 2734 Middletonua
2636 2685 2687 2730 in

1678 2771 1803 2818 nist„
1830 2769 1935 2817 Cic.
1958 2766 2155 2813 -Vide
2184 2769 2257 2812 Fr.
2290 2764 2475 2813 Fabi-ic.
2504 2763 2687 2810 Histor.

1681 2850 1836 2896 Cicer.
1870 2847 2102 2893 Dissentit
2142 2845 2257 2892 Sch.
2294 2856 2343 2891 et
2383 2854 2525 2907 putat
2561 2841 2688 2888 hanc

1676 2929 1817 2992 epist.
1846 2928 2073 2990 scriptam
2103 2935 2203 2972 esse
2229 2924 2399 2970 eodem
2423 2931 2553 2968 anno
2588 2931 2691 2984 que

1678 3007 2000 3071 superiorem:
2020 3019 2130 3051 ann.
2161 3014 2318 3050 autem
2344 3004 2447 3062 689
2469 3001 2689 3048 Atticum

1677 3090 1845 3134 Romae
1873 3085 2031 3131 fuisse.
2060 3084 2151 3128 En.

1749 3182 1797 3228 9.
1818 3157 2147 3230 Πμνασιώὃη.
2165 3162 2289 3223 Quo
2308 3158 2545 3224 gymnasii
2562 3157 2658 3203 aiut
2671 3192 2686 3212 ,

1678 3245 1845 3307 illique
1897 3244 2008 3290 loco
2074 3242 2320 3304 praecipue
2378 3236 2683 3285 conveniant.

1683 3322 1834 3385 Quod
1858 3323 2003 3370 etiam
2030 3321 2191 3383 inquit
2212 3321 2265 3366 in
2288 3316 2488 3382 epietoh
2514 3313 2576 3361 ad
2598 3314 2689 3360 Fu·-

1678 3402 1815 3450 binm
1850 3401 2075 3450 Gallum:
2115 3400 2225 3446 “Ea
2263 3398 2392 3445 enim
2426 3396 2558 3458 signa
2594 3407 2689 3455 ego

1680 3499 1835 3530 emere
1877 3480 2036 3537 soleo,
2065 3495 2173 3541 qun
2216 3477 2279 3524 ad
2325 3472 2691 3523 similitudinem

1682 3560 2045 3625 gymnasiorum
2067 3567 2303 3605 exornent
2332 3555 2450 3602 mihi
2475 3557 2524 3600 in
2557 3552 2697 3617 paln-

1682 3650 1776 3687 etra
1798 3642 1960 3688 locum
1982 3663 2021 3688 n.
2048 3637 2199 3685 Vter.

1365 3856 1428 3862 u·
1467 3839 1851 3868 ψ·-
