3023 4773
775 764 1540 873 ARGUMEN
1558 769 1877 873 TUM
1967 783 1970 784 *

963 1030 1242 1097 LIBRI
1292 1030 1713 1117 QUARTI.

276 1222 406 1278 Hoc
458 1217 611 1276 libro
656 1232 906 1297 quatuor
949 1238 1232 1278 annorum
1280 1220 1539 1298 epistolae
1584 1221 1975 1280 continentur.
2010 1226 2152 1281 Tres
2197 1224 2397 1301 primae

351 1319 414 1374 P.
437 1316 681 1373 Lentulo
708 1315 1050 1394 Spinthere,
1096 1321 1171 1390 Q.
1198 1317 1438 1375 Metello
1459 1321 1716 1395 Nepote3
1755 1318 2013 1396 quinque
2041 1338 2398 1396 consequen·

352 1423 468 1481 tes,
501 1416 606 1472 Cn.
627 1411 883 1472 Lentulo
910 1412 1287 1485 Marcellino,
1334 1417 1402 1474 L.
1442 1413 1756 1492 Philippo;
1809 1426 1942 1492 post
1974 1413 2115 1487 has,
2157 1414 2398 1473 totidem

352 1511 459 1569 Cn.
485 1509 762 1587 Pompeio
788 1513 1001 1586 Magno
1032 1514 1089 1566 11
1112 1552 1130 1583 ,
1165 1515 1248 1569 M.
1279 1513 1485 1569 Crasso
1511 1531 1529 1582 3
1580 1510 1820 1588 reliquae
1857 1531 2038 1589 usque
2077 1511 2151 1570 ad
2192 1513 2364 1570 finem
2383 1555 2401 1583 ‚

353 1611 465 1683 Ap.
480 1604 725 1665 Claudio
745 1606 1023 1678 Pulchro,
1044 1611 1113 1665 L.
1136 1606 1390 1666 Domitio
1414 1605 1814 1670 Ahenobarbo
1826 1620 1978 1666 coss.
1993 1608 2224 1686 scriptae
2241 1623 2396 1667 sunt.

352 1706 596 1760 Necesse
629 1714 715 1760 est
739 1715 932 1761 autern
960 1713 1061 1759 aut
1090 1720 1187 1759 eas
1218 1721 1333 1759 una
1361 1702 1562 1776 fuisse,
1585 1715 1686 1761 aut
1712 1722 1831 1760 non
1861 1703 2058 1781 plures
2089 1702 2164 1761 ab
2187 1723 2279 1777 ec,
2300 1705 2403 1780 qui

353 1798 629 1876 epistolas
668 1799 987 1877 congessit,
1028 1799 1304 1857 inventas.
1354 1800 1550 1858 Primo
1587 1799 1782 1878 igitur,
1818 1797 2070 1858 reditum
2103 1800 2399 1858 Ciceronis

354 1894 678 1968 continent,
699 1895 802 1971 qui
825 1895 934 1953 fuit
958 1893 1111 1973 prid.
1140 1914 1275 1952 non.
1303 1895 1664 1973 septembris,
1688 1895 2164 1972 duodevigesimo
2183 1915 2398 1968 mense,

353 2002 488 2066 post
508 1989 629 2067 ejus
659 1991 892 2068 fugam:
921 1988 1216 2067 quomodo
1253 2009 1388 2048 area
1414 1989 1621 2049 domus
1656 1991 1837 2063 illius,
1880 1991 2221 2069 pontificum
2261 2011 2398 2050 sen-

359 2084 549 2142 tentiis
574 2085 815 2145 liberata
838 2086 1046 2144 suerit:
1079 2084 1286 2144 domus
1308 2105 1375 2143 ac
1398 2086 1537 2143 villa
1563 2085 1796 2163 publica
1823 2088 2070 2165 pecunia
2092 2087 2396 2147 restitutae:

355 2192 415 2237 et
446 2199 625 2258 quum
666 2182 725 2240 in
764 2181 953 2240 reditu
990 2181 1146 2260 ejus,
1192 2200 1414 2241 summa
1458 2200 1701 2239 annonae
1741 2182 1948 2240 caritas
1978 2196 2159 2255 esset,
2198 2187 2305 2244 SC.
2340 2186 2400 2242 in

355 2278 696 2336 sententiam
722 2277 877 2336 illius
905 2277 1118 2336 factum
1148 2289 1264 2350 est,
1307 2296 1425 2355 quo
1457 2281 1562 2336 Cn.
1586 2277 1864 2354 Pompeio
1894 2279 1979 2335 rei
2013 2279 2399 2338 frumentariae

351 2394 459 2453 per
481 2374 941 2454 quinquennium
964 2395 1103 2434 cura
1124 2372 1406 2447 dabatur3
1440 2396 1574 2434 cum
1605 2373 1811 2434 eodem
1842 2374 2121 2454 imperio,
2163 2377 2321 2456 quod
2350 2378 2399 2436 is

350 2470 507 2530 bello
545 2473 794 2531 Piratico
832 2471 1163 2532 habuisset:
1198 2473 1370 2546 item,
1402 2484 1468 2531 ut
1514 2477 1581 2531 T.
1620 2474 1846 2530 Annius
1884 2473 2028 2530 Milo
2067 2493 2220 2553 saepe
2264 2495 2396 2533 cum

352 2568 593 2639 Clodio,
627 2568 915 2628 aedilitatis
950 2568 1259 2628 candidato
1283 2612 1300 2641 ‚
1336 2588 1509 2627 manu
1548 2569 1836 2645 armisque
1872 2568 2271 2642 dimicaverit,
2325 2591 2398 2629 ne

352 2665 474 2743 ejus
500 2665 734 2724 comitia
759 2664 1130 2725 haberentur.
1161 2669 1298 2725 Haec
1329 2665 1389 2722 in
1412 2663 1600 2722 tribus
1624 2665 1824 2742 primis
1851 2665 2126 2743 epistolis.
2148 2671 2216 2725 In
2249 2686 2396 2746 pro-

352 2763 550 2836 ximis,
592 2782 722 2842 quae
749 2764 855 2820 Cn.
877 2763 1126 2821 Lentulo
1149 2761 1493 2820 Marcellino
1516 2774 1575 2819 et
1599 2766 1667 2820 L.
1696 2761 1968 2840 Philippo
1992 2781 2137 2820 coss,
2167 2763 2394 2841 scriptae

352 2872 485 2918 sunt
501 2904 519 2934 ,
547 2859 693 2919 nihil
717 2872 805 2917 est
831 2859 1074 2917 historia
1100 2859 1340 2936 dignum
1357 2901 1373 2930 ,
1403 2857 1514 2918 nisi
1546 2858 1621 2916 de
1645 2859 1884 2917 Domitii
1914 2859 2143 2936 repulsa
2169 2859 2228 2916 in
2250 2860 2397 2938 peti-

356 2959 510 3017 tione
533 2959 890 3017 consulatus:
919 2958 1022 3035 qui
1044 2957 1216 3016 etiam
1240 2957 1370 3015 foro
1400 2977 1507 3037 per
1530 2956 1644 3015 vim
1672 2957 1871 3034 pulsus
1896 2956 1998 3029 sit,
2027 2976 2193 3014 servo
2220 2957 2394 3031 illius,

352 3056 450 3133 qui
474 3057 769 3114 lucernam
797 3053 1175 3132 praeferebat,
1208 3054 1514 3113 interfecto
1539 3076 1552 3110 :
1580 3053 1759 3111 creati
1787 3071 1927 3110 vero
1950 3067 2083 3111 sunt
2107 3073 2177 3110 ex
2206 3053 2392 3110 inter-
2433 3072 2442 3081 ·

351 3172 529 3231 regno
546 3165 605 3211 et
627 3171 733 3229 per
744 3151 882 3222 vim,
902 3153 1011 3208 Cn.
1037 3150 1347 3227 Pompeius
1367 3155 1427 3209 11
1445 3194 1462 3222 ,
1491 3154 1575 3207 M.
1597 3153 1834 3208 Crassus
1864 3150 1952 3220 11,
1971 3167 2219 3225 quorum
2240 3168 2391 3207 anno

350 3249 577 3327 scriptae
608 3250 789 3307 literae
816 3245 1066 3305 reditum
1095 3246 1392 3306 Ptolemaei
1434 3248 1492 3304 in
1530 3264 1769 3325 regnum
1797 3245 2037 3304 strictim
2066 3244 2351 3324 attingunt
2375 3271 2392 3318 ;

351 3359 694 3425 turpemque
719 3345 910 3406 Crassi
939 3344 1000 3401 in
1025 3343 1385 3422 provinciam
1410 3344 1636 3419 Syriam
1657 3343 2075 3422 profectionem
2090 3385 2107 3413 ‚
2130 3341 2387 3401 dirarum

352 3442 790 3501 obnuntiatione
845 3440 1117 3518 neglecta.
1179 3444 1363 3497 Porro
1411 3452 1601 3496 autem
1645 3439 1825 3497 literae
1869 3438 2058 3516 quarti
2101 3440 2237 3496 anni
2275 3444 2384 3517 Ap.

349 3539 589 3598 Claudio
613 3538 907 3609 videlicet,
937 3551 996 3596 et
1019 3542 1088 3596 L.
1102 3536 1357 3594 Domitio
1389 3555 1536 3594 coss.
1561 3535 2002 3593 candidatorum
2027 3534 2306 3593 ambitum
2332 3550 2390 3594 et

351 3638 776 3697 contentionem
801 3636 1048 3707 babent3
1080 3653 1210 3712 quae
1231 3646 1386 3692 tanta
1412 3633 1553 3704 fuit,
1583 3645 1649 3691 ut
1669 3638 1752 3691 M.
1768 3633 2034 3691 Messalla
2061 3646 2120 3691 et
2142 3638 2245 3693 Cn.
2261 3639 2389 3692 Do·

353 3735 543 3794 mitius
565 3756 636 3792 ex
658 3735 1018 3813 interregno,
1048 3732 1294 3809 septimo
1322 3730 1491 3808 hujus
1521 3731 1654 3788 anni
1679 3750 1871 3789 mense
1895 3730 2157 3793 consules
2190 3729 2389 3789 decla-

351 3833 459 3892 rati
495 3832 591 3889 vix
632 3831 879 3908 denique
919 3830 1165 3888 fuerint:
1198 3828 1373 3906 idque
1418 3833 1488 3899 Q.
1528 3826 1808 3906 Pompeio
1840 3828 1995 3885 Rufo
2029 3826 2263 3886 tribuno
2305 3829 2385 3907 pl.

324 3930 449 4006 ,qui
485 3927 988 3987 intercessionibus
1025 3928 1256 3985 comitia
1301 3924 1570 3997 tollebat,
1609 3926 1664 3981 in
1699 3944 1984 3982 carcerem
2020 3925 2281 4002 conjecto
2314 3947 2385 3984 ex

352 4029 457 4083 SC.
482 4025 825 4101 ceterisque,
850 4025 893 4081 si
921 4025 1050 4100 quis
1080 4023 1361 4101 impedire
1390 4035 1718 4091 conaretur,
1745 4021 2049 4079 deterritis,
2073 4023 2384 4081 Continent

351 4122 517 4180 etiam
541 4127 614 4180 A.
635 4118 866 4178 Gabinii
886 4119 1133 4185 reditum
1154 4163 1170 4189 ,
1202 4122 1664 4196 nocturnumque
1692 4119 1747 4176 in
1779 4118 1994 4178 Urbem
2033 4119 2381 4198 ingressum:
