3023 4773
431 431 980 501 EPISTOLAE
1028 431 1162 499 AD
1212 432 1727 516 ΑΤΤῙΟΠΜ,
1770 434 1922 516 vl,
1971 430 2038 500 6.
2160 430 2304 526 629

176 552 267 624 de
293 551 628 624 Eleusine
654 575 805 623 non
840 552 1105 648 'cogitet
1121 562 1175 622 ⁹.
1203 555 1313 623 De
1339 553 1724 623 Hortensio
1744 561 1808 595 ¹⁰
1840 567 1911 623 te
1930 565 2130 623 certo
2157 553 2305 625 scio

174 663 445 735 dolere.
492 661 843 760 Eqmdem
889 666 1281 735 excrucior.
1327 666 1715 734 Decreram
1760 665 1956 733 enim
2007 687 2172 733 cum
2221 687 2308 734 eo

174 772 382 844 valde
417 772 860 844 familiariter
887 774 1146 844 vivere.

273 886 426 956 Nos
470 885 859 981 provinciae
903 881 1347 981 praefecimus
1390 883 1704 954 Coelium
1739 909 1756 951 ε
1796 905 2109 979 puerum
2132 935 2151 969 ,
2196 882 2308 951 in-

176 991 417 1088 quieS,
454 1007 527 1063 et
557 990 857 1064 fortasse
893 990 1173 1065 fatuum
1192 1048 1211 1082 ‚
1239 1007 1312 1066 et
1336 1019 1488 1065 non
1520 1017 1841 1091 gravem,
1869 1008 1942 1064 et
1969 1017 2121 1062 non
2150 1017 2313 1064 con-

172 1104 555 1174 tinentem.
580 1104 988 1191 Assentior;
1014 1102 1174 1175 fieri
1210 1129 1362 1175 non
1390 1104 1633 1202 potuit
1659 1102 1886 1173 aliter.
1915 1105 2099 1172 Nam
2132 1107 2313 1198 quas

176 1206 413 1279 multo
449 1224 617 1281 ante
655 1223 814 1280 tuas
847 1234 1261 1308 acceperam
1296 1210 1569 1297 literas,
1603 1212 1680 1279 in
1706 1208 1972 1306 quibus
1998 1212 2229 1303 ἐπέχειν
2253 1216 2308 1251 ¹¹

174 1330 250 1387 te
295 1320 723 1415 scripseras,
782 1321 955 1418 quid
992 1334 1200 1404 ¹esset
1254 1319 1432 1392 mihi
1487 1317 1900 1391 faciendum
1950 1318 2041 1390 de
2095 1317 2319 1390 relin-

174 1426 514 1523 quendo;
556 1453 657 1500 eae
690 1454 808 1499 me
843 1429 1282 1527 pungebant.
1323 1428 1678 1502 Videbam
1710 1431 1941 1517 enim,
1983 1453 2145 1525 quae
2185 1427 2321 1499 tibi

173 1547 421 1604 essent
454 1541 681 1628 ἐποχῆς
719 1558 985 1621 causae3
1040 1550 1114 1607 et
1182 1549 1389 1606 erant
1452 1533 1722 1606 eaedem
1779 1533 1955 1605 mihi
2011 1561 2027 1603 ε
2090 1557 2321 1631 puero

172 1640 463 1718 tradere
500 1643 671 1712 me?
706 1640 909 1713 fratri
951 1646 1249 1714 autem?
1304 1643 1485 1714 illud
1532 1653 1600 1687 ¹²
1649 1667 1801 1715 non
1860 1644 2034 1715 utile
2077 1643 2314 1715 nobis.

167 1756 361 1826 Nam
411 1765 668 1848 praeter
725 1749 1016 1821 fratrem
1075 1776 1293 1823 nemo
1352 1768 1504 1824 erat
1530 1808 1550 1839 ,
1603 1778 1819 1850 quem
1863 1757 2016 1825 sine
2062 1767 2322 1823 contu-

170 1861 394 1932 melia
408 1863 748 1959 quaestori
769 1861 1031 1950 ,nobili
1059 1863 1449 1959 praesertim
1467 1917 1486 1950 ,
1523 1861 1980 1935 anteferrem.
2011 1867 2277 1933 Tamen
2300 1918 2319 1949 ,

171 1969 357 2042 dum
411 1971 834 2069 impendere
900 1971 1144 2042 Parthi
1200 1970 1637 2044 videbantur
1658 2027 1677 2062 ,
1731 1987 2124 2045 statueram
2177 1971 2324 2044 fra-

169 2097 368 2153 trem
405 2082 856 2180 relinquere,
905 2098 1032 2154 aut
1082 2083 1294 2153 etiam
1345 2081 1761 2179 reipublicae
1805 2108 2019 2155 causa
2071 2096 2324 2154 contra
2413 2088 2419 2094 '

171 2191 895 2264 senatusconsultum
947 2196 1101 2289 ipse
1153 2213 1528 2262 remanere
1569 2217 1585 2259 ε
1638 2193 1766 2288 qui
1808 2205 2280 2288 posteaquam
2304 2246 2323 2276 ,

170 2299 590 2374 incredibili
644 2300 981 2374 felicitate
1004 2356 1024 2391 ,
1068 2301 1599 2391 discesserunt;
1645 2299 1928 2372 sublata
1968 2301 2327 2372 dubitatio

172 2429 314 2485 est.
355 2412 705 2485 Videbam
748 2439 1118 2487 sermones
1154 2443 1170 2486 :
1206 2410 1395 2485 Hui!
1440 2412 1733 2484 fratrem
1766 2414 2107 2511 reliquit?
2148 2439 2324 2489 num

173 2538 292 2595 est
325 2522 501 2613 hoc,
529 2549 682 2595 non
714 2524 880 2621 plus
915 2550 1191 2596 annum
1228 2522 1558 2596 obtinere
1586 2524 2085 2622 provinciam?
2112 2523 2287 2620 quid
2306 2577 2325 2609 ,

170 2632 390 2730 quod
419 2649 710 2705 senatus
750 2659 876 2706 eos
913 2635 1142 2706 voluit
1189 2657 1491 2731 praeesse
1543 2635 1968 2733 provinciis,
2005 2637 2135 2730 qui
2178 2657 2324 2703 non

168 2742 689 2841 praefuissent?
718 2759 798 2815 at
842 2745 961 2816 hic
1013 2745 1402 2815 triennium
1431 2740 1520 2813 ¹³.
1560 2748 1745 2841 Ergo
1781 2744 1936 2815 haec
1970 2743 2060 2814 ad
2092 2766 2329 2843 popu-

171 2851 341 2923 lum
369 2854 456 2921 ¹⁴.
479 2852 708 2942 Quid,
732 2879 892 2950 quae
927 2870 1167 2927 tecum
1188 2854 1218 2923 Ξ)
1239 2878 1644 2951 numquam
1673 2879 1901 2926 essem
1926 2856 2080 2925 sine
2116 2878 2285 2926 cura
2321 2921 2340 2954 ‚

171 2965 234 3032 si
271 2961 456 3059 quid
489 2962 934 3055 iracundius,
972 2981 1098 3037 aut
1121 2964 1715 3036 contumeliosius
1737 3019 1756 3050 ,
1796 2979 1920 3034 aut
1955 2963 2328 3059 negligen-

250 3270 306 3316 9.
337 3255 412 3300 De
435 3251 661 3300 Eleusine
687 3267 783 3298 non
812 3251 1006 3316 cogitet.
1033 3255 1214 3315 Quam-

173 3348 336 3398 quam
384 3332 580 3395 Appius
622 3329 880 3379 consilium
923 3330 1214 3397 προπύλαιον

171 3413 414 3462 Eleusine
449 3412 660 3461 faciendi
703 3410 881 3473 abjecit
900 3445 915 3473 ,
956 3424 1011 3460 tu
1054 3423 1213 3460 tamen

174 3493 244 3540 de
268 3491 551 3540 Academiae
566 3488 794 3558 προπὺλῳ
824 3507 900 3538 me
920 3491 1060 3551 jubes
1086 3493 1218 3555 cogi-

174 3585 307 3620 tare.
336 3573 451 3618 Seu.

260 3667 347 3698 ιο.
390 3651 463 3696 De
492 3650 770 3699 Hortensio.
805 3651 942 3700 Man.
989 3652 1213 3699 et'Mon-

172 3732 308 3796 (μὴ.
344 3729 625 3795 intelligunt
654 3730 715 3778 de
748 3743 906 3780 morte
946 3731 1213 3780 Hortensii.

172 3810 283 3859 Sed
323 3819 567 3855 mortuum
598 3825 700 3857 esse
738 3810 902 3857 Rhodi
938 3810 1133 3858 demum
1169 3810 1213 3857 ei

170 3886 466 3938 nuntiatum
489 3898 587 3949 est,
604 3888 739 3935 Brut.
767 3906 809 3936 c.
845 3907 884 3938 ι.
915 3890 1065 3953 Quod
1084 3906 1211 3955 prae-

171 3971 322 4017 clare
346 3966 396 4015 J.
426 3967 489 4013 V.
515 3968 570 4015 L.
597 3979 780 4015 monet.
806 3971 898 4016 En.

264 4064 290 4095 1
306 4062 353 4093 1.
372 4034 587 4110 ἐπέχειν.
607 4047 841 4097 Dubitare
855 4082 871 4107 ,
891 4050 1213 4097 assensionem

177 4129 418 4177 retinere.
446 4116 657 4201 ἐποχῆς,
688 4127 1018 4178 dubitationis.

1380 3271 1458 3302 12.
1503 3253 1643 3301 Illud
1680 3251 2052 3301 incommodum
2090 3267 2192 3299 esse
2231 3251 2328 3299 hoc

1302 3334 1415 3381 loco
1443 3344 1572 3381 recte
1600 3332 1841 3393 judicavit
1865 3333 2116 3380 Ernestius
2141 3345 2154 3379 :
2183 3346 2293 3377 nam
2310 3366 2325 3387 ,

1303 3436 1327 3454 κ
1348 3428 1447 3460 non
1486 3413 1605 3460 utile
1643 3411 1788 3460 nohis
1808 3434 1860 3471 n,
1897 3411 2107 3459 refertur
2138 3409 2328 3477 adfra-

1305 3504 1444 3540 trem.
1468 3490 1646 3540 schiitz
1673 3490 1868 3538 delevit.
1893 3493 1945 3539 J.
1969 3492 2037 3538 V.
2062 3491 2117 3536 1..

1383 3570 1461 3617 13.
1495 3571 1789 3619 Triennium.
1821 3573 1877 3616 In
1903 3568 2035 3617 Asia.

1382 3659 1460 3706 14.
1500 3650 1587 3698 Ad
1607 3649 1865 3714 populum.
1897 3649 2118 3696 Dicerem
2143 3682 2156 3704 ‚
2185 3647 2331 3694 affer·

1308 3746 1405 3777 rem
1421 3767 1436 3792 ,
1458 3745 1610 3794 quum
1633 3744 1911 3777 excusarem
1937 3744 2013 3775 me
2032 3762 2048 3786 ,
2073 3725 2210 3792 quod
2238 3727 2331 3773 fra·

1304 3821 1427 3857 trem
1446 3809 1715 3874 provinciae
1735 3824 1836 3855 non
1855 3807 2188 3871 praefecissem.
2215 3806 2326 3853 Tibi

1303 3900 1463 3936 autem
1488 3888 1607 3935 alias
1641 3903 1805 3934 causas
1835 3902 2144 3951 exponerem.
2179 3884 2328 3931 Dice-

1306 3985 1405 4016 rem
1438 3969 1599 4029 enim,
1636 3960 1852 4015 timuisse
1883 3983 1959 4013 me
1978 4000 1994 4025 ,
2028 3983 2088 4014 ne
2128 3964 2248 4029 qnid
2273 3965 2327 4015 in

1304 4047 1558 4112 provincia
1610 4045 1827 4108 Quintus
1872 4046 2192 4094 committeret
2237 4043 2328 4090 ira-

1307 4126 1543 4185 cundius,
1572 4135 1664 4173 eto.
1694 4125 1841 4172 ΜΛΝ.
