3023 4773
491 391 1027 464 EPISTOLAE
1075 385 1207 459 AD
1257 391 1767 476 ATTICUM‚
1809 394 1898 480 V,
1950 416 2055 462 12.
2196 385 2326 465 561

217 513 599 612 ejusmodi,
652 514 984 609 inquam,
1024 509 1303 596 literae,
1339 535 1428 580 ex
1457 510 1725 608 quibus
1757 537 1922 610 eg0,
1971 540 2123 584 non
2157 517 2337 612 quid

216 624 343 695 fiat
372 627 571 721 (nam
604 624 678 694 id
720 621 831 693 vel
862 621 1234 708 Helenius,
1286 621 1396 689 vir
1426 624 1912 717 gravissimus,
1957 640 2194 722 potest
2235 626 2340 697 ef-

219 734 468 823 ficere,
522 734 742 805 cliens
800 730 1035 827 tuus),
1094 729 1220 801 sed
1271 729 1447 826 quid
1501 728 1831 802 futurum
1876 735 2066 803 sit11.
2111 738 2344 807 Etiam

221 862 451 942 quum
500 844 650 915 haec
704 843 933 939 leges»,
989 840 1415 911 habebimus
1465 839 1816 912 consules.
1872 845 2132 914 Omnia
2177 870 2344 943 per-

220 957 495 1054 spicere
547 956 816 1052 poteris
842 1007 862 1040 ,
917 951 1008 1024 de
1061 955 1372 1036 Caesare,
1424 949 1516 1022 de
1569 955 1912 1049 Pompeio
1941 1007 1960 1041 ,
2019 951 2109 1025 de
2173 957 2348 1052 ipsis

215 1069 525 1166 judiciis,
563 1072 821 1140 Nostra
856 1081 1096 1137 autem
1133 1067 1459 1162 negotia,
1498 1067 1843 1162 quoniam
1873 1071 2122 1139 Romae
2155 1095 2351 1141 com·

224 1181 558 1266 morariS,
616 1176 872 1249 amabo
911 1191 1019 1265 te,
1061 1174 1359 1273 explica.
1403 1176 1538 1245 Cui
1587 1177 1691 1247 rei
1739 1174 2022 1273 fugerat
2069 1195 2185 1251 me
2229 1198 2349 1251 re-

223 1287 571 1373 scribere,
622 1286 711 1359 de
749 1300 946 1357 strue
982 1285 1395 1380 laterum¹²‚
1432 1284 1646 1382 plane
1688 1310 1884 1383 rogo.
1911 1292 2019 1359 De
2061 1287 2354 1386 aqua13,

225 1401 284 1471 si
325 1397 506 1497 quid
549 1401 818 1496 poterit
866 1396 1062 1484 fieri,
1115 1421 1204 1466 eo
1255 1399 1351 1466 sis
1397 1398 1676 1483 animo,
1732 1421 1885 1493 quo
1933 1397 2119 1468 soles
2163 1424 2351 1471 esse:

226 1534 447 1606 quam
484 1534 618 1606 ego
677 1531 906 1605 quum
957 1532 1115 1578 mea
1158 1519 1453 1604 sponte,
1514 1519 1669 1575 tum
1716 1508 1859 1576 tuis
1899 1510 2360 1583 sermonibus

227 1623 498 1690 aestimo
546 1617 866 1715 plurimi.
913 1620 1104 1712 Ergo
1151 1612 1517 1712 aliquid¹4
1572 1612 1930 1686 conficies.
1974 1621 2362 1707 Praeterea,

204 1732 288 1816 ²si
326 1729 503 1826 quid
546 1728 928 1825 Philippus
970 1726 1280 1821 rogavit,
1316 1723 1517 1821 quod
1561 1726 1639 1795 in
1675 1748 1804 1796 sua
1837 1750 1915 1796 re
1959 1723 2260 1816 faceres,
2285 1728 2362 1800 id

228 1840 445 1910 velim
482 1836 717 1908 facias,
768 1837 979 1907 Plura
1011 1832 1322 1906 scribam
1365 1832 1453 1903 ad
1499 1849 1608 1922 te,
1651 1860 1881 1933 quum
1926 1838 2363 1909 constitero:

230 1972 432 2019 nunc
475 1971 670 2018 eram
707 1946 920 2044 plane
965 1949 1037 2014 in
1082 1943 1323 2014 medio
1364 1944 1566 2012 marii

311 2105 390 2138 ιι.
417 2090 651 2135 Futurum
677 2087 755 2135 sit.
780 2086 991 2151 Supple,
1017 2085 1186 2134 sciam.

1343 2085 1593 2133 volumine
1615 2086 1676 2133 de
1696 2087 1824 2136 villa
1840 2088 2148 2148 Horatiana,
2182 2091 2243 2139 de
2269 2108 2366 2156 qna

310 2184 332 2214 1
345 2184 396 2216 α.
415 2169 491 2213 De
505 2177 635 2214 strue
653 2163 880 2214 laterum.
903 2167 1033 2213 vict.
1053 2176 1103 2213 et
1119 2168 1257 2214 Man.

1345 2157 1515 2228 gallice
1536 2165 1690 2212 tribus
1703 2168 1848 2213 tomis
1871 2169 2065 2233 scripsit
2079 2204 2095 2225 ‚
2118 2185 2228 2234 pag.
2247 2174 2366 2231 245,

234 2245 523 2295 salinarum.
560 2244 854 2304 Emendavi,
882 2244 944 2292 de
971 2253 1102 2292 strue
1132 2245 1257 2292 Iace-

238 2341 345 2373 rum
361 2358 379 2383 ,
414 2340 565 2389 quum
604 2323 825 2389 legissem
860 2324 912 2371 in
941 2323 1260 2372 Tornoesinno

237 2417 287 2454 et
310 2405 607 2462 Crunellino‚
634 2403 849 2451 destrues
870 2403 1091 2452 alterum.
1114 2403 1261 2466 Cogi-

240 2485 375 2533 tabat
400 2484 574 2534 Cicero
611 2482 672 2530 de
699 2498 838 2547 nqnae
872 2482 1025 2530 ductu
1049 2481 1261 2531 lateritio

241 2562 467 2612 faciendo
481 2598 497 2622 ,
518 2562 658 2623 cuiue
676 2562 861 2626 generis
888 2560 1262 2625 quatuordecim

240 2641 388 2688 fnisse
426 2642 598 2688 Romae
633 2638 785 2687 tradit
822 2639 1091 2704 Procopius
1131 2638 1262 2686 libro

243 2720 419 2784 primo.
444 2722 646 2768 Bosme.

322 2800 404 2847 13.
437 2800 511 2846 De
534 2814 684 2861 aqua.
710 2796 921 2844 Videtur
947 2797 1026 2861 agi
1052 2795 1112 2845 de
1138 2812 1263 2860 aqua

243 2878 426 2927 Crabra
439 2910 455 2934 ‚
492 2892 584 2939 pro
618 2893 714 2939 qun
735 2875 946 2924 vidimus
980 2877 1264 2924 Ciceronem

244 2955 457 3018 vectigal
469 2954 757 3001 Tusculanis
772 2954 1077 3018 pependisse.
1100 2951 1267 3001 Abba

246 3033 535 3098 ἅψηται-εἰη
594 3032 658 3079 de
710 3031 912 3097 Chaupy
951 3034 1005 3080 in
1051 3031 1266 3081 secundo

244 3183 1078 3209 mmmmm

1346 2242 1602 2290 contendit
1627 2243 1841 2292 eamdem
1870 2259 1971 2293 esee
1997 2264 2054 2294 nc
2081 2264 2252 2312 nquam
2284 2250 2369 2298 de-

1345 2321 1584 2370 eilientem
1609 2323 1672 2369 ad
1690 2324 1919 2371 Frascaei
1930 2359 1945 2385 ,
1972 2338 2227 2392 ceteraque
2267 2331 2373 2391 ejus

1347 2404 1536 2467 generis
1555 2412 1836 2452 ornamenta
1855 2404 1983 2452 villae
2010 2406 2152 2455 dictae
2179 2408 2234 2455 di
2255 2409 2372 2456 Bel-

1310 2538 1323 2541 ,
1348 2482 1530 2530 vedere.
1558 2483 1717 2545 Neget
1737 2494 1898 2531 antem
1915 2485 2177 2534 Tuaculani
2203 2487 2370 2534 locum

1347 2576 1476 2619 eece,
1493 2570 1549 2607 nt
1565 2560 1788 2625 plerique
1799 2570 2000 2627 putant,
2021 2566 2084 2612 ad
2112 2568 2162 2614 Ia
2194 2568 2374 2614 Graeca

1332 2638 1537 2705 sermea
1547 2658 1566 2696 ,·
1587 2640 1672 2687 sed
1690 2641 1943 2689 contendit
1955 2660 2130 2707 aquam
2142 2645 2374 2693 Crabrnm

1349 2716 1533 2765 nullam
1566 2719 1710 2766 fnisse
1735 2736 1796 2768 ex
1811 2720 1894 2768 his
1920 2737 2028 2784 qnae
2055 2723 2108 2769 in
2132 2721 2224 2785 hec
2253 2724 2379 2771 velle
2449 2718 2456 2724 ’

1350 2797 1674 2860 reperiuntur,
1700 2812 1858 2863 neque
1885 2801 2158 2848 Mai-mnam
2177 2836 2192 2859 ,
2219 2819 2379 2866 neque

1351 2875 1617 2939 Tepulam,
1645 2877 1780 2940 qnod
1807 2878 1890 2925 alil
1916 2878 2228 2929 somniarunt.
2266 2882 2381 2929 Hoc

1353 2965 1620 3002 extremum
1643 2958 1692 3003 J.
1711 2956 1778 3003 V.
1806 2959 1862 3003 L.
1895 2957 2136 3007 coneedit.
2166 2960 2261 3007 En.

1431 3041 1511 3090 14.
1537 3032 1638 3081 Alii
1654 3066 1669 3087 ‚
1694 3033 1829 3096 quid.
1854 3037 1902 3082 J.
1932 3036 1994 3082 V.
2020 3036 2074 3084 L-

1444 3184 1905 3204 mmmm
1908 3183 2369 3206 mm

881 3314 1469 3393 EPISTOLA
1526 3317 1770 3394 XIII.

251 3452 463 3514 Scribit
490 3450 602 3511 sibi
631 3470 812 3530 quum
839 3447 1133 3526 Ephesum
1154 3446 1418 3520 venisset,
1442 3448 1652 3507 multas
1669 3448 1984 3525 legationes
2009 3469 2387 3528 magnamque

335 3550 693 3627 privatorum
720 3544 1145 3605 multitudinem
1172 3557 1383 3621 praesto
1412 3545 1603 3606 fuisse.
1631 3546 1809 3604 Attici
1834 3544 2067 3623 negotia
2094 3547 2206 3604 sibi
2235 3568 2389 3606 curae

339 3647 543 3717 suisse3
570 3645 819 3723 denique
846 3645 1059 3702 iterum
1087 3653 1256 3721 rogat
1274 3684 1292 3712 ,

1344 3656 1409 3700 ut
1443 3642 1657 3700 efficiat
1696 3663 1769 3700 ne
1800 3641 1912 3700 sibi
1948 3644 2263 3720 provinciae
2292 3645 2392 3703 ad-

338 3743 681 3801 ministratio
713 3752 1089 3820 prorogetur,
1132 3752 1193 3796 et
1219 3750 1285 3796 ut
1318 3739 1544 3815 reliqua
1579 3738 1848 3797 mandata
1889 3752 2072 3798 curet.
2115 3740 2386 3819 (Ephesi,

298 3870 313 3881 2
341 3859 495 3899 anno
516 3844 589 3900 U.
618 3843 683 3898 C.
714 3858 824 3913 702
841 3881 859 3911 ‚
892 3857 1091 3921 mense
1112 3835 1387 3915 quintili.)

940 3984 1253 4050 CICERO
1299 3983 1607 4047 ATTICO
1655 3981 1719 4048 S.

368 4109 720 4177 Ernsssuna
759 4107 1092 4175 venimus
1120 4130 1180 4178 a.
1215 4102 1286 4174 d.
1330 4128 1401 4172 xi
1434 4100 1571 4175 kal.
1627 4116 1802 4173 sext.
1855 4108 2292 4200 sexagesimo
2331 4118 2401 4173 et

462 4225 556 4290 11'.
610 4236 699 4284 Cic.
725 4250 838 4297 pars
870 4244 1047 4297 quarta.

2069 4217 2160 4287 36

2074 4492 2142 4543 ἃ
