3023 4773
553 381 1097 451 EPISTOLAE
1147 382 1280 449 AD
1335 381 1845 466 ΑΤΤῙουΜ,
1889 384 1959 467 1,
2009 406 2111 476 ¹7·
2259 381 2397 476 329

278 517 554 600 quanto
607 505 820 574 etiam
871 502 1083 574 latius
1139 516 1375 599 patet,
1429 524 1650 599 quam
1706 501 2013 589 videtur,
2067 510 2400 600 praesenti

279 613 409 683 tibi
443 612 893 684 commodius
922 635 1301 710 exponam.

370 728 479 793 De
523 722 607 793 iis
652 722 904 808 literis,
944 745 1123 821 quas
1159 721 1250 791 ad
1299 736 1371 791 te
1412 720 2175 808 Thessalonicamisit,
2208 736 2280 793 et
2310 722 2400 795 de

274 829 731 900 sermonibus
751 886 770 916 ,
805 855 992 927 quos
1027 828 1119 900 ab
1157 829 1281 900 illo
1309 845 1383 901 et
1411 834 1658 901 Romae
1684 829 1879 928 apud
1906 833 2174 902 amicos
2202 847 2401 917 tuoS,

274 955 347 1010 et
376 942 453 1009 in
488 942 745 1011 itinere
775 939 1059 1011 habitos
1085 954 1337 1038 putas3
1370 940 1635 1037 ecquid
1663 938 1989 1010 tantum⁵
2018 966 2247 1011 causae
2277 942 2364 1012 sit
2382 995 2402 1022 ‚

275 1054 581 1148 ignoro:
627 1051 748 1122 sed
785 1054 1023 1122 omnis
1058 1051 1135 1120 in
1169 1064 1293 1119 tua
1322 1051 1555 1146 posita
1593 1066 1701 1122 est
1738 1051 2187 1122 humanitate
2231 1050 2403 1122 mihi

275 1183 435 1256 spes
473 1160 687 1255 hujus
725 1160 1044 1232 levandae
1071 1159 1437 1230 molestiae.
1471 1165 1652 1232 Nam
1677 1215 1697 1247 ,
1733 1161 1793 1231 si
1820 1162 1915 1231 ita
1941 1162 2305 1246 statueris,
2336 1175 2409 1232 et

273 1270 659 1343 irritabiles
691 1274 971 1342 animos
1004 1295 1158 1341 esse
1193 1271 1641 1367 optimorum
1677 1295 1862 1367 saepe
1893 1270 2312 1350 hominum,
2337 1283 2410 1338 e‘t

276 1381 571 1453 eosdem
609 1380 1035 1479 placabiles;
1073 1395 1146 1451 et
1182 1403 1337 1451 esse
1378 1378 1569 1450 hanc
1599 1380 2023 1476 agilitatem,
2059 1393 2143 1448 ut
2175 1379 2274 1454 ita
2306 1377 2409 1448 di-

277 1515 469 1578 cam,
509 1491 1031 1588 mollitiamque
1069 1506 1339 1561 naturae
1383 1490 1818 1586 plerumque
1852 1485 2270 1574 bonitatisfi,
2297 1501 2406 1572 et,

273 1601 348 1671 id
380 1600 580 1698 quod
615 1616 834 1699 caput
871 1616 1013 1688 est,
1047 1600 1258 1672 nobis
1289 1602 1479 1672 inter
1510 1625 1646 1670 nos
1683 1612 1927 1670 nostra
1960 1603 2106 1668 sive
2138 1599 2409 1671 incom-

277 1710 527 1796 moda,
562 1715 710 1781 sive
745 1713 955 1797 vitia,
990 1714 1136 1782 sive
1176 1711 1477 1805 injurias
1518 1735 1672 1783 esse
1711 1709 2158 1781 tolerandas:
2204 1706 2407 1781 facile

276 1819 428 1892 haec
444 1875 464 1909 ,
483 1819 1099 1918 quemadmodum
1124 1844 1371 1916 spero,
1392 1820 1942 1919 mitigabuntur.
1972 1815 2188 1908 Quod
2204 1869 2223 1901 ,
2245 1841 2405 1913 eg0,

274 1946 360 2000 ut
399 1930 651 2014 facia,
707 1944 776 1999 te
829 1953 984 1999 oro.
1034 1933 1218 2000 Nam
1263 1929 1349 2000 ad
1401 1955 1558 2017 me,
1602 1933 1728 2027 qui
1778 1945 1847 2001 te
1894 1932 2107 2007 unice
2143 1926 2408 2025 diligo,

273 2043 590 2109 maxime
629 2040 984 2135 pertinet,
1022 2042 1388 2109 neminem
1422 2063 1575 2110 esse
1608 2064 1936 2113 meorum
1957 2094 1976 2125 ,
2017 2040 2145 2136 qui
2179 2051 2307 2109 aut
2338 2051 2410 2108 te

276 2172 431 2219 non
468 2161 695 2232 amet,
738 2161 862 2219 aut
896 2145 1023 2218 abs
1061 2162 1131 2218 te
1168 2172 1320 2219 non
1359 2163 1664 2220 ametur.

375 2258 500 2329 Illa
553 2282 716 2355 pars
768 2257 1087 2356 epistolae
1138 2273 1279 2329 tuae
1325 2261 1624 2329 minime
1674 2257 1810 2329 fuit
1854 2260 2288 2345 necessaria,
2333 2259 2406 2328 in

277 2393 421 2466 qua
466 2370 805 2467 exponiS‚
842 2393 1023 2466 quas
1066 2367 1440 2442 facultates
1483 2382 1608 2441 aut
1655 2370 2241 2467 provincialium,
2286 2386 2410 2442 aut

277 2476 721 2559 urbanorum
753 2479 1303 2566 commodorum
1325 2534 1345 2565 ,
1376 2495 1451 2552 et
1482 2478 1638 2550 aliis
1666 2479 2116 2576 temporibus
2138 2535 2158 2567 ,
2188 2495 2262 2552 et
2293 2505 2407 2552 me

277 2590 434 2683 ipso
475 2587 773 2677 consule
796 2642 816 2674 ,
860 2591 1420 2685 praetermiseris,
1451 2589 1631 2661 Mihi
1664 2592 1856 2661 enim
1890 2606 2264 2688 perspecta
2300 2605 2408 2663 est

279 2699 727 2794 ingenuitas⁷
763 2711 845 2776 'et
884 2698 1308 2797 magnitudo
1344 2701 1568 2769 animi
1604 2701 1743 2793 tui3
1781 2725 2022 2797 neque
2053 2725 2190 2797 ego
2216 2701 2405 2770 inter

279 2831 394 2877 me
432 2823 652 2905 atque
685 2824 760 2879 te
796 2809 1193 2905 quidquam
1227 2811 1572 2885 interesse
1607 2834 1950 2906 umquam
1979 2809 2195 2896 duxi,
2225 2834 2404 2907 prae-

277 2933 388 2988 ter
420 2917 861 3007 voluntatem
896 2920 1237 3006 institutae
1263 2921 1424 2989 vitae
1453 2947 1469 2989 ε
1506 2917 1706 3016 quod
1740 2943 1855 2990 me
1884 2919 2182 2990 ambitio
2217 2943 2407 3016 quae-

279 3025 443 3096 dam
482 3026 573 3100 ad
610 3027 975 3114 honorum
1015 3028 1332 3114 studium
1359 3084 1379 3118 ,
1412 3044 1483 3100 te
1520 3041 1759 3112 autem
1800 3028 1934 3098 alia
1970 3029 2266 3098 minime
2300 3052 2407 3098 re·

277 3133 795 3233 prehendenda
846 3141 1028 3207 ratio
1081 3136 1172 3207 ad
1225 3136 1614 3221 honestum
1668 3139 1897 3217 otium
1943 3136 2171 3207 duxit.
2224 3140 2408 3206 Vera

277 3246 573 3343 quidem
610 3247 819 3319 laude
857 3245 1266 3344 probitatis,
1303 3247 1719 3345 diligentiae,
1745 3249 2142 3345 religioniS,
2170 3271 2409 3344 neque

277 3383 393 3429 me
445 3357 618 3447 tibi,
662 3383 903 3456 neque
953 3382 1394 3454 quemquam
1447 3374 1867 3456 antepono:
1920 3359 2184 3430 amoris
2235 3381 2407 3429 vero

279 3493 445 3566 erga
482 3493 633 3555 me,
675 3493 903 3566 quum
947 3493 987 3538 a
1030 3466 1346 3539 fraterno
1389 3493 1635 3554 amore
1672 3468 2217 3562 domesticoque
2262 3464 2406 3537 dis-

348 3695 394 3741 5.
423 3693 616 3741 Erum.
639 3694 775 3753 conj.
804 3675 1017 3739 iandem.
1037 3693 1070 3738 J
1076 3692 1174 3739 .V.
1204 3695 1257 3739 L.
1382 3690 1436 3738 id
1479 3691 1649 3739 secisse
1689 3708 1791 3738 non
1834 3702 1989 3740 astute
2013 3725 2028 3749 ,
2073 3704 2157 3754 aut
2182 3692 2305 3752 alius
2338 3693 2405 3740 rei

344 3773 398 3819 6.
428 3772 623 3819 lallem.
642 3770 864 3820 bonitati.
888 3770 936 3819 J.
956 3772 1012 3817 V.
1038 3771 1090 3817 L.
1384 3786 1555 3827 causa,
1591 3786 1736 3834 quam
1784 3770 2123 3834 suspicabatur
2164 3773 2400 3836 Quintus,

348 3867 395 3911 7.
425 3851 728 3916 Ingenuieas.
748 3851 916 3897 Minus
943 3849 1068 3896 bene
1092 3848 1201 3907 ulii,
1221 3849 1292 3895 in-
1380 3848 1467 3896 sed
1508 3850 1561 3895 in
1612 3865 1784 3912 genere
1824 3850 1957 3913 quod
2006 3850 2285 3899 abhorreret
2337 3851 2400 3899 ab

275 3932 490 3995 tegritas.
549 3931 723 3979 Cicero
767 3927 1006 3993 significat
1047 3928 1139 3976 sibi
1188 3945 1290 3976 esse
1381 3926 1514 3976 omni
1552 3929 1803 3975 functione
1829 3928 2053 3992 publica,
2089 3943 2137 3978 et
2166 3932 2285 3980 isto·
2318 3931 2405 3978 bo·

271 4009 933 4073 persuasumAttieum,qnod
952 4009 1160 4056 noluerit
1179 4025 1287 4056 cnm
1379 4023 1523 4054 nores
1544 4007 1690 4053 animi
1709 4006 1915 4070 quadam
1933 4009 2262 4073 magnitudine
2285 4025 2385 4057 sen

275 4090 339 4150 Q.
377 4090 524 4137 fratre
552 4089 603 4135 in
641 4087 943 4152 provinciam
972 4088 1040 4137 ine
1074 4088 1289 4151 legatus,
1379 4104 1466 4152 per
1483 4098 1834 4138 contemneret.
1861 4090 1950 4137 En.
