3023 4773
665 413 752 483 72
899 468 902 473 ,
1307 393 1402 459 Μ.
1455 391 1532 459 T.
1588 392 2144 461 CICERONIS

659 592 931 612 mmm
938 592 2330 617 nsmmmmmmmmmmmmm,
2338 595 2791 616 mmmm

1276 771 1874 850 EPISTOLA
1936 774 2175 851 LXI.

663 920 1039 980 Commendat
1074 922 1342 981 Pinnium
1383 921 1668 998 Bithyniae
1705 923 2056 1001 propraetori
2094 924 2154 981 in
2204 924 2487 1001 exigenda
2519 925 2791 1002 pecunia,

782 1039 954 1097 quam
984 1020 1038 1078 ei
1064 1019 1388 1078 Nicaeenses
1412 1016 1726 1077 debebant.
1758 1017 1876 1099 (Εἰ
1889 1020 2090 1080 Cilicia
2106 1067 2121 1088 ‚
2150 1040 2304 1079 anno
2326 1026 2399 1081 U.
2427 1023 2491 1083 C.
2516 1020 2674 1098 702.)

1090 1197 1181 1279 Μ.
1214 1199 1291 1262 Τ.
1331 1198 1400 1262 ο.
1435 1199 1507 1264 P.
1543 1198 1766 1265 S1L1o
1820 1197 2127 1262 PROPR.
2165 1199 2229 1262 s,
2266 1201 2350 1263 D.

760 1341 837 1408 T.
872 1341 1126 1407 Pmmo
1159 1334 1700 1408 familiarissime
1739 1361 1853 1407 me
1882 1362 2093 1408 usum
2123 1361 2275 1409 esse
2298 1393 2316 1424 ,
2357 1341 2537 1409 scire
2573 1355 2643 1410 te
2690 1364 2794 1409 ar-

664 1446 898 1517 bitror
936 1474 953 1516 :
1000 1446 1197 1543 quod
1235 1446 1532 1544 quidem
1575 1449 1692 1518 ille
1730 1462 2165 1518 testamento
2205 1447 2629 1534 declaravit,
2666 1449 2795 1545 qui

668 1581 784 1626 me
837 1581 1064 1652 quum
1115 1570 1470 1645 tutorem,
1521 1572 1674 1628 tum
1730 1559 1941 1628 etiarn
1993 1556 2391 1629 secundum
2449 1556 2795 1628 heredem

667 1668 1075 1737 instituerit.
1132 1666 1304 1762 Ejus
1350 1665 1503 1737 filio
1548 1670 1729 1738 mire
1773 1666 2168 1752 studioso¹,
2221 1682 2292 1738 et
2344 1667 2666 1753 erudit0,
2730 1683 2800 1740 et

668 1776 1041 1864 modest0,
1087 1778 1470 1873 pecuniam
1521 1778 1921 1847 Nicaeenses
1963 1776 2308 1873 grandem
2352 1776 2661 1863 debent,
2712 1775 2801 1846 ad

669 1891 820 1956 H-s
864 1887 1218 1984 octogies3
1254 1900 1361 1973 et,
1404 1901 1486 1956 ut
1514 1886 1766 1975 audio,
1808 1890 1881 1957 in
1924 1889 2207 1985 primis²
2243 1888 2502 1958 volunt
2541 1888 2609 1958 ei
2652 1886 2799 1958 sol-

671 2021 859 2067 vere.
882 1999 1298 2093 Pergratum
1324 1997 1546 2092 igitur
1572 1997 1747 2066 mihi
1772 1997 2022 2068 feceris
2040 2052 2059 2084 ,
2084 1997 2379 2095 quando
2403 2022 2553 2067 non
2580 1996 2804 2067 modo

673 2104 933 2203 reliqui
956 2120 1254 2195 tutoreS,
1273 2111 1400 2203 qui
1429 2108 1690 2193 sciunt,
1726 2111 1979 2205 quanti
2004 2133 2120 2179 me
2140 2108 2391 2197 facias,
2437 2106 2561 2179 sed
2590 2108 2801 2177 etiam

672 2240 855 2313 puer
897 2217 1050 2313 ipse
1092 2215 1229 2287 sibi
1277 2219 1672 2314 persuasit,
1713 2231 1788 2287 te
1827 2219 2068 2287 omnia
2110 2242 2270 2289 mea
2319 2241 2531 2288 causa
2571 2214 2802 2285 factu-

671 2348 836 2394 rum
876 2349 1065 2413 esse,
1097 2328 1154 2396 si
1200 2324 1484 2397 dederis
1525 2350 1860 2424 operam,
1905 2326 2148 2424 quoad
2191 2342 2312 2398 tua
2359 2325 2537 2397 fides
2575 2324 2807 2423 digni-

674 2450 923 2531 tasque
954 2439 1296 2531 patietur,
1333 2451 1414 2505 ut
1442 2460 1660 2532 quam
1693 2439 2008 2535 primum
2042 2438 2348 2534 pecunia
2375 2437 2635 2507 Pinnio
2671 2435 2809 2506 sol-

671 2559 882 2615 vatur
909 2546 1375 2616 Nicaeensium
1413 2550 1730 2618 nomine.

756 2725 1053 2774 asadiam.
1076 2727 1209 2775 Nota
1234 2727 1422 2776 dictum
1444 2728 1749 2794 simpliciter.
1824 2732 1947 2778 πλη
1959 2727 2154 2794 primis.
2175 2729 2307 2777 Ante
2327 2739 2514 2777 cetero·
2532 2726 2811 2776 creditorem

680 2905 1134 2925 mmmm
1415 2906 1967 2926 mmm
1971 2906 2245 2926 mm
2250 2905 2427 2925 mm
2434 2905 2714 2924 mmm
2724 2904 2814 2923 m

1273 3085 1874 3180 EPISTOLA
1929 3100 2200 3178 LXII.

683 3279 770 3331 De
802 3272 1010 3331 Attilio
1043 3272 1254 3349 gratias
1295 3271 1448 3348 agit:
1491 3291 1657 3332 suum
1706 3271 1942 3329 fratrem
1993 3267 2375 3327 commendat.
2419 3267 2539 3346 (Ex
2581 3267 2816 3339 Cilicia,

1483 3387 1638 3425 anno
1667 3372 1739 3427 U.
1766 3369 1830 3425 C.
1865 3365 2024 3443 702.)

1124 3555 1217 3617 M.
1239 3551 1315 3616 T.
1352 3553 1425 3617 C.
1458 3553 1533 3616 P.
1572 3553 1789 3617 SILIO
1843 3552 2148 3615 PROPR.
2188 3553 2252 3615 S.
2292 3552 2372 3615 D.

785 3699 889 3764 Er
917 3695 990 3763 in
1022 3695 1243 3764 Attilii
1271 3695 1566 3791 negotio
1605 3709 1675 3765 te
1701 3696 1951 3765 amavi.
1991 3696 2239 3785 Quum
2268 3694 2461 3764 enim
2497 3716 2659 3762 sero
2695 3718 2820 3764 ve-

687 3805 951 3875 nissem
977 3812 1027 3889 ¹,
1048 3815 1286 3873 tamen
1313 3804 1697 3875 honestum
1719 3806 2033 3902 equitem
2064 3828 2442 3876 romanum
2461 3800 2825 3874 beneficio

691 3929 818 3984 tuo
855 3916 1286 3983 conservavi.
1314 3905 1403 3984 Et
1437 3915 1851 3987 mehercule
1882 3940 2167 4014 semper
2202 3914 2396 3987 sicin
2430 3914 2674 3985 animo
2698 3911 2824 3983 ha—

772 4128 816 4159 1.
843 4111 1098 4160 venissem.
1121 4115 1178 4158 In
1201 4114 1521 4177 provinciam.
