3023 4773
802 381 1351 526 EP'1s'r0LAE‚
1401 447 1620 526 XIV,
1668 443 1732 514 3.
2235 475 2332 548 99

195 569 539 637 virtutem
569 580 643 636 et
670 564 1112 663 diligentiam
1140 590 1290 636 non
1309 569 1742 664 praestitisse.
1782 571 1963 640 Nam
1992 573 2091 641 mi
2109 570 2138 615 3
2165 589 2331 646 ante

196 677 449 748 oculos
478 675 633 747 dies
662 690 1058 772 noctesque
1094 690 1415 746 versatur
1449 677 1745 772 squalor
1769 693 2024 764 vester,
2049 695 2122 751 et
2146 707 2331 754 moe-

194 813 339 870 ror,
372 800 450 858 et
492 783 870 857 infirmitas
915 785 1327 856 valitudinis
1370 800 1509 856 tuae
1544 813 1559 855 :
1603 811 1766 884 spes
1809 803 2049 858 autem
2086 793 2334 865 salutis

192 901 571 995 pertenuis
597 896 1025 968 ostenditur.
1050 896 1332 966 Inimici
1368 910 1541 966 sunt
1566 897 1775 967 multi
1804 925 1822 985 ;
1868 899 2093 970 invidi
2127 923 2333 999 paene

190 1031 475 1078 omnes.
504 1006 776 1100 Ejicere
807 1030 942 1077 nos
977 1029 1324 1102 magnum
1359 1003 1529 1091 fuit,
1558 1006 1939 1079 excludere
1966 1008 2170 1081 facile
2204 1026 2331 1082 est.

189 1115 336 1187 Sed
375 1131 656 1202 tamen,
695 1114 1046 1211 quamdiu
1077 1139 1208 1185 vos
1248 1116 1445 1186 eritis
1474 1117 1551 1185 in
1591 1140 1719 1214 spe
1742 1172 1760 1204 ,
1788 1142 1940 1188 non
1974 1118 2334 1209 deficiam,
2373 1169 2380 1180 ·

190 1251 285 1296 ne
321 1230 576 1296 omnia
602 1249 764 1296 mea
783 1225 995 1323 culpa
1021 1224 1359 1296 cecidisse
1386 1224 1785 1296 videantur.
1812 1231 1912 1298 Ut
1941 1234 2148 1300 tuto‘*
2177 1232 2338 1313 sim,

192 1337 401 1433 quod
458 1335 778 1424 laboraS,
834 1334 910 1405 id
970 1334 1148 1404 mihi
1203 1359 1402 1405 nunc
1446 1331 1872 1406 facillimum
1919 1352 2064 1425 est;
2115 1364 2338 1436 quem

193 1449 416 1517 etiam
446 1449 726 1516 inimici
753 1446 1011 1516 volunt
1045 1448 1286 1515 vivere
1312 1445 1388 1513 in
1426 1442 1539 1513 his
1571 1448 1789 1515 tantis
1827 1448 2151 1518 miseriis.
2190 1453 2341 1545 Ego

198 1574 449 1629 tamen
487 1555 783 1645 faciam,
829 1582 991 1653 quae
1024 1556 1374 1654 praecipis.

300 1670 602 1755 AmiciS,
641 1666 912 1764 quibus
950 1666 1269 1752 voluisti,
1318 1668 1428 1764 egi
1470 1669 1770 1762 gratias,
1827 1682 1900 1738 et
1941 1692 2060 1738 eas
2104 1669 2344 1740 literas

197 1775 586 1876 Dexippo⁵
621 1776 827 1862 dedi,
865 1800 1130 1872 meque
1159 1773 1251 1845 de
1280 1799 1537 1846 eorum
1574 1774 1855 1863 officio,
1883 1779 2173 1873 scripsi,
2208 1802 2248 1848 a
2274 1793 2347 1849 te

199 1891 591 1960 certiorem
610 1910 762 1959 esse
789 1884 1079 1957 factum.
1111 1887 1445 1956 Pisonem
1484 1900 1816 1957 nostrum
1842 1885 2152 1958 mirifico
2192 1913 2346 1960 esse

200 1999 448 2069 studio
489 2002 568 2068 in
613 2022 749 2068 nos
787 2012 861 2069 et
906 1994 1190 2081 officie,
1234 2010 1306 2065 et
1350 2020 1485 2092 ego
1529 1995 1925 2093 perspicio,
1969 2011 2041 2068 et
2094 2022 2351 2070 omnes

201 2107 630 2205 praedicant.
714 2108 832 2176 Dii
911 2103 1176 2191 faxint,
1235 2119 1320 2175 ut
1402 2104 1525 2175 tali
1602 2130 1869 2202 genero
1937 2107 2113 2177 mihi
2178 2133 2352 2205 prae-

202 2219 389 2289 senti
445 2233 690 2289 tecum
733 2215 948 2286 simul
990 2230 1063 2287 et
1107 2239 1277 2286 cum
1320 2213 1566 2285 liberis
1612 2217 1876 2287 nostris
1919 2215 2067 2287 frui
2115 2218 2351 2291 liceat!

203 2334 421 2401 Nunc
460 2352 628 2427 spes
672 2327 952 2425 reliqua
989 2340 1098 2399 est
1140 2328 1218 2396 in
1255 2326 1461 2397 novis
1498 2324 1811 2397 tribunis
1854 2326 2124 2426 plebis,
2168 2344 2241 2401 et
2280 2332 2354 2403 in

201 2441 461 2537 primis
488 2438 789 2537 quidem
820 2437 1077 2509 diebus
1110 2465 1125 2506 ε
1165 2461 1336 2506 nam
1377 2440 1431 2507 si
1468 2441 1917 2527 inveterarit,
1946 2454 2188 2511 actum
2223 2454 2349 2512 est.

200 2555 299 2620 Ea
320 2576 405 2620 re
427 2548 521 2620 ad
546 2564 616 2619 te
638 2552 876 2619 statim
904 2548 1404 2618 Aristocritum
1425 2549 1610 2637 misi,
1638 2563 1719 2619 ut
1743 2549 1829 2620 ad
1853 2575 1969 2620 me
1997 2554 2353 2622 continuo

201 2663 411 2732 initia
458 2683 707 2730 rerum
761 2673 834 2729 et
874 2661 1234 2729 rationem
1283 2662 1504 2729 totius
1557 2661 1827 2757 negotii
1882 2685 2130 2758 posses
2185 2662 2357 2732 scri-

201 2771 425 2856 bere,
481 2770 614 2841 etsi
670 2769 1007 2866 Dexippo
1061 2793 1358 2864 quoque
1421 2769 1520 2839 ita
1569 2771 1949 2867 imperavi,
1994 2772 2230 2842 statim
2276 2786 2360 2842 ut

200 2894 672 2953 recurreret:
709 2894 781 2949 et
816 2878 905 2948 ad
946 2876 1242 2949 fratrem
1283 2880 1485 2966 misi,
1520 2894 1606 2948 ut
1649 2878 1904 2950 crebro
1951 2881 2360 2953 tabellarios

205 2994 565 3063 mitteret.
588 2991 775 3059 Nam
795 3012 931 3085 ego
951 3013 1038 3058 eo
1057 2988 1357 3059 nomine
1377 3013 1536 3059 sum
1555 2988 1980 3085 Dyrrhachii
2001 2990 2144 3061 hoc
2178 3004 2359 3060 tem-

202 3128 432 3200 pore,
486 3114 577 3170 ut
622 3123 843 3197 quam
890 3099 1263 3170 celerrime
1291 3153 1310 3186 ,
1369 3098 1549 3196 quid
1596 3113 1874 3195 agatur,
1919 3098 2245 3189 audiam,
2290 3114 2363 3170 et

201 3238 369 3285 sum
414 3226 606 3282 tuto,
654 3212 916 3281 Civitas
947 3213 1140 3281 enim
1178 3209 1329 3280 haec
1367 3234 1650 3308 semper
1679 3237 1720 3281 a
1758 3234 1873 3281 me
1898 3208 2194 3280 defensa
2231 3224 2358 3280 est.

202 3329 464 3415 Quum
506 3324 780 3393 inimici
816 3321 1051 3393 nostri
1083 3322 1333 3391 venire
1371 3319 1730 3407 dicentur,
1765 3335 1921 3391 tum
1959 3324 2036 3391 in
2063 3323 2363 3417 Epirum

200 3435 354 3507 ibo.
402 3432 633 3526 Quod
663 3430 939 3517 scribiS,
979 3444 1072 3516 te,
1103 3433 1164 3500 si
1201 3431 1452 3518 velim,
1481 3430 1571 3500 ad
1601 3456 1717 3502 me
1759 3444 2139 3502 venturam
2171 3457 2187 3499 ε
2230 3454 2364 3528 ego

201 3571 427 3633 vern,
477 3567 714 3640 quum
758 3544 976 3613 sciam
1016 3564 1348 3636 magnam
1394 3555 1672 3638 partem
1710 3541 1913 3611 istius
1951 3542 2191 3611 oneris
2237 3540 2366 3612 abs

202 3672 276 3728 te
318 3655 715 3738 sustiueri,
763 3667 834 3724 te
875 3652 1033 3722 istic
1069 3676 1222 3722 esse
1267 3650 1456 3721 volo.
1505 3652 1577 3720 si
1615 3648 1960 3748 perficitis
1993 3650 2195 3747 quod
2228 3654 2369 3748 agi-

207 3770 299 3839 tis
322 3824 347 3855 ‚
390 3791 510 3837 me
548 3762 639 3835 ad
677 3788 805 3834 vos
838 3766 1088 3833 venire
1126 3775 1433 3859 oportet.
1472 3761 1597 3831 Sin
1626 3756 1867 3829 autem
1874 3813 1995 3830 .....
2031 3760 2157 3832 sed
2187 3760 2366 3830 nihil

278 4018 333 4062 3.
362 4014 570 4061 Lallem.
592 4010 725 4060 nu'hi.
750 4014 798 4062 J.
819 4011 889 4059 V.
914 4011 973 4056 L.
1413 4007 1464 4055 5.
1485 4004 1575 4053 Ed.
1594 4006 1739 4053 Grut.
1768 4003 1994 4069 Desipp0.
2017 4004 2259 4053 Mendose
2274 4040 2288 4064 ‚
2314 4017 2368 4052 ut

280 4104 336 4147 4.
380 4094 447 4139 Ue
470 4104 577 4140 tuto
605 4091 712 4140 sim.
748 4090 868 4140 Scil.
892 4088 963 4135 ibi
980 4122 994 4146 ,
1018 4088 1103 4135 nbi
1126 4104 1250 4135 sum.
1341 4085 1548 4132 videtur.
1576 4083 1774 4132 Habent
1800 4096 1961 4133 tamen
1990 4086 2140 4142 MSS,
2181 4095 2232 4131 et
2257 4085 2368 4130 reti-

195 4174 331 4221 εει,
1342 4174 1426 4213 net
1452 4164 1690 4214 Gra-vius.
1718 4165 1767 4213 J.
1784 4164 1847 4213 V.
1877 4167 1931 4213 L.

2066 4271 2128 4339 7.
