3023 4773
756 379 1314 465 EPISTOLAE,
1345 380 1581 465 xm,
1615 377 1727 473 76.

181 572 829 595 mmmm

2220 373 2309 469 ⁸7

684 740 1317 821 EPISTOLA
1378 741 1804 820 LXXVI.

165 896 319 956 Petit
345 899 417 956 C.
439 895 651 975 Valgia
683 908 895 974 empta
923 895 1302 973 possessionis
1340 896 1402 955 in
1436 916 1579 975 agro
1601 897 1950 975 'Fregellano
1976 898 2311 957 immunita-

926 1006 1060 1052 tem.
1085 992 1281 1073 (Anno
1302 993 1574 1067 incerto.)

192 1176 289 1242 M.
311 1177 392 1242 T.
432 1177 510 1241 C.
544 1176 1196 1260 QUATUORVIRJS
1240 1176 1355 1239 ET
1396 1176 2053 1242 DECURIONIBUS·
2092 1178 2158 1243 S.
2198 1181 2277 1244 D.

263 1330 542 1397 Tan-u:
596 1324 776 1395 mihi
823 1349 989 1396 cum
1033 1328 1121 1417 Q.
1169 1325 1436 1423 Hippio
1491 1310 1721 1397 eausae
1761 1327 2321 1402 necessitudinis

173 1451 352 1508 sunt
372 1491 394 1524 ‚
422 1449 508 1507 ut
540 1434 717 1507 nihil
752 1436 982 1533 possit
1005 1458 1162 1506 esse
1190 1436 1681 1529 conjunctius,
1709 1458 1927 1534 quam
1964 1462 2097 1508 nos
2127 1440 2320 1510 inter

176 1570 316 1618 nos
348 1564 624 1617 sumuS.
661 1543 881 1637 Quod
912 1546 1048 1616 nisi
1071 1548 1168 1616 ita
1194 1557 1380 1616 esset
1399 1599 1419 1632 ‚
1456 1559 1700 1617 uterer
1732 1568 1893 1618 mea
1927 1563 2318 1621 consuetu·

178 1655 388 1741 dine,
432 1668 513 1726 ut
534 1655 745 1728 ”vobis
774 1656 973 1727 nulla
995 1656 1071 1726 in
1098 1680 1178 1727 re
1207 1652 1552 1727 molestus
1579 1681 1831 1728 essem.
1874 1661 2162 1730 Etenim
2193 1685 2322 1732 vos

184 1766 362 1838 mihi
395 1766 658 1865 optimi
694 1780 911 1837 testes
948 1766 1146 1854 estiS‚
1176 1788 1406 1864 quum
1446 1764 1622 1836 mihi
1651 1790 2079 1865 persuasum
2112 1786 2323 1859 esset,

184 1876 367 1950 nihil
385 1903 580 1964 esse,
622 1876 825 1975 quod
844 1902 888 1949 a
910 1874 1113 1948 vobis
1138 1877 1528 1974 impetrare
1548 1902 1698 1947 non
1733 1901 2021 1975 possem
2044 1933 2064 1967 ,
2104 1904 2320 1951 num-

187 2013 411 2086 quam
456 2012 576 2059 me
624 2003 867 2059 tamen
908 2008 1197 2086 gravem
1251 1986 1459 2059 vobis
1500 2011 1656 2058 esse
1691 1989 2026 2061 voluisse.
2086 1991 2322 2065 Vehe-

188 2115 476 2173 menter
505 2101 723 2198 igitur
752 2124 879 2171 vos
902 2101 1116 2171 etiam
1154 2112 1373 2196 atque
1399 2098 1618 2170 etiam
1653 2124 1834 2195 rogo
1853 2154 1875 2188 ‚
1904 2116 1987 2172 ut
2021 2098 2328 2176 honoris

188 2211 328 2282 mei
346 2234 568 2283 eausa
589 2208 1081 2282 liberalissime
1101 2214 1179 2281 C.
1199 2208 1535 2306 Valgium
1561 2210 2000 2308 Hippianum
2014 2222 2045 2254 ²
2067 2227 2324 2286 tracte·-

192 2324 317 2408 tis‚
362 2324 671 2420 remque
710 2346 876 2394 cum
906 2345 995 2393 eo
1038 2317 1464 2409 conficiatis,
1510 2334 1631 2408 ut,
1678 2346 1897 2420 quam
1929 2310 2326 2423 'possessio-

190 2460 360 2506 nem
388 2431 615 2505 habet
649 2434 723 2504 in
756 2456 930 2531 agro
967 2427 1420 2528 Fregellano,
1456 2456 1497 2502 a
1525 2431 1733 2503 vohis
1769 2448 2087 2530 emptam
2111 2488 2130 2520 ‚
2167 2459 2326 2507 eam

191 2545 496 2617 liberam
535 2559 610 2614 et
639 2545 1039 2614 immunem
1071 2540 1341 2612 habere
1385 2542 1629 2638 possit.
1672 2538 1756 2612 ld
1787 2543 1845 2613 si
1877 2566 1916 2613 a
1953 2542 2161 2615 vobis
2191 2547 2328 2617 im-

194 2670 521 2754 petun-0,
565 2678 851 2725 summo
897 2678 1013 2723 me
1063 2647 1420 2723 beneficio
1461 2665 1702 2723 vestro
1747 2650 2088 2730 affectum
2138 2653 2330 2728 arbi..

199 2763 464 2836 trahor.

266 2962 313 2995 ι.
371 2941 710 3007 Qunworw’n‘s
762 2953 812 2991 ee
867 2941 1223 2990 decurionibus.

199 3025 510 3091 hegen-nis.
582 3022 819 3087 Fregellas
867 3021 1063 3069 colonia
1116 3022 1217 3070 fnit

200 3106 441 3164 deducta,
478 3114 539 3152 nt
570 3102 788 3151 ostendit
808 3100 1056 3160 Velleius,
1090 3116 1222 3149 anno

198 3186 345 3234 Urbis
390 3191 520 3240 4²⁴·
565 3182 886 3245 Quanam-viri
926 3180 1080 3245 igitur
1121 3196 1223 3228 non

200 3265 346 3314 uodo
404 3262 689 3325 municipiis
717 3293 734 3321 ‚
791 3276 961 3309 verum
1018 3258 1225 3307 coloniis

198 3360 398 3409 quoqne
435 3351 705 3408 preeunt,
747 3341 866 3389 item
910 3351 965 3388 nt
1008 3339 1232 3389 eonsules

199 3427 408 3474 nm:
459 3437 751 3486 quamquam
795 3431 846 3468 et
887 3419 1133 3469 duumviri
1175 3421 1230 3468 in

200 3505 449 3567 phu-inque
465 3502 679 3550 coloniis
696 3536 711 3560 ,
729 3510 877 3563 atque
895 3499 1020 3548 adeo
1038 3501 1090 3548 in
1106 3515 1231 3548 non·

203 3583 347 3632 nilis
374 3582 659 3647 municipiis
684 3581 835 3630 fuet-e.
851 3579 1000 3644 Quod
1021 3579 1107 3628 lib.
1123 3581 1148 3627 1
1168 3579 1229 3627 de

205 3663 615 3727 “2541an
628 3659 833 3711 Cnnolns
854 3660 1083 3724 Sigonius
1100 3675 1231 3725 egre·

205 3743 280 3805 ῥα
314 3742 511 3792 docuit.
537 3744 682 3791 Mn.
717 3767 789 3778 —
820 3738 1050 3804 Fregelloe
1077 3737 1229 3786 ho‘die

205 3824 526 3873 noni-nent
539 3822 799 3888 &panno
818 3838 838 3869 .-
873 3836 984 3885 qme
1006 3819 1126 3868 urbs
1155 3830 1231 3868 est

1307 2955 1465 3006 prope
1493 2939 1676 2988 flumen
1700 2940 2018 3008 Gan‘gliam»,
2047 2946 2135 3009 qui
2159 2947 2335 2995 veteri-

1309 3019 1402 3068 bus
1432 3020 1575 3070 Liris.
1602 3021 1695 3068 En.

1385 3115 1433 3149 s.
1447 3099 1761 3165 Hippianum.
1774 3095 1948 3164 ffippii
1965 3099 2121 3151 fllium
2135 3113 2332 3154 natura-

1308 3179 1406 3228 lem
1422 3215 1437 3240 ,
1455 3178 1744 3245 adoptatum
1764 3190 1925 3228 antem
1952 3198 1980 3229 a
2011 3184 2069 3232 C.
2085 3183 2285 3248 Valgia,
2306 3202 2335 3234 ι

1310 3275 1412 3325 quo
1443 3275 1504 3309 ex
1533 3276 1690 3322 more,
1722 3259 1784 3310 de
1809 3276 1910 3325 qno
1935 3277 2066 3326 sape
2096 3262 2339 3325 diximus,

1316 3354 1598 3405 pmnomen
1652 3351 1701 3387 et
1761 3355 1941 3389 nomen
2001 3344 2203 3407 aceepit.
2257 3346 2338 3394 Sie

1316 3421 1507 3469 Manat.
1531 3420 1611 3468 cul
1635 3419 1751 3468 Sela.
1766 3419 2054 3469 adsentitur.
2084 3421 2271 3472 Etenim
2293 3424 2336 3473 sl

1316 3511 1446 3547 unns
1477 3499 1705 3564 idetnqne
1733 3509 1886 3557 esset,
1922 3499 2061 3563 qnod
2091 3501 2338 3554 Emestins

1315 3578 1538 3644 putavit,
1565 3594 1652 3626 eur
1678 3593 1789 3626 eum
1828 3593 1976 3643 supra
2012 3582 2075 3644 Q.
2100 3581 2336 3648 Hippiam

1316 3659 1606 3714 nominaret,
1624 3672 1716 3705 nee
1733 3658 1892 3706 statim
1908 3661 2106 3709 nomine
2123 3673 2340 3712 uteretur

1315 3749 1431 3804 pout
1447 3737 1765 3803 adoptionem
1780 3737 1843 3786 ab
1859 3753 1920 3787 eo
1937 3751 2185 3806 usurpato.
2202 3742 2339 3791 Idem

1317 3816 1501 3867 Bened.
1526 3817 1696 3865 visum.
1720 3815 1836 3865 Seu.

997 4005 1572 4035 *⁶*-
