3023 4773
725 397 865 496 572
1370 404 1465 470 M.
1521 403 1598 469 T.
1652 402 2230 472 clcssaoms

724 520 918 620 apud
956 520 1408 615 Dejotarum3
1444 521 1608 609 sed,
1643 523 1704 593 si
1735 547 1922 621 opus
1961 523 2134 608 erit,
2174 520 2606 594 deducentur
2630 523 2783 597 Rho·

723 631 920 704 dum.
953 636 1103 719 Tu,
1138 635 1197 701 si
1226 657 1303 703 es
1338 638 1617 721 Romae3
1656 648 1739 704 ut
1770 634 1990 720 soles,
2024 634 2592 730 diligentissime:
2620 637 2785 704 sinin

718 746 973 840 Epiro;
1000 743 1204 813 mitte
1222 755 1464 813 tamen
1479 742 1570 813 ad
1594 767 1727 814 nos
1751 742 1842 814 de
1864 744 2007 814 tuis
2032 742 2347 840 aliquem
2366 740 2784 829 tabellarium

718 864 808 921 ut
851 865 924 922 et
978 864 1101 938 tu,
1148 850 1327 948 quid
1373 876 1506 922 nos
1550 876 1881 948 agamus,
1936 867 2011 924 et
2061 877 2232 939 nos,
2287 849 2463 947 quid
2513 866 2588 921 tu
2636 877 2782 949 agas,

721 960 1047 1057 quidque
1097 975 1389 1033 acturus
1437 966 1530 1034 sis
1552 1016 1572 1048 ‚
1625 963 1805 1032 scire
1854 963 2236 1059 possimus.
2281 966 2433 1057 Ego
2486 963 2585 1031 tui
2636 962 2786 1031 Bruti

716 1095 872 1142 rem
895 1082 954 1132 ¹⁹
986 1073 1085 1142 sic
1122 1094 1289 1167 ago,
1329 1085 1410 1141 ut
1446 1095 1652 1141 suam
1687 1072 1843 1168 ipse
1879 1096 2031 1143 non
2070 1083 2332 1167 ageret.
2384 1067 2520 1140 Sed
2546 1069 2673 1163 jam
2700 1093 2785 1139 ex-

724 1178 945 1260 hibeo
987 1180 1446 1278 pupillum¹¹‚
1498 1205 1737 1277 neque
1793 1178 2211 1252 defendo¹².
2258 1182 2445 1250 Sunt
2484 1180 2657 1250 enim
2693 1203 2785 1250 ne·

718 1289 913 1386 gotia
964 1302 1037 1361 et
1092 1288 1320 1378 lenta,
1381 1304 1454 1360 et
1508 1292 1766 1362 inania.
1824 1295 2102 1362 Faciam
2154 1305 2397 1386 tamen
2451 1290 2606 1360 satis
2641 1317 2654 1358 ε
2693 1287 2787 1358 tihi

721 1397 1053 1495 quidem,
1079 1401 1199 1470 cui
1242 1398 1604 1472 difficilius
1633 1415 1776 1488 est,
1810 1425 2029 1497 quam
2058 1401 2218 1506 ipsi.
2258 1398 2397 1472 Sed
2431 1412 2611 1471 certe
2634 1398 2784 1469 satis-

723 1505 977 1582 faciam
1014 1510 1329 1605 utrique.

798 1692 881 1741 xo.
910 1680 1043 1727 Rem.
1074 1677 1204 1727 Vide
1246 1679 1389 1746 epist.
1431 1693 1482 1736 ι,
1534 1676 1618 1725 lib.
1645 1678 1736 1727 VI.
1828 1678 1979 1742 dicti,
2016 1679 2129 1742 quia
2171 1640 2393 1743 pupillae
2436 1687 2657 1726 tueantur.
2692 1677 2786 1737 Ego,

723 1757 873 1806 Mur.
1284 1753 1287 1758 ’
1826 1757 2020 1822 inquit,
2037 1758 2136 1818 jam
2163 1751 2265 1805 riori
2291 1767 2457 1818 tueor,
2486 1754 2621 1802 tuteln
2648 1769 2710 1800 me
2728 1753 2788 1799 ab·

799 1852 881 1904 11..
916 1834 1139 1902 Exhibeo
1173 1835 1428 1899 pupillum.
1456 1834 1741 1890 Ariobam·
1827 1835 1957 1886 dico.
1979 1837 2133 1884 lunt.
2154 1862 2224 1873 —-
2243 1835 2434 1898 Neque.
2453 1836 2626 1881 Ernest.
2649 1843 2787 1879 mutare

722 1930 835 1962 nem
859 1930 1019 1979 regem
1037 1948 1051 1971 ,
1080 1915 1165 1981 qui
1186 1913 1305 1984 mihi
1331 1929 1357 1959 a
1379 1924 1550 1984 senatu
1587 1915 1638 1961 in
1659 1924 1738 1961 tu·
1827 1913 1934 1963 vult
1955 1915 2006 1961 in
2022 1924 2198 1977 aeque,
2217 1913 2343 1960 male
2368 1913 2603 1960 intellectu
2623 1910 2664 1956 vi
2678 1911 2788 1957 aetio-

721 1992 865 2040 telnm
891 2005 964 2041 est
990 1990 1226 2052 traditus,
1250 1990 1459 2039 exhibeo
1484 1992 1742 2040 creditori·
1828 1995 1904 2040 nin
1927 1993 2059 2040 illius
2077 2025 2093 2052 ,
2131 2008 2229 2055 qua
2267 1991 2529 2039 exhibetur
2564 1989 2725 2037 debitor
2753 1988 2789 2033 in

719 2069 846 2133 bue,
864 2082 920 2120 ut
944 2070 1141 2133 exigant
1165 2070 1279 2134 ipsi.
1313 2073 1466 2121 lnu.
1823 2072 2064 2132 judicium
2080 2105 2095 2130 ‚
2133 2082 2191 2118 ut
2222 2070 2293 2118 ait
2321 2070 2462 2119 Paul.
2486 2073 2583 2120 Jct.
2604 2068 2678 2117 lib.
2699 2067 2788 2122 111,

799 2166 879 2218 ra.
920 2151 1094 2214 Neque
1127 2147 1352 2214 defendo.
1374 2154 1586 2204 Tutores
1611 2151 1740 2199 enim
1829 2151 1905 2198 tit.
1926 2166 1985 2213 a,
2010 2151 2107 2213 leg.
2123 2150 2207 2197 28.
2232 2152 2282 2199 J.
2302 2152 2370 2196 V.
2395 2152 2451 2198 L.

732 2330 2209 2355 mmmmmmssnmmmmm
2213 2331 2400 2350 mm
2406 2323 2790 2351 mmmmm

1330 2495 1935 2575 EPISTOLA
1999 2496 2237 2573 XIX.
2307 2528 2318 2535 ·

723 2657 1050 2750 Respondet
1062 2659 1234 2717 Attici
1269 2659 1452 2717 literis
1479 2659 1555 2717 ab
1576 2659 1753 2739 Appii
1778 2657 2077 2717 tabellario
2101 2655 2212 2716 sibi
2239 2657 2447 2717 allatis.
2476 2653 2792 2727 DeAttiliauo

802 2755 1063 2827 nomine;
1093 2755 1166 2814 de
1192 2756 1411 2815 itineris
1447 2758 1539 2815 sui
1572 2758 1752 2829 fama;
1786 2755 1858 2814 de
1892 2756 2073 2815 Attici
2102 2755 2277 2837 liliola
2305 2754 2534 2835 parenti
2558 2747 2791 2831 jucundam

802 2851 876 2911 de
898 2852 1059 2911 Hirri
1083 2855 1333 2933 repulsa.
1361 2856 1455 2933 (In
1476 2855 1709 2927 Cilicia,
1743 2873 1895 2912 anno
1923 2858 1995 2913 U.
2022 2858 2085 2913 C.
2115 2872 2260 2925 702,
2282 2872 2479 2919 mense
2496 2845 2794 2929 septembri-l

1401 3021 1713 3087 CICERO
1759 3020 2079 3085 ATTICO
2124 3020 2190 3084 S.
2204 2965 2229 2995 ‘

818 3165 1301 3234 Onslcnnmu
1317 3162 1465 3257 jam
1480 3161 1857 3259 epistolam
1875 3171 2061 3232 eam¹
2075 3214 2094 3244 ,
2116 3184 2329 3258 quam
2349 3173 2529 3257 puto
2543 3174 2610 3229 te
2620 3151 2794 3226 modo
2913 3144 2914 3155 ¹

724 3273 1132 3369 perlegisse,
1147 3274 1480 3369 scriptam
1502 3297 1661 3343 mea
1674 3296 1891 3343 manu
1909 3326 1927 3359 ,
1954 3272 2031 3341 in
2051 3296 2200 3369 qua
2214 3274 2460 3341 omnia
2480 3267 2795 3340 continen-

725 3393 874 3468 tur,
903 3405 1131 3476 quum
1154 3380 1396 3452 subito
1426 3382 1639 3478 Appii
1669 3378 2080 3453 tabellarius
2103 3406 2164 3451 a.
2194 3379 2263 3450 d.
2301 3405 2372 3450 ιι
2413 3379 2548 3451 kal.
2567 3371 2794 3447 octobr.
2913 3464 2914 3483 Χ

722 3489 1030 3585 septimo
1072 3487 1618 3587 quadragesimo
1664 3491 1780 3561 die
1827 3497 2054 3563 Roma
2108 3491 2435 3562 celeriter
2482 3487 2644 3584 (hui
2685 3498 2794 3553 tam

721 3596 936 3696 longe
959 3598 1017 3696 l)
1046 3600 1221 3670 mihi
1263 3615 1422 3672 tuas
1465 3602 1702 3673 literas
1734 3600 2067 3672 reddidit.
2109 3607 2212 3672 Ex
2241 3599 2509 3697 quibus
2541 3621 2676 3666 non
2700 3591 2799 3660 du·

720 3706 914 3798 bito,
969 3714 1148 3809 quin
1194 3727 1274 3783 tu
1326 3717 1748 3811 Pompeium
1794 3708 2262 3809 exspecta'riS‚
2304 3710 2480 3780 dum
2525 3704 2799 3777 Arimino

721 3817 1017 3908 rediret,
1068 3838 1139 3894 et
1181 3823 1326 3917 jam
1383 3826 1458 3893 in
1514 3824 1813 3921 Epirum
1868 3818 2236 3919 profectus
2281 3820 2374 3889 sis
2419 3846 2434 3887 ε
2482 3815 2800 3913 magisque

720 3951 1010 4015 vereor,
1050 3947 1127 4002 ut
1171 3933 1464 4017 scribis,
1509 3958 1602 4005 ne
1644 3938 1721 4005 in
1763 3933 1980 4028 Epiro
2019 3929 2364 4001 sollicitus
2397 3929 2492 3997 sis
2523 3949 2660 3995 non
2694 3918 2801 3989 mi·

794 4122 843 4157 ι.
869 4106 1029 4168 Olim,
1050 4124 1220 4157 meam.
1243 4114 1289 4160 J.
1309 4115 1373 4158 V.
1408 4116 1461 4161 L.
