3023 4773
730 379 871 463 488
1216 421 1221 428 ·
1372 395 1471 462 Μ.
1521 397 1597 464 Τ.
1652 402 2206 476 CICERONIS

731 516 922 575 statu
970 510 1368 604 capiamus,
1418 529 1490 587 te
1533 518 1829 594 absente
1870 527 2245 622 nescimus
2295 532 2522 620 Quare
2557 529 2768 631 appro-

1328 1020 1922 1105 EPISTOLA
1976 1028 2127 1128 IV,
2184 1059 2251 1109 a.

725 1166 899 1226 Attici
932 1172 1242 1233 adventum
1270 1175 1384 1236 sibi
1412 1180 1811 1243 suavissimum
1839 1189 2498 1268 exspectatissimumque
2522 1209 2630 1248 esse
2652 1187 2779 1267 signi-

1028 1271 1184 1330 ficat.
1213 1273 1439 1353 (Romae
1456 1321 1473 1350 ,
1497 1298 1653 1338 auno
1673 1285 1750 1341 U.
1773 1285 1838 1342 C.
1861 1285 1998 1361 697,
2023 1304 2219 1346 mense
2235 1287 2540 1366 januario.)

1388 1450 1700 1518 CICERO
1745 1456 2067 1522 ATTICO
2120 1458 2184 1526 S.

823 1584 1318 1659 Pmmcmvnus
1359 1590 1540 1661 mihi
1579 1593 1897 1666 Cincius¹
1943 1594 2078 1676 fuit
2119 1614 2291 1671 ante
2325 1598 2512 1672 diem
2552 1597 2784 1668 tertium

727 1687 1011 1763 kalend.
1048 1693 1228 1767 febr.
1278 1715 1444 1785 ante
1491 1702 1748 1775 lucem.
1787 1707 1984 1778 Dixit
2027 1712 2220 1780 enim
2252 1710 2463 1798 mihi,
2495 1724 2558 1779 te
2583 1728 2711 1778 esse
2729 1706 2784 1771 in

729 1801 961 1891 ltalia,
1006 1830 1305 1904 seseque
1344 1808 1430 1882 ad
1481 1826 1552 1883 te
1593 1838 1860 1913 pueros
1904 1820 2225 1906 mittere;
2267 1846 2451 1919 quos
2488 1819 2624 1890 sine
2654 1817 2787 1884 meis

728 1909 952 1982 literis
990 1918 1092 1985 ire
1126 1918 1327 1987 nolui
1367 1946 1382 1988 ε
1419 1946 1573 1993 non
1606 1948 1758 2021 quo
1803 1924 2180 2018 haberem,
2227 1929 2428 2029 quod
2460 1927 2607 2012 tibi,
2651 1946 2785 2022 prae·

729 2023 977 2091 sertim
1022 2025 1173 2118 jam
1224 2052 1448 2124 prope
1499 2042 1866 2130 praesenti,
1924 2038 2357 2130 scriberem3
2403 2039 2522 2112 sed
2570 2051 2643 2110 ut
2686 2034 2789 2102 hoe

730 2134 967 2228 ipsum
989 2135 1461 2231 significarem
1475 2197 1494 2230 ,
1525 2144 1703 2216 mihi
1721 2162 1930 2218 tuum
1955 2149 2346 2223 adventum
2364 2148 2787 2222 suavissimum

734 2247 1573 2349 exspectatissimumque
1624 2279 1795 2328 esse.
1840 2261 2081 2349 Quare
2116 2260 2375 2339 advola
2417 2258 2505 2332 ad
2540 2280 2689 2341 nos,
2725 2275 2788 2321 eo

720 2355 1015 2443 animo,
1066 2371 1149 2427 ut
1196 2383 1330 2441 nos
1382 2385 1613 2449 ameS‚
1669 2379 1742 2438 te
1787 2372 2008 2445 amari
2052 2373 2253 2443 scias.
2315 2376 2560 2445 Cetera
2604 2383 2789 2438 coram

734 2485 1024 2557 agemus
1054 2492 1068 2534 ε
1103 2466 1252 2540 haec
1280 2491 1752 2569 properantes
1779 2480 2213 2578 scripsimus,
2251 2486 2421 2576 Quo
2452 2481 2560 2553 die
2581 2478 2790 2557 venies,

736 2575 993 2670 utique
1034 2601 1201 2657 cum
1234 2584 1378 2652 tuis
1410 2584 1605 2681 apud
1635 2611 1749 2658 me
1780 2590 1892 2659 siS.

812 2764 855 2796 1.
881 2746 1089 2798 Cincius.
1113 2750 1213 2812 Qui
1231 2752 1403 2800 Romae
1426 2755 1582 2804 Attici
1605 2757 1797 2822 negotia
1824 2759 2039 2810 cumbet.
2070 2763 2216 2812 Mu«.

2115 2938 2792 2972 mmmmmw

1342 3126 1942 3211 EPISTOLA
1997 3133 2146 3233 IV,
2194 3134 2272 3237 b.

1056 3282 1148 3361 (In
1168 3283 1420 3358 Antiati,
1444 3305 1596 3344 anno
1624 3291 1697 3346 U.
1723 3291 1785 3347 C.
1811 3291 1948 3367 697,
1975 3312 2172 3351 mense
2191 3292 2506 3370 januaria.)

1413 3451 1722 3526 CICERO
1767 3456 2086 3522 A'l'I'ICO
2131 3458 2195 3523 S.

834 3597 1197 3666 PERBELLE
1238 3594 1557 3684 feceris¹,
1595 3601 1654 3691 si
1699 3598 1791 3670 ad
1826 3627 1961 3672 nos
1995 3608 2297 3675 veneris.
2346 3599 2673 3680 offendes
2707 3593 2802 3669 de·

814 3796 858 3827 ¹.
879 3781 1297 3845 Perbellefeceris.
1328 3784 1423 3831 Hic
1443 3784 1752 3837 videturesse
1839 3787 1913 3833 vis
1941 3787 2069 3835 absit
2100 3789 2219 3853 ipse.
2254 3791 2416 3839 Coun.
2451 3816 2520 3826 --
2552 3788 2703 3837 Cicero
2729 3790 2806 3825 ΜΒ

733 3858 1029 3923 principium
1050 3862 1245 3910 alterius
1263 3863 1497 3928 epistolae.
1524 3865 1648 3912 Nam
1670 3866 1752 3913 ci·
1840 3876 1939 3912 erat
1953 3868 2107 3916 Antii.
2127 3871 2379 3931 Manutius
2395 3870 2556 3933 itaque
2569 3868 2654 3914 hoc
2668 3864 2806 3943 ipfflmf

736 3952 850 3985 cero
883 3939 1034 4001 prima
1069 3942 1268 4003 epistola
1307 3944 1476 3990 Romae
1493 3977 1510 4003 ‚
1539 3954 1750 3990 extrema
1839 3967 1864 3985 «ι
1881 3945 2012 4009 apud
2030 3963 2106 3994 me
2119 3969 2144 3988 .
2157 3983 2171 4005 ,
2189 3949 2257 3996 sic
2278 3949 2640 4012 interpretatur:
2660 3965 2680 3983 ·
2695 3943 2805 3988 Dum·

733 4016 835 4063 ruri
862 4016 1057 4065 videtur
1083 4036 1183 4067 esse
1200 4054 1213 4076 ,
1241 4032 1288 4067 et
1318 4023 1510 4069 Atticus
1546 4034 1715 4070 contra
1735 4039 1748 4072 ε
1840 4040 1955 4071 meae
1974 4037 2165 4074 ooeuato
2181 4062 2196 4085 ,
2215 4028 2398 4074 etiamsi
2418 4042 2508 4090 ego
2527 4024 2666 4072 absim
2681 4042 2717 4064 ι·-
2735 4010 2805 4061 sed

734 4096 827 4145 nisi
856 4098 1024 4144 Romae
1042 4097 1175 4144 domi
1191 4114 1290 4145 ωε
1309 4100 1425 4163 velit
1441 4116 1568 4159 esse,
1592 4119 1752 4166 quam·
1840 4104 1954 4151 facit
1970 4121 2079 4152 cum
2113 4105 2330 4155 Coi-rado
2356 4105 2647 4171 Mongaltius
2662 4105 2806 4148 notter,
