3023 4773
570 382 704 468 134
1026 443 1031 450 .
1213 385 1311 452 M.
1354 384 1432 451 Τ.
1487 353 2051 451 CICERONIS

557 504 1100 577 admonendum
1145 506 1388 601 potius
1415 517 1489 575 te
1520 527 1563 573 a
1592 527 1710 574 me
1731 556 1751 591 ‚
1789 524 2011 598 quam
2041 499 2448 599 rogandum
2483 516 2689 600 puto.

557 620 669 687 Tu
708 639 784 687 es
819 616 1012 686 enim
1040 615 1101 684 is
1122 610 1208 702 ¹⁶,
1244 614 1372 711 qui
1410 638 1528 684 me
1562 614 1704 684 tuis
1739 611 2115 682 sententiis
2153 612 2538 708 saepissime
2574 638 2697 683 or-

558 727 795 812 nasti;
843 726 973 822 qui
1016 727 1378 810 oratione,
1431 724 1560 821 qui
1612 720 2158 822 praedicatione,
2216 723 2346 819 qui
2398 724 2698 793 summis

561 833 902 907 laudibus
946 838 1022 904 in
1059 848 1350 921 senatu,
1402 835 1481 903 in
1523 831 2000 906 concionibus
2046 831 2139 903 ad
2185 833 2441 904 caelum
2484 848 2696 904 extu-

559 946 733 1035 listi;
770 944 978 1040 cujus
1017 969 1153 1042 ego
1189 968 1477 1043 semper
1518 958 1715 1016 tanta
1752 968 1906 1015 esse
1941 942 2336 1015 verborum
2372 944 2698 1043 pondera

556 1057 806 1155 putavi
826 1108 847 1143 ‚
882 1069 969 1126 ut
991 1080 1143 1126 uuo
1174 1053 1401 1126 verbo
1430 1069 1564 1125 tuo
1583 1110 1602 1144 ‚
1631 1077 1800 1124 cum
1831 1077 1992 1125 mea
2019 1051 2230 1123 laude
2259 1053 2695 1177 conjuncto,

537 1168 801 1258 ,omnia
850 1164 1152 1262 adsequi
1204 1189 1325 1236 me
1377 1164 1785 1237 arbitrarer.
1834 1170 1932 1237 Te
1978 1163 2298 1260 denique
2358 1163 2698 1248 memini,

556 1301 787 1373 quum
828 1273 1111 1346 cuidam
1148 1274 1539 1346 clarissimo
1573 1289 1794 1372 atque
1823 1275 2104 1373 optimo
2145 1275 2377 1344 viro¹⁷
2419 1271 2698 1370 suppli-

561 1386 919 1457 cationem
964 1409 1113 1456 non
1152 1383 1624 1474 decerneres,
1678 1382 1919 1456 dicere
1963 1398 2036 1454 te
2087 1384 2595 1469 decreturum,
2640 1384 2701 1453 si

558 1494 957 1567 referretur
989 1492 1088 1565 ob
1117 1519 1237 1566 eas
1263 1519 1405 1584 res,
1433 1519 1616 1594 quas
1639 1499 1701 1566 is
1733 1493 2037 1566 consul
2007 1519 2095 1565 m
2096 1487 2315 1567 Urbe
2343 1493 2697 1591 gessisset.

552 1610 662 1677 Tu
689 1604 883 1676 idem
909 1604 1086 1675 mihi
1118 1604 1719 1704 supplicationem
1744 1605 2122 1677 decrevisti
2147 1617 2416 1701 togato,
2436 1628 2590 1673 non
2615 1617 2702 1674 ut

558 1715 844 1804 multi5‚
887 1717 1262 1815 republica
1294 1716 1488 1790 bene
1523 1731 1758 1815 gesta,
1800 1715 1927 1787 sed
1950 1771 1969 1804 ‚
2005 1730 2089 1787 ut
2126 1715 2443 1801 nemini,
2477 1737 2699 1810 repu-

560 1826 749 1898 blica
778 1842 1222 1899 conservata.
1243 1829 1482 1915 Mitto,
1498 1826 1703 1925 quod
1732 1826 2073 1898 invidiam
2089 1880 2108 1914 ‚
2131 1824 2331 1922 quod
2359 1823 2707 1922 pericula,

563 1936 765 2035 quod
811 1962 1069 2010 omnes
1105 1961 1303 2009 meas
1338 1951 1812 2034 tempestates
1854 1952 1926 2007 et
1971 1935 2311 2019 subieris,
2354 1947 2426 2004 et
2465 1931 2705 2002 multo

561 2052 777 2119 etiam
811 2048 1068 2145 magis,
1088 2048 1147 2117 si
1173 2071 1303 2145 per
1328 2070 1449 2117 me
1485 2045 1804 2117 licuisset
1823 2040 1910 2134 ¹⁸,
1937 2044 2183 2117 subire
2215 2045 2709 2143 paratissimus

560 2154 821 2246 fueris3
871 2154 1075 2254 quod
1106 2155 1425 2254 denique
1460 2157 1834 2228 inimicum
1878 2179 2161 2242 meum,
2203 2168 2416 2224 tuum
2461 2154 2708 2223 inimi-

562 2289 730 2337 cum
769 2269 1044 2365 putaris
1067 2321 1087 2355 ,
1128 2266 1339 2361 cujus
1372 2271 1586 2363 etiam
1624 2268 2036 2355 interitum,
2069 2280 2155 2336 ut
2189 2263 2393 2336 facile
2435 2263 2709 2336 intelli-

562 2400 808 2473 gerem
832 2431 852 2465 ‚
917 2376 1098 2448 mihi
1151 2391 1533 2474 quantum⁴
1556 2374 1952 2465 tribuereS‚
2009 2376 2301 2448 Milonis
2361 2399 2572 2447 causa
2627 2376 2709 2446 in

564 2500 822 2558 senatu
879 2483 1434 2574 defendendam,
1477 2486 1926 2586 approbaris.
1991 2493 2046 2559 A
2096 2511 2215 2557 me
2267 2501 2508 2558 autem
2552 2484 2712 2556 haec

566 2611 740 2668 sunt
780 2594 1139 2695 profecta,
1188 2622 1349 2694 quae
1386 2622 1522 2696 ego
1562 2599 1641 2668 in
1679 2596 2018 2669 beneficii
2060 2597 2225 2668 loco
2268 2620 2419 2666 non
2459 2619 2661 2692 pono
2691 2648 2714 2680 ,

566 2706 694 2778 sed
729 2708 802 2777 in
837 2710 987 2780 veri
1017 2709 1451 2796 testimonii,
1497 2722 1718 2806 atque
1744 2708 2037 2803 judicii3
2077 2721 2161 2778 ut
2204 2706 2712 2805 praestantissi—

569 2840 724 2888 mas
775 2831 935 2887 tuas
982 2817 1282 2889 virtutes
1331 2843 1487 2889 non
1533 2820 1793 2890 tacitus
1837 2816 2228 2890 admirarer
2264 2818 2468 2915 (quis
2512 2816 2714 2887 enim

644 3115 729 3162 ιδ.
772 3116 921 3163 Deest
956 3113 997 3161 is
1031 3113 1086 3162 in
1126 3114 1313 3179 aliquot
1359 3113 1501 3163 MSS.
1539 3115 1574 3161 J
1580 3145 1595 3160 .
1680 3113 1816 3163 tione
1858 3114 1904 3161 ei
1949 3112 2252 3162 decernenda
2295 3122 2548 3178 ageretur,
2582 3111 2717 3159 Cato

566 3194 633 3242 V.
663 3194 722 3242 L.
1677 3193 1811 3242 hunc
1837 3193 2078 3241 bonorem
2103 3194 2148 3241 ei
2176 3192 2309 3241 haud
2346 3191 2717 3241 decernendum

641 3288 721 3331 17.
754 3269 1033 3321 clarissimo
1069 3282 1219 3336 aeque
1253 3269 1436 3335 optimo
1463 3270 1592 3319 viro.
1679 3273 1871 3336 putavit
1910 3272 1977 3321 ob
2020 3289 2096 3320 res
2135 3273 2189 3320 in
2233 3271 2489 3337 provincia
2527 3281 2720 3334 gestas,

566 3351 776 3413 Quidam
798 3361 1035 3416 putarunt
1048 3351 1287 3400 caesarem
1304 3348 1591 3413 significari·
1677 3352 1766 3401 sed
1792 3351 1858 3400 ob
1887 3367 1967 3399 eas
1997 3367 2074 3399 res
2109 3367 2229 3415 quas
2267 3351 2442 3399 consul
2484 3351 2535 3397 in
2572 3349 2717 3398 Urbe

567 3445 721 3493 quum
760 3447 866 3479 non
907 3431 973 3479 sit
1009 3429 1271 3478 verisimile
1312 3429 1381 3477 ita
1424 3428 1487 3479 de
1531 3447 1592 3479 eo
1679 3433 1925 3496 gessisset,
1950 3431 2092 3479 scil.'
2076 3447 2130 3478 m
2148 3431 2384 3481 Cicerone
2401 3429 2716 3494 potissimum

564 3508 814 3573 scripsisse
842 3510 1129 3561 Ciceronem
1155 3509 1334 3558 Catoni
1363 3509 1469 3570 ejus
1500 3510 1594 3558 ini-
1679 3510 1987 3569 revocando,
2027 3526 2078 3558 se
2113 3510 2422 3558 decreturum
2461 3508 2717 3573 professus

562 3588 724 3646 mico;
742 3605 902 3653 neque
927 3592 1024 3639 hoc
1049 3590 1262 3654 pertinet
1279 3588 1343 3636 ad
1364 3590 1420 3638 C.
1434 3591 1594 3639 Anto·
1680 3600 1769 3638 est.
1787 3590 1880 3636 En.

560 3667 700 3715 nium
742 3668 995 3718 Ciceronis
1038 3670 1093 3718 in
1135 3668 1394 3717 consulatu
1442 3670 1593 3718 colle·
1757 3670 1843 3718 18.
1871 3665 1927 3715 Si
1951 3683 2048 3732 per
2085 3683 2162 3713 me
2200 3665 2430 3714 licuisset.
2468 3665 2521 3714 Si
2562 3666 2718 3713 armis

561 3761 672 3810 gam
690 3780 704 3805 ‚
734 3758 789 3795 ut
813 3747 1065 3799 Manutius
1087 3760 1137 3797 et
1165 3748 1363 3797 Pre‘vose
1388 3760 1593 3814 putave-
1681 3760 1852 3797 contra
1879 3747 2111 3798 Clodium
2134 3746 2386 3794 inimicum
2414 3761 2577 3794 meum
2603 3760 2719 3794 cer-

561 3838 701 3874 runt:
716 3825 802 3874 sed
815 3827 1065 3890 potius,ut
1076 3829 1403 3890 jamVictorio
1414 3830 1592 3888 visum,
1681 3838 1784 3876 tare
1808 3827 2086 3875 voluissem.
2105 3829 2218 3875 Seu.
2279 3868 2288 3875 .

563 3922 709 3969 quein
752 3918 1023 3968 sequuntur
1058 3906 1237 3956 Schiitz
1273 3920 1322 3956 et
1361 3909 1412 3957 J.
1434 3910 1497 3956 V.
1531 3911 1587 3957 L.
1757 3923 1837 3970 19.
1864 3906 2206 3971 Defendenda.
2232 3909 2367 3955 Inter
2392 3903 2598 3952 Milonis
2623 3921 2718 3967 pa-

560 3983 867 4034 referendum
894 3996 967 4033 est
996 3985 1059 4033 ad
1082 3987 1339 4036 Lentulum
1364 3988 1593 4052 Spinthe·
1681 3997 1852 4034 tronos
1897 3988 2137 4036 Catonem
2176 3984 2418 4034 Pedianus
2466 3974 2720 4043 nominat,

559 4079 679 4111 rem.
708 4064 833 4111 Nam
860 4080 1013 4128 quum
1039 4065 1083 4112 is
1112 4067 1378 4131 imperator
1421 4067 1591 4132 appel·
1681 4082 1890 4129 cumque
1907 4065 1974 4113 ait
1997 4064 2238 4113 studuisse
2256 4064 2309 4112 in
2330 4063 2570 4129 petitione
2589 4079 2717 4111 eon-

554 4141 684 4192 latus
717 4155 868 4205 esset,
894 4156 945 4193 et
978 4146 1033 4194 in
1056 4155 1228 4193 senatu
1257 4145 1319 4194 de
1341 4147 1590 4211 supplica-
1678 4146 1864 4196 sulatus
1896 4145 2103 4205 Miloni,
2138 4156 2188 4194 et
2220 4160 2304 4193 reo
2332 4142 2571 4202 adfuisse,
2616 4159 2715 4191 nec
