3023 4773
670 445 810 522 586
1303 450 1398 515 Μ.
1451 448 1533 516 Τ.
1585 445 2166 515 CICERONIS

670 570 1007 644 eumdem
1063 564 1420 639 habuerat
1476 563 1918 662 praefectum.
1970 561 2297 634 Vexabat
2349 562 2798 636 Salaminios.

666 683 818 775 Ego
877 678 1155 775 equites
1205 699 1305 747 ex¹
1344 679 1583 773 Cypro
1631 673 1979 746 decedere
2028 673 2229 767 jussi.
2276 674 2585 745 Moleste
2640 674 2800 745 tulit

668 790 1015 884 Scaptius.
1065 785 1258 875 Quid
1296 785 1567 855 multa?
1612 800 1690 855 ut
1721 785 1790 855 ei
1831 782 2050 855 fidem
2095 806 2331 854 meam
2362 799 2797 881 praestarem,

667 922 902 994 quum
962 894 1053 967 ad
1104 919 1222 966 me
1279 895 1642 965 Salaminii
1689 899 1989 965 Tarsum
2044 895 2457 980 venissent,
2520 908 2602 964 et
2657 918 2797 964 una

667 1003 1101 1105 Scaptius³¹‚
1139 1008 1518 1103 imperavi,
1569 1019 1653 1075 ut
1706 1005 2088 1100 pecuniam
2137 1002 2526 1074 solverent.
2571 1004 2798 1074 Multa

665 1117 758 1187 de
794 1114 1233 1213 syngrapha,
1275 1114 1365 1186 de
1400 1118 1665 1212 Scaptii
1706 1114 2010 1209 injuriiS.
2062 1115 2329 1210 Negavi
2366 1137 2483 1184 me
2525 1112 2796 1184 audire.

664 1229 1006 1296 Hortatus
1056 1248 1256 1312 sum;
1313 1225 1532 1321 petivi
1587 1225 1835 1310 etiam,
1889 1248 2026 1320 pro
2077 1226 2253 1294 meis
2309 1226 2385 1293 in
2433 1225 2796 1295 civitatem

665 1333 1071 1419 beneficiis,
1112 1349 1193 1404 ut
1231 1336 1605 1432 negotium
1639 1333 2117 1419 conficerent3
2155 1333 2470 1432 denique
2503 1335 2657 1405 dixi
2685 1359 2797 1406 me

663 1460 1100 1516 coacturum.
1157 1448 1504 1517 Homines
1571 1470 1719 1517 non
1775 1445 1996 1516 modo
2053 1470 2203 1516 non
2255 1470 2623 1532 recusare,
2674 1446 2795 1516 sed

664 1557 879 1626 etiam
918 1555 1057 1627 hoc
1084 1556 1364 1642 dicere,
1396 1580 1471 1627 se
1502 1580 1545 1625 a
1573 1579 1689 1625 me
1706 1550 1768 1596 ³²
1800 1556 2118 1626 solvere:
2157 1554 2358 1652 quod
2390 1557 2590 1626 enim
2623 1581 2799 1652 prae·

665 1669 807 1736 tori
848 1666 1017 1739 dare
1055 1680 1556 1751 consuessent,
1597 1668 1942 1760 quoniam
1982 1689 2117 1761 ego
2153 1690 2308 1736 non
2340 1689 2797 1762 acceperam,

665 1801 740 1849 se
777 1802 820 1848 a
852 1802 970 1849 me
1014 1777 1332 1874 quodam
1366 1774 1587 1847 modo
1622 1775 1833 1865 dare3
1867 1789 2086 1871 atque
2124 1777 2336 1847 etiam
2376 1776 2616 1845 minus
2644 1799 2801 1847 esse

663 1886 1033 1983 aliquanto
1076 1888 1150 1955 in
1191 1886 1455 1983 Scaptii
1493 1889 1827 1972 nomine,
1870 1909 2089 1981 quam
2129 1887 2206 1956 in
2246 1884 2577 1980 vectigali
2615 1909 2802 1981 prae·

663 1998 874 2066 torio.
935 1995 1352 2066 Collaudavi
1417 1995 1772 2067 homines.
1832 2000 2084 2081 Recte,
2139 1997 2379 2091 inquit
2420 1996 2799 2092 Scaptius:

661 2105 786 2177 sed
854 2105 1347 2178 subducamus
1413 2107 1793 2176 summam.
1862 2107 2160 2178 Interim
2229 2128 2460 2202 quum
2527 2129 2666 2201 ego
2725 2108 2798 2175 in

663 2214 903 2288 edicto
943 2218 1321 2304 tralatitio,
1356 2218 1779 2288 centesimas
1794 2212 1856 2260 ³³
1893 2240 2011 2287 me
2047 2214 2637 2299 observaturum,
2679 2214 2801 2285 ha-

660 2323 952 2415 berem,
1020 2350 1185 2399 cum
1245 2327 1688 2398 anatocismo
1739 2328 2261 2415 anniversari03
2314 2324 2432 2397 ille
2489 2348 2580 2396 ex
2636 2349 2803 2422 syn·

663 2437 936 2535 grapha
993 2436 1404 2535 postulabat
1455 2452 1840 2534 quaternas
1864 2433 1954 2506 ³4.
2010 2436 2206 2528 Quid
2266 2436 2408 2506 ais?
2467 2438 2796 2532 inquam.

660 2549 1054 2617 Possumne
1107 2561 1357 2618 contra
1401 2571 1649 2618 meum
1686 2546 2051 2619 edictum?
2091 2551 2180 2616 At
2219 2545 2337 2617 ille
2380 2545 2666 2642 profert
2693 2571 2802 2617 se·

663 2656 1284 2728 natuseonsultum
1301 2712 1319 2741 ‚
1351 2660 1661 2729 Lentulo
1689 2657 2171 2755 Philippoque
2198 2654 2619 2728 consulibus
2636 2709 2656 2741 ,
2683 2681 2802 2741 ur,

662 2789 786 2847 Qm
835 2771 1176 2838 Cuscuu
1227 2794 1654 2856 oin-mmm,
1698 2791 1818 2838 sus
1862 2794 1948 2853 Ex
2000 2792 2158 2837 mm
2209 2790 2646 2837 sime-urus
2686 2790 2802 2835 nx-

663 2898 904 2949 cmurr.
949 2876 1309 2947 Cohorrui
1352 2880 1634 2975 primo:
1679 2878 1948 2948 etenim
1996 2873 2224 2947 erat³⁵
2269 2876 2605 2946 interitus
2635 2877 2806 2947 civi-

735 3010 962 3067 saluii,
993 3021 1075 3059 «et
1108 3011 1405 3059 inhieSc.»
1430 3013 1482 3059 J.
1505 3013 1568 3058 V.
1590 3013 1643 3058 1..
1771 3020 2056 3074 sequentem
2093 3025 2340 3068 mensem,
2375 3007 2453 3056 vel
2475 3024 2692 3066 anuum,
2719 3025 2806 3057 ve-

734 3090 817 3138 32.
845 3092 892 3136 A
917 3106 1009 3138 me.
1030 3093 1105 3138 De
1123 3106 1250 3138 meo.
1279 3090 1467 3137 Solvere
1500 3089 1566 3135 ab
1587 3088 1682 3137 ali-
1770 3089 1848 3138 lut
1885 3090 2030 3136 sortis
2062 3088 2252 3153 portio,
2273 3097 2322 3134 et
2357 3087 2476 3149 ipsae
2512 3103 2685 3135 usuras
2713 3104 2808 3152 pn·

660 3184 756 3232 quo
789 3178 890 3225 est,
919 3168 1138 3231 delegare
1167 3168 1463 3225 debitorem,
1491 3184 1576 3215 seu
1598 3168 1680 3228 iu·
1770 3169 1918 3216 riunt.
1946 3171 2096 3215 Inna.
2123 3192 2190 3205 -
2212 3166 2549 3226 Dissentiunt,
2571 3166 2806 3213 anatoci-

644 3247 773 3294 ·bere
797 3245 1066 3293 debitorem
1096 3256 1342 3304 nostrum,
1372 3226 1507 3309 quod
1532 3247 1677 3294 nobis
1767 3248 1865 3295 smi
1901 3246 2157 3310 legendum
2197 3247 2261 3294 sit
2281 3280 2295 3301 ‚
2331 3262 2391 3293 an
2439 3246 2806 3308 praeferendum

661 3325 883 3381 debebat,
896 3324 1081 3372 solvere
1096 3324 1326 3372 creditori
1341 3336 1531 3382 nostro,
1551 3325 1688 3389 quod
1775 3325 2082 3373 anatocismo
2096 3360 2112 3381 ,
2132 3325 2251 3372 illud
2279 3323 2566 3372 defendente
2584 3326 2812 3385 Gavio,

660 3422 750 3453 nos
802 3404 874 3452 illi
921 3403 1231 3451 debebamus.
1279 3402 1486 3451 Observ.
1515 3406 1565 3465 1,
1602 3420 1686 3453 αι.

658 3487 707 3535 J.
738 3476 791 3533 F.
818 3486 1051 3532 Gnonov.

736 3565 818 3613 33.
859 3562 1169 3612 Centesimas.
1196 3562 1401 3622 Usum,
1441 3577 1551 3624 quae
1587 3562 1684 3609 sin·

663 3643 788 3709 gulis
826 3642 1074 3691 mensibus
1102 3656 1380 3701 nummum,
1427 3640 1687 3688 duodenos

661 3739 851 3771 annuos
892 3723 948 3771 in
987 3721 1203 3785 singulos
1246 3720 1552 3768 centenarios
1595 3735 1686 3783 pn-

665 3802 813 3850 riuut.
843 3804 1022 3850 Gsaev.
1051 3828 1120 3837 —-—
1142 3800 1259 3847 Cum
1284 3811 1422 3846 anat.
1451 3799 1688 3847 annivers.

665 3881 860 3930 Scilicet
879 3883 1199 3937 incremento,
1221 3879 1317 3926 hoc
1336 3889 1425 3937 est,
1445 3877 1690 3942 quidquid

668 3974 924 4009 usurarum
965 3976 1067 4006 non
1093 3959 1378 4019 solvissent,
1408 3957 1461 4005 id
1487 3958 1689 4021 singulis

668 4037 809 4089 annis
826 4036 1176 4084 subduceretur
1191 4070 1206 4094 ‚
1238 4047 1287 4084 et
1312 4037 1432 4085 sorti
1449 4036 1688 4098 adjicere·

673 4134 766 4170 tur.
788 4105 1103 4180 Ᾰνατοκισμὸς
1132 4116 1261 4162 enim
1282 4124 1381 4173 est,
1400 4132 1553 4178 quum
1579 4132 1690 4163 usu·

672 4218 736 4249 rae
753 4213 857 4246 nou
876 4194 1046 4243 solutae
1065 4193 1184 4243 sorti
1201 4203 1519 4256 apponuntur
1531 4227 1548 4255 ,
1570 4204 1618 4241 et
1637 4195 1689 4241 in

1775 3405 1902 3455 Mss
1934 3404 2158 3462 testibus,
2183 3403 2278 3451 hoc
2300 3404 2538 3467 probante
2557 3404 2812 3461 Cori-ado,

1774 3482 2017 3531 Lambiuo
2033 3517 2048 3542 ,
2087 3493 2135 3530 et
2154 3485 2222 3530 sic
2242 3482 2416 3530 edente
2441 3483 2633 3533 Ernest.
2661 3482 2815 3546 qnod

1776 3563 2075 3612 emendatius
2092 3561 2300 3610 videtur.
2325 3563 2455 3611 nuic
2477 3562 2625 3610 etiam
2642 3574 2818 3610 totum

1777 3642 1979 3689 verbum
2027 3640 2354 3688 anniversario
2399 3652 2683 3704 suspectum
2717 3652 2817 3689 est.

1774 3722 1824 3771 J·
1844 3725 1933 3856 ζ4.
1945 3724 2245 3861 Iduum-nas.
2255 3800 2514 3860 Quatemae
2527 3797 2821 3845 centoeimae

1776 3889 1888 3927 suut
1903 3912 1916 3936 ,
1947 3894 2096 3941 quum
2119 3888 2328 3940 quatuor
2349 3876 2537 3924 nmumi
2563 3878 2825 3924 menstrui

1775 3973 1866 4022 pro
1892 3958 2053 4004 usuris
2082 3957 2133 4003 in
2162 3967 2356 4005 centum
2383 3965 2659 4021 poscuntur
2678 3993 2697 4017 ‚
2730 3966 2825 4019 qui

1776 4035 2091 4100 quadraginta
2131 4047 2245 4084 octo
2282 4036 2334 4082 in
2377 4050 2561 4083 annum
2599 4034 2819 4083 faciunt

1778 4116 1952 4164 (ἴων.
2301 4130 2306 4137 ·

1852 4194 1938 4243 35.
1960 4193 2091 4254 Alii,
2131 4203 2213 4242 «et
2240 4203 2339 4240 eret
2361 4191 2489 4241 euim
2509 4212 2553 4238 a.
2579 4193 2781 4240 J.V.L.
