3023 4773
592 428 1134 506 EPISTOLAE
1181 439 1310 507 AD
1364 440 1856 535 ΑΤΤΙΟΠΜ,
1910 456 1972 538 1,
2034 460 2138 541 14.
2284 461 2418 557 307
2495 422 2498 426 Α

300 552 558 621 vicium
592 554 832 651 Pisoni
866 558 1145 627 consuli
1181 558 1562 633 mirificum
1597 564 1801 657 facit,
1840 574 1897 642 si
1935 574 2010 645 id
2047 595 2153 650 est
2185 590 2425 655 couvi-

299 662 530 748 cium,
572 688 713 733 vox
748 665 961 762 plena
1000 672 1393 762 gravitatis,
1443 673 1658 770 plena
1694 686 2167 776 auetoritatiS,
2210 692 2422 788 plena

298 770 614 869 denique
645 775 913 848 salutis.
955 779 1249 849 Accedit
1287 780 1543 853 eodem
1590 788 1805 859 etiam
1844 809 2090 865 noster
2120 805 2425 873 Horten-

294 881 443 951 sius
463 936 482 967 ,
513 884 723 953 multi
751 901 1093 982 prae‘terea
1122 888 1316 960 boni.
1347 896 1657 992 Insignis
1686 922 1858 971 vero
1888 927 2107 1001 opera
2134 915 2427 984 Favonii

293 988 447 1061 fuit.
485 990 640 1063 Hoc
669 1017 1029 1066 concursu
1056 1000 1486 1096 optimatum
1520 1008 1805 1078 comitia
1837 1011 2378 1089 dimittuntur-'⁶²
2407 1052 2420 1093 z

291 1116 585 1173 senatus
651 1118 969 1176 vocatur.
1032 1111 1278 1198 Quum
1333 1110 1847 1189 decerneretur
1899 1120 2263 1220 frequenti
2314 1155 2427 1202 se-

289 1224 464 1280 natu
489 1266 508 1298 ,
537 1227 788 1284 contra
821 1232 1192 1313 pugnante
1227 1223 1483 1292 Pisone
1505 1277 1525 1311 ,
1557 1224 1644 1296 ad
1681 1227 1902 1326 pedes
1929 1239 2258 1308 omnium
2292 1244 2425 1312 sin-

288 1319 584 1416 gillatim
627 1324 998 1398 accidente
1036 1328 1325 1416 Clodio,
1379 1346 1461 1401 ut
1510 1338 1843 1410 consules
1894 1346 2252 1441 populum
2297 1374 2419 1423 co-

289 1428 754 1510 hortarentur
784 1436 874 1506 ad
903 1440 1350 1533 rogationem
1386 1445 1880 1541 accipiendam
1912 1476 1926 1518 z
1972 1452 2303 1529 homines
2333 1425 2422 1532 ad

287 1564 381 1607 xv
409 1544 705 1613 Curioni
728 1540 816 1632 ³³,
847 1547 1131 1617 nullum
1162 1554 1868 1628 senatusconsultum
1896 1558 2288 1658 facienti34,
2319 1597 2426 1644 as-

285 1668 706 1757 senseruntg
754 1680 842 1726 ex
888 1654 1109 1729 altera
1157 1674 1361 1758 parte
1408 1661 1614 1737 facile
1663 1680 1837 1740 cccc
1883 1669 2199 1747 fuerunt.
2247 1683 2423 1753 Acta

284 1776 397 1829 res
451 1758 654 1833 est35.
705 1764 950 1837 Fufius
969 1764 1033 1811 ³⁶
1090 1768 1429 1842 tribunus
1482 1789 1634 1844 turn
1689 1785 2065 1853 concessit.
2125 1788 2421 1862 Clodius

282 1872 668 1942 conciones
696 1878 987 1945 miseras
1013 1875 1332 1950 habebat
1349 1936 1368 1967 ,
1396 1882 1471 1951 in
1497 1884 1766 1980 quibus
1791 1891 2176 1963 Lucullum
2194 1950 2213 1979 ,
2241 1901 2420 1969 Hor-

283 1982 630 2065 tensium,
669 1985 747 2051 C.
791 1987 1158 2072 Pisonem,
1200 1991 1601 2062 Messallam
1640 1999 2012 2069 consulem
2050 2019 2419 2080 contume-

277 2088 459 2158 liose
494 2088 835 2181 laedebat3
872 2116 989 2163 me
1027 2108 1310 2166 tantum
1345 2106 1779 2198 comperisse
1817 2109 2140 2181 omnia³⁷
2179 2120 2414 2189 crimi-

350 2320 437 2370 32.
471 2322 807 2372 Dimittuntur.
842 2322 926 2373 An
950 2341 1054 2374 non
1104 2340 1301 2395 p'raestat
1390 2332 1535 2398 genio
1561 2335 1825 2401 supplevit.
1854 2339 1940 2388 Est
1955 2351 2117 2393 autem
2144 2347 2224 2397 hic
2254 2352 2414 2416 Quin-¹

273 2406 458 2469 legere,
478 2402 801 2453 dirimuntur?
822 2406 938 2454 Nou
960 2407 1089 2456 enim
1108 2407 1300 2473 placide
1386 2422 1467 2460 tus
1491 2412 1657 2461 Fufius
1692 2414 1922 2478 Calenus,
1960 2434 2226 2488 perpetuus
2250 2431 2412 2482 inimi-

274 2496 388 2532 sunt
415 2484 610 2533 dimissa
636 2484 857 2543 comitia,
896 2487 982 2534 sed
1008 2496 1057 2535 et
1095 2500 1299 2553 propter
1385 2506 1555 2539 corum
1581 2494 1832 2544 Ciceronis
1851 2498 2092 2561 defensor,
2109 2507 2194 2569 qni
2216 2524 2407 2561 cansam

272 2563 627 2613 Clodianorum
643 2564 923 2626 audaciam,
941 2577 989 2613 et
1002 2570 1294 2631 optimatum
1383 2570 1669 2620 Clodianam
1695 2577 1924 2625 acerrime
1945 2578 2409 2642 defendebatvrcr.

272 2651 589 2703 concursum,
634 2647 717 2708 qui
744 2644 812 2692 eis
849 2662 901 2693 se
940 2647 1258 2712 opponebant
1274 2681 1289 2706 ,

270 2724 509 2788 dirempta
554 2734 685 2771 sunt.
714 2724 978 2774 ananus.
1023 2754 1096 2764 --
1134 2730 1198 2775 Et
1237 2728 1291 2775 id

272 2803 495 2851 Muretus
520 2814 736 2868 quoque.

344 2883 429 2930 33.
467 2882 680 2930 Curioni.
718 2881 872 2942 Patri,
895 2900 1000 2932 nou
1036 2882 1142 2933 filio
1163 2918 1180 2945 ,
1203 2885 1290 2949 qni

269 2961 490 3009 nondum
513 2962 566 3009 id
601 2963 756 3011 aetatis
785 2962 978 3011 videtur
1018 2964 1164 3013 fuisse
1182 3001 1198 3027 ‚
1235 2977 1290 3013 ut

270 3047 464 3089 senator
489 3053 591 3090 esse
616 3053 783 3106 posset
796 3076 812 3101 ,
851 3053 901 3090 et
947 3059 1060 3091 sane
1094 3061 1197 3093 non
1221 3047 1289 3093 ita

270 3120 427 3170 multo
444 3132 577 3186 post,
600 3132 659 3170 nt
677 3139 783 3170 non
808 3133 1000 3170 senator
1019 3123 1289 3172 introduci-

268 3211 349 3248 tur
378 3201 432 3248 in
461 3213 704 3261 senatum,
725 3204 816 3267 Ep.
843 3204 922 3263 11,
944 3203 1032 3261 ²4·
1061 3204 1284 3252 Coumn.

328 3281 389 3336 34
402 3317 413 3327 .
433 3281 567 3328 Null.
589 3281 1053 3328 senatusconsultum
1052 3279 1285 3345 facienti.

265 3360 376 3419 Est,
391 3361 578 3424 petenti
590 3394 605 3418 ,
621 3370 676 3407 nt
694 3360 884 3408 nullum
896 3362 1289 3409 senatusconsul-

267 3449 371 3485 tum
399 3437 558 3496 fleret,
586 3450 671 3486 aut
694 3441 864 3498 etiam,
892 3450 948 3486 ut
973 3449 1284 3487 senatuscon-

266 3520 464 3575 sultum,
490 3519 626 3584 quod
654 3531 766 3568 ante
792 3531 894 3567 erat
917 3519 1095 3567 factum
1119 3519 1180 3568 de
1202 3536 1286 3568 ro·

267 3601 461 3663 gatione
480 3599 543 3647 ad
568 3599 746 3664 popul.
767 3598 984 3657 ferenda,
1012 3598 1281 3652 tolleretur.

266 3681 485 3729 Cauca.

339 3759 424 3807 35.
447 3761 578 3807 Acta
602 3774 677 3805 res
703 3770 787 3805 est.
813 3760 1014 3806 Factum
1031 3768 1102 3804 est
1123 3757 1285 3806 decre*

266 3849 395 3896 tum,
420 3849 474 3886 ut
498 3854 620 3886 coss.
648 3837 887 3902 populum
916 3838 1285 3886 cohortarentur

263 3918 325 3964 ad
346 3919 648 3981 rogationem
672 3916 1019 3981 accipiendam.
1048 3917 1280 3966 coum.

336 3997 419 4046 36.
446 3997 625 4065 F‘fius·
650 3997 745 4045 nie
771 3997 910 4045 locus
935 3998 1079 4045 variis
1122 3999 1282 4046 modis

262 4074 468 4139 legitur3
492 4093 642 4142 quum
663 4076 789 4123 enim
809 4093 977 4124 omnes
996 4089 1282 4142 corruptum

263 4170 364 4203 esse
390 4156 733 4216 existimarint,
760 4157 963 4222 quisque
981 4172 1074 4221 pro
1099 4174 1188 4206 suo
1209 4158 1283 4205 in-

1381 2675 1451 2684 —-
1469 2651 1546 2697 Ex
1570 2653 1782 2716 vestigiis
1804 2664 2021 2706 veterum
2065 2663 2290 2715 codicum
2338 2671 2406 2719 le-

1379 2729 1593 2776 ctionem
1617 2730 1742 2779 hanc
1765 2749 1904 2782 eruas
1927 2739 2188 2801 optimam,
2216 2755 2265 2793 et
2284 2747 2399 2799 huic

1377 2807 1491 2856 loco
1530 2809 1672 2857 valde
1712 2817 2125 2867 accommodatam
2145 2839 2160 2869 τ
2195 2845 2220 2865 ι·
2238 2827 2402 2877 Fufius

1379 2887 1575 2936 territus
1601 2899 1706 2936 tum
1735 2893 1878 2940 cessit
1889 2915 1928 2942 ι.
1957 2885 2190 2958 Quamvis
2210 2904 2401 2965 Fufius,

1376 2968 1767 3017 seditiosissimus
1809 2973 2035 3023 tribunus
2049 3009 2064 3034 ,
2091 2979 2400 3036 vehementer

1375 3047 1614 3096 niteretur
1625 3082 1639 3105 ‚
1653 3065 1716 3096 ne
1734 3048 1839 3097 haec
1858 3050 1937 3098 lex
1949 3053 2157 3104 ferretur
2171 3076 2185 3117 ς
2206 3065 2399 3114 territus

1376 3137 1536 3175 tamen
1560 3138 1696 3176 tanto
1720 3135 1997 3178 senatorum
2025 3149 2253 3197 numero,
2281 3159 2396 3192 con-

1374 3208 1686 3256 sentientium
1703 3209 1755 3255 iu
1772 3215 2239 3265 senatusconsultum
2260 3224 2395 3284 quod

1373 3283 1646 3335 faciendum
1672 3297 1774 3335 erat
1792 3322 1805 3346 ‚
1835 3299 1937 3336 tum
1965 3298 2198 3358 temporis
2222 3303 2393 3361 cessit,

1372 3365 1475 3413 aive'
1509 3378 1614 3413 tum
1640 3382 1743 3416 non
1768 3367 2078 3432 intercessit,
2119 3391 2221 3423 non
2248 3380 2398 3428 inter-

1372 3444 1591 3493 cessione
1611 3462 1693 3494 sua
1723 3449 1946 3512 impediit
1961 3484 1975 3510 ‚
2000 3469 2060 3500 ue
2081 3466 2394 3509 semuncem

1372 3524 1551 3571 sultum
1570 3523 1723 3573 fieret.
1759 3529 1938 3578 (ἷκεν.

1446 3601 1530 3663 37.
1556 3605 1639 3652 He
1663 3618 1856 3655 tantum
1892 3612 2175 3675 comperisse
2203 3621 2386 3673 omnia.

1371 3684 1432 3732 Id
1451 3696 1521 3733 est
1537 3721 1551 3744 ,
1570 3688 1832 3750 objiciebat
1849 3692 1966 3740 mihi
1986 3692 2131 3754 illud,
2151 3701 2287 3761 quod
2300 3717 2393 3769 ego

1373 3763 1436 3812 de
1454 3782 1532 3813 me
1560 3768 1870 3831 praedicarem
1900 3771 1951 3819 in
1978 3789 2086 3821 meo
2109 3780 2363 3831 consulatu
2382 3821 2396 3844 ,

1372 3860 1449 3892 me
1491 3848 1804 3910 comperisse,
1850 3851 2106 3901 Catilinam
2142 3872 2252 3906 cum
2293 3865 2391 3911 suis

1369 3925 1629 3973 consilium
1655 3928 1838 3991 cepisse
1865 3924 2015 3979 Urbis
2036 3932 2356 3990 incendendae
2382 3975 2397 4002 ,-

1370 4015 1462 4050 etc.
1482 4005 1648 4053 Lun-
1670 4033 1737 4073 ἡ
1761 4010 1869 4057 Ηόο
1892 4021 2088 4076 quoque
2106 4016 2167 4064 ad
2187 4018 2393 4069 irriden-

1373 4082 1488 4129 dum
1524 4084 1806 4133 Ciceronem
1846 4089 2066 4141 solebant
2099 4094 2290 4147 dicere:
2319 4101 2389 4149 cst

1374 4160 1434 4207 ad
1460 4157 1653 4223 Div.v,
1683 4165 1729 4214 5.
1752 4166 1844 4214 En.

2039 4279 2149 4324 20.
