3023 4773
740 401 1319 488 EPISTOLAE,‚
1354 366 1603 486 x111',
1641 423 1747 470 η.
2224 425 2303 470 21

792 766 1402 849 EPISTOLA
1471 766 1686 851 XII.

171 933 247 1003 Q.
261 925 590 999 Fufidium,
611 926 909 1006 Arpinatis
930 929 1230 1006 municipii
1255 928 1534 1007 legatum,
1557 929 1662 1007 qui
1689 926 1958 987 tribunus
1982 928 2224 991 militum
2249 933 2311 991 in
2345 924 2350 929 ’

247 1023 462 1085 Cilicia
491 1025 714 1098 suerat,
742 1024 1049 1106 diligenter
1074 1024 1458 1085 commendat.
1484 1026 1739 1104 (Romae,
1759 1044 1852 1083 an.
1877 1029 1951 1086 U.
1981 1029 2046 1085 C.
2072 1035 2231 1102 707.)

775 1203 872 1275 M.
888 1204 966 1269 T.
1000 1205 1072 1269 C.
1108 1204 1393 1268 BRUTO
1434 1204 1498 1269 S.
1539 1200 1611 1270 P.
1637 1205 1720 1270 D.

260 1349 458 1416 Anu
480 1343 812 1444 epistola¹
834 1348 1318 1417 communiter
1347 1344 1849 1433 commendavi
1877 1345 2012 1419 tibi
2038 1340 2312 1446 lega'tos

170 1458 671 1555 Arpinatium,
722 1468 805 1526 ut
849 1459 1057 1553 potui
1097 1454 1637 1553 diligentissime
1673 1484 1691 1526 ε
1739 1457 1873 1537 hac
1924 1462 2306 1556 separatim

173 1567 259 1655 Q.
281 1562 690 1654 Fufidium,
716 1588 1036 1661 quocum
1055 1563 1507 1637 mihiomnes
1533 1566 2097 1639 necessitudines
2116 1583 2311 1659 sunt,

175 1675 592 1772 diligentius
636 1674 1106 1763 commendo,
1149 1700 1303 1746 non
1356 1690 1441 1747 ut·
1474 1675 1748 1773 aliquid
1791 1676 1895 1749 de
1937 1678 2059 1749 illa
2108 1704 2308 1751 com-

177 1785 647 1857 mendatione
675 1787 1163 1857 comminuam
1178 1796 1235 1876 ²,
1278 1785 1405 1857 sed
1454 1776 1536 1857 ut
1575 1787 1772 1858 hanc·
1809 1786 2090 1859 addam.
2120 1792 2310 1861 Nam

178 1909 245 1968 et
278 1900 665 1995 privignus
700 1910 809 1967 est
846 1898 943 1966 M.
978 1899 1224 1984 caesii,
1274 1897 1416 1966 mei
1453 1900 1764 1969 maxime
1802 1911 1875 1968 et
1908 1895 2308 1990 familiariS,

177 2021 247 2078 et
276 2010 707 2092 necessarii,
748 2019 822 2077 et
855 2004 992 2077 fuit
1023 2010 1099 2077 in
1134 2003 1727 2078 Cilicia³mecum
1765 2007 2104 2087 tribunus
2133 2011 2314 2081 mili-

175 2130 331 2188 tum
366 2146 383 2188 ε
430 2117 694 2213 quoin
731 2140 1031 2188 munere
1070 2120 1171 2187 ita
1196 2140 1273 2186 se
1308 2121 1672 2205 tractavit,
1719 2130 1802 2187 ut
1834 2120 2193 2216 accepisse
2219 2117 2311 2189 ab

176 2224 721 2299 eobeneficium
745 2224 1053 2315 viderer,
1070 2250 1221 2296 non
1242 2224 1544 2298 dedisse.
1567 2232 1691 2299 Est
1711 2242 2052 2327 praeterea
2074 2230 2308 2325 (quod

173 2337 366 2438 apud
402 2351 480 2411 te
513 2335 704 2417 valet
735 2335 1173 2434 plurimum)
1201 2360 1242 2407 a
1278 2341 1542 2410 nostris
1570 2335 1826 2411 studiis
1862 2362 2014 2410 non
2051 2337 2315 2434 abhor-

173 2473 352 2521 rens.
366 2451 620 2541 Quare
634 2446 848 2517 velim
864 2471 1032 2517 eum
1051 2471 1273 2544 quam
1294 2446 1790 2519 liberalissime
1808 2450 2316 2548 complectare}

174 2580 627 2656 operamque
646 2554 805 2646 des2
815 2570 899 2626 ut
923 2557 1002 2626 in
1026 2581 1110 2628 ea
1132 2556 1515 2655 legatione,
1544 2583 1773 2659 quam*
1794 2561 2110 2657 suscepit
2135 2584 2313 2631 con-

173 2680 280 2739 tra
310 2692 540 2739 suum
569 2664 1060 2754 commodum,
1079 2681 1434 2763 sequutus
1469 2671 2021 2739 auctoritatem‘*
2056 2692 2315 2755 meam,

173 2803 396 2876 quam
436 2777 750 2847 maxime
790 2776 947 2876 ejus
989 2776 1290 2859 excellat
1334 2775 1713 2859 industria.
1753 2777 1929 2850 Vult
1971 2782 2201 2867 enim,
2237 2778 2317 2850 id

172 2886 374 2983 quod
398 2888 689 2984 optimo
717 2887 983 2982 cuique
1012 2900 1271 2957 natura
1295 2884 1656 2957 tributum
1675 2901 1817 2974 est,
1838 2912 2057 2984 quam
2088 2894 2318 2960 maxi-

172 3021 365 3067 mam
427 2993 761 3083 laudem,
803 3019 1035 3104 quum
1070 3019 1110 3066 a
1157 2993 1418 3084 nobis,
1476 2998 1608 3093 qui
1644 3017 1814 3064 eum
1848 2997 2316 3093 impulimus,

172 3122 329 3178 tum
357 3132 405 3178 a
430 3107 836 3203 municipio
866 3110 1258 3203 consequi;
1295 3104 1496 3203 quod
1534 3109 1600 3177 ei
1641 3103 2050 3201 continget,
2086 3112 2145 3177 si
2182 3106 2320 3177 hac

175 3242 334 3290 mea
370 3214 1023 3292 commendatione
1055 3231 1267 3292 tuum
1300 3240 1468 3315 erga
1500 3240 1578 3292 se
1612 3214 1936 3290 studium
1966 3217 2102 3287 erit
2143 3241 2322 3288 con-

172 3342 574 3427 sequutus.

239 3513 291 3547 ι.
337 3494 468 3546 Atia
518 3494 741 3560 epistola.
798 3496 1030 3545 Proxime
1072 3512 1216 3564 eupe-
1377 3498 1427 3546 3.
1452 3499 1516 3545 In
1547 3495 1740 3546 Cilicia.
1776 3498 1944 3562 Quum
1967 3496 2184 3548 Ciliciam
2204 3516 2322 3566 pro-

168 3577 322 3626 dere.
348 3579 452 3626 En.
1232 3645 1237 3650 ·
1303 3577 1477 3627 consul
1497 3576 1899 3632 administram.
1915 3578 2008 3626 En.

234 3675 288 3707 2.
304 3656 676 3708 combinata.
694 3656 830 3703 Mau.
849 3654 1218 3705 deminuam.--·
1375 3663 1428 3712 4.
1481 3656 1841 3703 Auctoritatem
1900 3647 2075 3704 m'eam.
2139 3659 2325 3709 Auctor

170 3738 265 3785 &d
279 3749 343 3785 ιιι
367 3737 509 3785 hanc
526 3735 738 3783 addam.
757 3735 912 3783 Recte
928 3734 1000 3782 sic
1012 3736 1150 3783 Man.
1169 3746 1218 3783 et
1303 3736 1436 3784 enim
1463 3734 1509 3784 ei
1533 3734 1630 3793 fui,
1656 3743 1714 3780 ut
1735 3750 1841 3782 enm
1862 3733 2151 3800 legationem
2176 3742 2330 3787 nusei-

172 3816 341 3867 Geav.
375 3814 535 3865 codd.
572 3814 747 3867 Maffei
782 3823 832 3868 et
865 3815 1026 3869 Amat.
1053 3815 1218 3880 Vulgo
1306 3824 1461 3879 peret.
1499 3813 2022 3878 Sequitur-proxime:
2061 3817 2192 3878 «qui
2216 3834 2328 3866 eum

169 3896 259 3944 :a
278 3908 339 3946 ιε
358 3895 439 3944 ad
457 3893 594 3943 hanc
620 3893 829 3943 addam·
850 3895 968 3943 Sca.
1304 3893 1590 3958 impulimus
1609 3914 1653 3943 ιο.
1682 3893 1798 3941 Sca.
