3023 4773
682 374 772 443 82
1312 374 1408 442 M.
1460 373 1539 441 T.
1593 373 2187 445 CICERONIS

676 495 1008 567 molestia
1044 494 1316 592 poteris
1334 545 1355 579 ‚
1403 496 1472 565 ei
1511 493 2013 566 commodaris.
2062 492 2284 584 Quod
2327 507 2411 566 ut
2446 492 2660 567 facias
2680 550 2699 586 ‚
2743 512 2826 568 te

680 607 1151 680 vehementer
1185 606 1402 677 etiam
1436 620 1660 703 atque
1695 607 1909 677 etiam
1953 629 2156 704 rogo.
2192 605 2389 681 Vale.

678 825 1412 848 mmmmmmm
2058 825 2242 851 m
2250 828 2806 851 mmmm

1252 1013 1856 1095 EPISTOLA
1911 1016 2237 1098 LXXI.

676 1179 1058 1241 Commendat
1077 1181 1145 1237 Τ.
1167 1176 1476 1255 Agusium,
1509 1164 1764 1233 veterem
1796 1174 2061 1235 amicum.
2095 1181 2339 1252 (Romae,
2368 1198 2459 1237 an.
2480 1184 2554 1241 U.
2575 1185 2638 1242 C.
2657 1182 2822 1261 707.)

955 1349 1044 1413 M.
1069 1347 1143 1411 Τ.
1178 1347 1249 1410 C.
1289 1344 1359 1408 P.
1394 1342 1829 1428 SERVILIO,
1865 1345 2315 1431 COLLEGAE,
2354 1349 2420 1416 S.
2455 1350 2537 1415 D.

775 1491 1075 1561 Mum-os
1106 1481 1239 1555 tibi
1262 1480 1770 1553 commendem
1795 1507 2088 1556 necesse
2116 1498 2222 1556 est
2241 1540 2260 1568 ‚
2299 1486 2626 1583 quando¹
2662 1512 2818 1559 om-

675 1598 894 1675 nibus
956 1611 1130 1668 nota
1182 1607 1428 1669 nostra
1465 1592 1925 1665 necessitudo
1967 1608 2120 1684 est,
2168 1609 2443 1694 tuaque
2486 1622 2653 1695 erga
2694 1623 2819 1670 me

676 1708 1183 1781 benivolentia.
1239 1703 1383 1776 Sed
1428 1718 1673 1776 tamen
1728 1704 1861 1775 etsi
1916 1706 2247 1775 omnium
2300 1730 2547 1794 causa,
2624 1730 2817 1804 quos

677 1817 1153 1902 commende,
1198 1814 1378 1885 velle
1424 1813 1661 1884 debeo
1711 1841 1727 1884 ε
1780 1828 2024 1884 tamen
2074 1838 2243 1885 cum
2279 1816 2622 1888 omnibus
2658 1843 2817 1888 nou

677 1931 925 2003 eadem
962 1926 1139 1998 mihi
1174 1948 1385 1996 causa
1415 1939 1542 1997 est.
1579 1929 1657 1995 T.
1678 1926 2018 2023 AgusiuS,
2052 1940 2125 1996 et
2162 1950 2404 1999 comes
2439 1953 2645 2001 meus
2677 1927 2818 2000 fuit

676 2041 801 2112 illo
831 2038 1232 2109 miserrimo
1263 2049 1623 2131 tempore,
1653 2048 1724 2105 et
1754 2037 2081 2106 omnium
2119 2036 2502 2126 itinerum,
2529 2042 2818 2136 naviga-

679 2154 958 2224 tionum
983 2205 1003 2238 ,
1039 2147 1370 2219 laborum
1392 2201 1412 2234 ‚
1447 2146 1936 2243 periculorum
1987 2172 2320 2220 meorum
2361 2150 2637 2239 socius3
2676 2173 2810 2220 ne-

676 2287 820 2359 que
848 2261 990 2333 hoc
1019 2274 1348 2355 tempore
1384 2256 1815 2328 discessisset
1846 2282 1886 2329 a
1922 2282 2038 2329 me
2058 2312 2077 2347 ,
2116 2259 2251 2331 nisi
2283 2283 2419 2357 ego
2449 2260 2514 2331 ei
2546 2262 2815 2356 permi-

677 2376 946 2445 sissem.
990 2372 1231 2459 Quare
1286 2370 1387 2439 sic
1433 2365 1566 2437 tibi
1605 2391 1770 2440 eum
1811 2367 2289 2457 commendo,
2329 2383 2412 2440 ut
2454 2394 2681 2440 unum
2722 2369 2816 2442 de

677 2484 858 2554 meis
872 2479 1279 2551 domesticis
1299 2492 1372 2549 et
1394 2479 1704 2548 maxime
1725 2481 2158 2550 necessarii&
2189 2484 2605 2578 Pergratum
2635 2480 2817 2552 mihi

677 2592 929 2666 feceris
954 2644 973 2676 ‚
1013 2590 1073 2660 si
1116 2612 1285 2660 eum
1317 2589 1414 2659 ita
1444 2589 1805 2674 tractaris,
1848 2603 1930 2662 ut
1966 2591 2352 2690 intelligat,
2388 2589 2575 2664 hanc
2619 2616 2816 2668 oom-

677 2700 1214 2776 mcndationem
1234 2697 1371 2771 sibi
1392 2723 1654 2797 magno
1672 2723 1809 2782 usu
1827 2711 1855 2743 ²
1876 2715 2097 2797 atque
2124 2699 2545 2798 adjumento
2567 2700 2808 2780 fuisse.

754 2907 799 2939 1.
825 2889 949 2948 Alii,
977 2904 1142 2954 quum.
1166 2853 1296 2936 J.V.
1324 2888 1378 2934 1..
1860 2903 1907 2935 a.
1937 2887 2133 2936 Lullem.
2157 2888 2281 2935 usui.
2301 2887 2352 2937 J.
2368 2891 2431 2938 V.
2462 2891 2516 2936 L.
2611 2929 2614 2930 ⁷

674 3074 860 3094 m

1230 3069 2431 3108 mmmm
2438 3074 2806 3098 mm

1206 3249 1849 3337 EPISTOLA
1907 3260 2284 3340 LXXII.

678 3429 950 3500 Caerelliag
1006 3424 1237 3504 negotia
1288 3435 1346 3482 et
1400 3436 1813 3503 procuratores
1868 3425 2251 3486 commendat.
2325 3428 2600 3510 (Romae,
2658 3452 2824 3492 anno

1564 3526 1636 3581 U.
1671 3525 1734 3582 C.
1769 3522 1929 3599 707.)

940 3696 1032 3762 M.
1051 3699 1127 3764 T.
1165 3699 1236 3763 c,
1276 3695 1346 3762 P.
1380 3696 1804 3798 SERVILIO,
1854 3697 2304 3783 coLLEGAE,
2351 3702 2415 3765 s,
2451 3701 2534 3766 D.

774 3849 1167 3920 Gnatam
1188 3850 1237 3927 ¹,
1267 3842 1681 3910 necessariae
1714 3862 1920 3926 meae,
1949 3863 2136 3928 rem,
2168 3843 2502 3932 nomina,
2534 3867 2831 3942 posses-

754 4059 800 4091 1.
835 4039 1086 4090 Cerellio.
1108 4041 1225 4087 Hoec
1248 4038 1449 4096 mulier,
1472 4037 1692 4101 philoso-
1783 4037 1946 4097 vavit,
1990 4040 2190 4102 ejusque
2229 4041 2410 4106 scripta
2438 4041 2651 4092 libenter
2675 4041 2824 4106 legit„

676 4122 805 4187 phiae
830 4120 995 4170 dedita
1012 4154 1027 4180 ,
1052 4117 1192 4166 valde
1221 4115 1503 4166 Ciceronem
1531 4117 1696 4164 obser-
1781 4117 1935 4183 Epist.
1961 4134 2018 4167 αι
2047 4119 2110 4167 ad
2133 4122 2238 4169 An.
2263 4119 2351 4169 lib.
2367 4122 2522 4170 1111:
2550 4145 2576 4166 ιι
2602 4120 2826 4171 Mirifice
