3023 4773
624 420 762 509 452
1275 421 1371 487 M.
1415 422 1488 485 T.
1542 413 2090 485 CICERONIS

625 558 836 642 putas
856 565 1006 613 esse
1025 540 1488 610 humanitatis
1509 553 1648 609 tuae
1661 539 1684 629 )
1698 589 1716 621 ‚
1739 561 1853 607 me
1868 533 1978 605 fac
1991 532 2081 605 de
2095 546 2249 605 tota
2267 556 2475 604 causa
2492 549 2741 605 nostra

626 656 1024 723 certiorem.
1055 652 1239 720 Nam
1281 651 1597 740 Quintus
1626 646 1880 731 frater,
1915 644 2137 715 homo
2176 644 2427 733 miruS‚
2465 646 2595 741 qui
2623 669 2737 714 me

627 777 769 832 tam
820 760 1023 832 valde
1069 774 1293 846 amat,
1337 759 1581 828 omnia
1618 759 1835 827 mittit
1877 757 2026 853 spei
2076 754 2329 851 plena,
2380 770 2740 843 metuens,

626 873 845 944 credo
866 928 885 960 ‚
926 869 1401 943 defectionem
1436 869 1656 941 animi
1694 868 2023 937 mei.Tuae
2051 880 2292 936 autem
2325 863 2544 936 literae
2569 881 2737 935 sunt

626 982 829 1052 variae
861 1009 877 1051 ε
909 1004 1147 1077 neque
1177 979 1368 1049 enim
1403 1001 1518 1046 me
1549 977 1928 1073 desperare
1954 977 2092 1064 vis,
2127 1000 2260 1046 nec
2287 989 2558 1047 temere
2581 1000 2740 1072 spe-

624 1117 801 1164 rare.
850 1097 1019 1178 Fac,
1075 1086 1378 1159 obsecro
1430 1101 1540 1174 te,
1588 1100 1669 1156 ut
1710 1086 1994 1174 omnia,
2034 1111 2193 1182 quae
2239 1087 2549 1182 perspici
2589 1109 2627 1154 a
2661 1097 2735 1153 te

626 1214 966 1301 possunt,
1010 1200 1331 1270 sciamus

620 1392 1165 1413 mmmmm
1170 1392 1530 1412 mmm
1535 1388 2360 1412 mmmmeQmmm
2367 1391 2457 1409 m
2476 1389 2748 1409 mm

1226 1564 1829 1656 EPISTOLA
1897 1565 2131 1643 XIX.

628 1721 867 1781 Nuntiat
894 1740 954 1778 se
981 1722 1039 1778 in
1067 1719 1302 1796 Epirum
1331 1719 1575 1788 iturum,
1607 1736 1712 1774 nec
1752 1717 2010 1795 quamvis
2046 1717 2252 1794 exigua
2278 1716 2338 1773 in
2374 1735 2477 1794 spe
2507 1734 2743 1772 suorum

707 1837 904 1896 preces
947 1830 1005 1873 et
1044 1815 1326 1894 promissa
1355 1813 1736 1871 deserturum.
1767 1813 2032 1890 Denique
2065 1813 2261 1872 Attico
2288 1832 2421 1869 suos
2447 1831 2742 1870 commen·

709 1915 826 1977 dat.
859 1912 1333 1986 (Thessalonicae,
1353 1930 1505 1968 anno
1528 1915 1602 1969 U.
1620 1914 1686 1968 C.
1707 1911 1821 1986 695
1839 1953 1854 1978 ,
1900 1930 2093 1968 mense
2119 1908 2474 1989 septembri.)

1291 2103 1606 2167 CICERO
1652 2102 1976 2166 ATTlCO
2021 2103 2085 2166 S.

728 2258 991 2345 Quoan
1029 2249 1381 2349 ejusmodi
1430 2247 1606 2318 mihi
1645 2248 1859 2317 literae
1905 2272 1945 2318 a
1985 2247 2193 2319 vobis
2229 2246 2748 2330 afferebantur,

633 2382 712 2436 ut
740 2364 1009 2463 aliquid
1033 2390 1119 2436 ex
1147 2365 1231 2434 iis
1266 2376 1450 2434 esset
1471 2358 2035 2457 exspectandum
2058 2385 2077 2446 ;
2103 2384 2228 2457 spe
2260 2375 2333 2432 et
2358 2360 2748 2458 cupiditate

631 2475 1145 2547 Thessalonicae
1173 2484 1535 2544 retentus¹
1567 2495 1723 2542 sum
1761 2497 1775 2538 :
1811 2485 2275 2568 posteaquam
2302 2476 2534 2544 omnis
2565 2476 2750 2545 actio

636 2586 848 2678 hujus
892 2587 1063 2654 anni
1111 2581 1476 2653 confecta²
1526 2579 1738 2651 nobis
1792 2579 2202 2670 videbatur,
2255 2585 2330 2653 in
2376 2588 2612 2654 Asiam
2646 2587 2750 2654 ire

637 2693 874 2781 nolui3
915 2678 1115 2790 quod
1163 2708 1235 2764 et
1280 2690 1654 2763 celebritas
1691 2690 1866 2760 mihi
1911 2691 2080 2761 odio
2119 2707 2255 2779 est,
2299 2707 2403 2780 et,
2453 2695 2509 2763 si
2546 2692 2751 2764 fieret

636 2803 904 2901 aliquid
940 2829 981 2874 a
1014 2808 1218 2873 novis
1263 2802 1832 2899 magistratibus,
1870 2801 2114 2872 abesse
2150 2802 2362 2898 longe
2391 2804 2750 2875 nolebam.

638 2919 888 3010 Itaque
923 2914 999 2983 in
1035 2914 1333 3010 Epirum
1370 2912 1459 2982 ad
1497 2927 1565 2981 te
1598 2912 1814 2981 statui
1850 2934 1967 2980 me
2008 2909 2376 3000 conferre3
2419 2940 2566 2984 non
2605 2939 2756 3011 quo

638 3048 795 3108 mea
838 3023 1212 3094 interesset
1257 3022 1394 3092 loci
1437 3035 1722 3107 natura,
1766 3023 1893 3117 qui
1938 3018 2169 3090 lu'cem
2211 3025 2510 3093 omnino
2549 3022 2758 3121 fuge-

638 3157 823 3202 rem:
848 3132 971 3204 sed
1003 3146 1075 3201 et
1097 3131 1184 3201 ad
1213 3132 1513 3201 salutem
1540 3127 2009 3200 libentissime
2038 3156 2126 3200 ex
2154 3145 2280 3202 tuo
2304 3130 2564 3230 portu3
2590 3158 2763 3230 pro-

638 3242 943 3328 ficiscar,
980 3255 1083 3322 et,
1121 3243 1178 3311 si
1211 3265 1290 3310 ea
1328 3242 1621 3336 praecisa
1653 3242 1823 3326 erit,
1847 3234 2219 3336 ‘nusquam
2258 3239 2538 3313 facilius
2569 3243 2763 3314 hanc

641 3352 1103 3421 miserrimam
1159 3352 1377 3419 vitam
1421 3348 1536 3420 vel
1582 3349 2038 3437 sustentabo,
2088 3351 2233 3437 vel,
2284 3353 2482 3449 quod
2525 3354 2760 3424 multo

638 3477 742 3532 est
789 3463 1078 3547 melius,
1121 3459 1475 3555 abjecero.
1518 3466 1658 3531 Ero
1698 3485 1862 3530 cum
1902 3463 2187 3558 paucis;
2217 3463 2763 3536 multitudinem

641 3572 1013 3644 dimittam.

719 3752 760 3784 1.
783 3737 881 3784 Alii
897 3773 913 3798 ‚
942 3738 1173 3786 detentus.
1197 3738 1248 3786 J.
1270 3738 1329 3784 V.
1353 3738 1405 3787 L.
1742 3740 1901 3805 ρυιῶς,
1920 3738 2006 3785 sed
2024 3739 2211 3786 Mannt.
2231 3749 2372 3801 putat
2389 3738 2572 3787 dictum
2593 3755 2765 3787 revera

712 3829 758 3861 a.
797 3815 1039 3880 Corgsecea.
1078 3818 1209 3864 Finis
1235 3818 1362 3864 enim
1395 3816 1511 3864 anni
1538 3813 1652 3865 ade'-
1742 3833 1803 3863 ex
1826 3828 1972 3879 portu
1995 3833 2008 3865 ε
2043 3828 2094 3864 ut
2121 3818 2213 3876 sit,
2236 3819 2309 3865 Ex
2328 3820 2501 3881 quovis
2527 3831 2678 3882 portu
2701 3818 2767 3865 15.

638 3903 707 3938 rat
729 3907 740 3939 :
766 3909 920 3955 neque
934 3894 1054 3958 legis
1078 3895 1196 3943 latio
1213 3895 1395 3959 suscipi
1415 3908 1607 3960 poterat
1625 3911 1652 3941 a
1741 3894 1912 3942 beuter
1927 3895 1990 3943 ad
2009 3895 2235 3954 salutem,
2259 3913 2320 3943 ex
2339 3908 2424 3944 tuo
2447 3897 2766 3945 libentissime

641 3969 1011 4031 magistratibus.
1046 3972 1276 4037 Confecta
1293 3985 1385 4029 est,
1415 3972 1478 4021 nd
1506 3974 1650 4021 finem
1739 3972 2184 4038 proficiscan--Ex
2208 3986 2291 4023 tuo
2309 3989 2551 4035 antemna
2574 3993 2675 4041 quo
2707 3988 2765 4024 m

640 4050 787 4095 venit.
806 4051 898 4096 En.
1739 4054 1891 4101 solvis
1908 4089 1924 4114 ‚
1946 4070 2096 4118 quum
2123 4055 2172 4101 in
2192 4056 2378 4103 ltaliam
2400 4075 2427 4106 a
2451 4059 2546 4106 tuis
2567 4073 2766 4122 posses-

712 4129 755 4175 3.
794 4128 875 4173 Ex
904 4137 986 4175 cuo
1005 4139 1177 4192 portu.
1207 4130 1415 4194 Accipio
1442 4146 1652 4195 μεταφο-
1740 4131 1957 4180 sionibus
1977 4132 2118 4181 redis.
2148 4135 2359 4184 Mmtur-
