3023 4773
634 432 1144 500 EPISTOLAE
1199 432 1334 499 AD
1389 433 1901 517 ΑΤΤΙΟΗΜ,
1953 435 2066 516 11,
2116 436 2219 516 4.-
2333 408 2460 527 37'1

346 551 810 655 geographia,
872 550 1059 621 dabo
1121 576 1450 649 operam,
1519 568 1596 622 ut
1655 553 1787 624 tibi
1834 552 2256 625 satisfaciam
2291 586 2306 626 :
2345 556 2470 626 sed
2536 644 2541 650 ·

349 677 623 748 tamen,
669 677 750 732 ut
779 661 1032 755 jubes,
1079 661 1381 747 curab0‚
1420 677 1501 732 ut
1548 663 1765 758 hujus
1788 676 1847 707 ¹⁰
1885 666 2474 761 peregrinationis

347 773 638 870 aliquod
682 770 811 843 tibi
840 796 1025 870 opus
1064 786 1311 844 exstet.

443 888 552 952 Tu
620 881 975 980 quidquid
1040 880 1391 980 indagaris
1419 880 1533 977 vde
1587 881 1988 978 republica,
2041 897 2114 952 et
2170 887 2472 955 maxime

344 1017 531 1089 quos
559 992 889 1062 consules
917 988 1199 1061 futuros
1227 1005 1473 1088 pute5‚
1508 990 1756 1075 facim,
1785 1006 1868 1061 ut
1894 994 2109 1062 sciam
2142 1017 2156 1058 ε
2193 999 2468 1063 tametsi

343 1103 584 1172 minus
630 1125 788 1171 sum
837 1100 1186 1171 curiosus.
1226 1104 1454 1173 Statui
1502 1104 1697 1173 enim
1737 1100 1912 1171 nihil
1942 1090 2089 1195 jam
2133 1100 2222 1172 de
2254 1127 2472 1199 repu-

341 1210 527 1281 blica
584 1214 917 1308 cogitare.
973 1213 1321 1281 Terentia·-
1375 1211 1635 1282 saltum
1693 1213 2208 1309 perspeximus.
2279 1213 2475 1302 Quid

340 1321 647 1415 quaeris?
691 1336 951 1417 praeter
986 1344 1340 1418 quercum
1388 1319 1907 1392 Dodonaeam¹¹
1964 1320 2144 1391 nihil
2195 1322 2471 1392 deside-

341 1455 617 1517 ramu5‚
644 1457 794 1529 quo
822 1433 1064 1503 minus
1088 1433 1385 1529 Epirum
1419 1434 1648 1529 ipsam
1679 1429 2045 1529 possidere
2075 1430 2468 1504 videamur.

342 1544 489 1611 Nos
518 1543 799 1613 circiter
827 1540 965 1612 kal.
1002 1556 1126 1612 aut
1155 1544 1226 1611 in
1249 1542 1632 1611 Formiano
1663 1542 1965 1627 eristum,
1998 1555 2123 1610 aut
2156 1544 2230 1611 in
2256 1546 2474 1613 Pom-

342 1654 624 1746 peiano.
665 1656 814 1739 Tu,
849 1656 908 1721 si
944 1654 1016 1720 in
1045 1649 1426 1725 Formiano
1461 1677 1610 1722 non
1650 1656 1960 1735 erimus3
1995 1655 2052 1722 si
2084 1676 2217 1723 nos
2245 1676 2476 1737 ama5‚

341 1763 412 1830 in
444 1764 963 1859 Pompeianum
990 1766 1255 1832 venit0.
1279 1760 1364 1835 Id
1383 1776 1455 1831 et
1483 1760 1709 1832 nobis
1727 1761 1864 1831 erit
1900 1760 2435 1857 perjucundum
2456 1816 2473 1841 ‚

339 1884 411 1939 et
448 1869 576 1939 tibi
616 1896 766 1940 non
805 1894 975 1940 sane
1018 1869 1333 1940 devium.

435 1983 543 2048 De
587 2003 832 2061 muro,
881 1980 1224 2075 imperavi
1255 1978 1676 2065 Philotimo,
1714 2004 1807 2051 ne
1845 1979 2271 2078 impediret,
2325 2008 2473 2079 quo

337 2088 580 2155 minus
625 2085 696 2155 id
737 2084 978 2169 fieret,
1033 2084 1234 2181 quod
1279 2085 1411 2159 tibi
1453 2088 1839 2158 videretur.
1884 2092 2165 2161 Censeo
2197 2104 2473 2175 tamen,

336 2194 682 2265 adhibeas
710 2195 1032 2265 Vettium
1053 2205 1137 2263 ¹².
1168 2199 1289 2265 His
1319 2195 1807 2293 temporibuS,
1839 2211 1983 2266 tam
2003 2196 2223 2269 dubia
2242 2198 2301 2243 ¹³
2332 2204 2476 2271 vita

333 2307 594 2404 optimi
625 2305 979 2402 cujusque
998 2360 1015 2392 ‚
1048 2310 1289 2405 magni
1316 2308 1591 2377 :estimo
1626 2310 1839 2378 unius
1866 2312 2126 2378 aestatis
2153 2308 2470 2381 fructum

335 2415 673 2513 palaestrae
688 2415 1045 2486 Palatinae¹
1057 2419 1112 2501 4,
1131 2415 1257 2487 sed
1275 2418 1370 2487 ita
1383 2432 1651 2505 tamen,
1673 2432 1756 2487 ut
1770 2416 1947 2487 nihil
1966 2419 2112 2488 min
2121 2445 2202 2490 us
2219 2421 2431 2492 velim
2449 2477 2467 2506 ‚

335 2550 553 2621 quam
583 2529 1051 2623 Pomponiam
1080 2540 1152 2597 et
1181 2551 1488 2623 puerum
1518 2531 1780 2597 versari
1817 2528 1890 2596 in
1925 2529 2183 2599 timore
2220 2534 2464 2601 ruinae.

411 2732 489 2763 10.
506 2716 680 2781 Hujus.
699 2716 897 2764 Errabat
918 2728 1020 2764 tum
1041 2717 1214 2765 Cicero
1229 2719 1356 2764 circa

335 2813 444 2844 snas
465 2796 674 2846 villulas.
699 2800 828 2847 Gov.

411 2893 431 2923 ι
449 2894 489 2926 t.
524 2878 845 2927 Dodonoeam.
878 2877 928 2944 Si
959 2893 1169 2941 quercus
1198 2888 1357 2927 essent

337 2957 387 3002 in
401 2958 638 3005 Terentiae
650 2957 776 3005 saltu
788 2992 802 3015 ,
817 2968 873 3004 ut
885 2957 936 3003 in
952 2958 1104 3020 Epiro
1121 2968 1201 3004 tna
1215 2969 1354 3014 snut,

331 3035 466 3094 juxta
493 3036 750 3084 Dodonam
777 3037 1052 3093 civitatem,
1077 3052 1168 3099 ego
1198 3037 1354 3101 ipsam

333 3113 452 3160 mihi
471 3115 656 3162 viderer
673 3118 726 3162 in
740 3115 876 3161 Italia
892 3115 1142 3178 possidere
1160 3128 1174 3162 ε
1196 3126 1351 3162 cetera

333 3208 435 3240 non
461 3195 619 3241 minus
636 3193 830 3242 abunde
857 3205 996 3254 sunt,
1020 3209 1164 3257 quam
1187 3194 1236 3240 in
1258 3195 1353 3241 tuis

332 3273 592 3338 Epiroticis
615 3273 1022 3338 possessionibus.
1052 3273 1200 3319 Mu«.

409 3368 490 3399 ω.
522 3352 765 3400 Adhibeas
785 3351 1010 3400 Vectium.
1040 3353 1199 3400 Utaris
1226 3368 1350 3398 con·

330 3431 441 3479 silio
466 3432 734 3498 Chrysippi
770 3432 918 3480 Vettii
956 3433 1074 3495 Cyri
1101 3431 1351 3480 architecti

330 3509 507 3560 uberti.
525 3515 614 3576 Ep.
635 3527 721 3573 29,
734 3512 821 3561 nb.
840 3499 1350 3559 minema—Ad-

331 3600 467 3637 notat
486 3593 518 3638 J
522 3594 602 3637 Ν.
625 3595 678 3639 L.
694 3591 908 3654 potuisse
929 3590 1112 3654 Cyrum
1127 3579 1351 3634 libertum

331 3671 614 3717 esseVettii.
641 3670 757 3717 Vid.
778 3671 901 3727 vn,
933 3678 992 3725 14
1011 3706 1025 3730 ‚
1043 3668 1106 3715 ad
1128 3669 1240 3714 Div.
1258 3668 1349 3714 En.

410 3749 486 3795 13.
522 3751 642 3796 Yam
669 3749 819 3796 dubia
849 3748 981 3796 vita.
1011 3747 1240 3795 Innuitur
1269 3762 1353 3809 pe·

329 3828 568 3886 riculmn,
593 3839 678 3875 aut
705 3844 765 3875 ex
793 3828 915 3874 seris
949 3828 1112 3891 aliqua
1142 3827 1277 3892 gravi
1305 3836 1354 3872 et

327 3908 573 3970 pestilenti
591 3909 883 3972 aspiratione
899 3942 914 3964 ‚
931 3919 1016 3956 aut
1035 3918 1165 3954 certe
1184 3921 1242 3953 ex
1261 3904 1354 3951 ho-

329 3987 540 4036 minibus
561 3988 876 4052 impendens:
903 3998 958 4033 ut
979 4004 1041 4034 ex
1066 4003 1119 4032 ea
1148 3986 1351 4040 Cicero,

329 4082 591 4128 puerorum
613 4084 754 4116 causa
776 4068 936 4130 magni
957 4067 1098 4113 faciat
1127 4064 1355 4111 Palatinae

331 4144 504 4194 domus
533 4163 769 4194 secessum
794 4155 955 4193 aestate
989 4145 1099 4192 illa:
1129 4143 1250 4190 nolit
1280 4153 1352 4188 ta-

1446 2733 1558 2764 men
1596 2733 1681 2765 eos
1700 2750 1715 2775 ,
1753 2718 1866 2766 dum
1906 2730 2103 2768 externa
2140 2722 2353 2784 pericula
2386 2722 2469 2770 de-

1445 2795 1629 2843 clinant
1644 2830 1658 2854 ,
1675 2797 1890 2844 incidere
1908 2798 1957 2845 in
1978 2798 2244 2848 domestica
2259 2835 2274 2858 ,
2292 2803 2470 2848 ruinae-

1445 2892 1542 2940 que
1564 2876 1741 2924 timore
1765 2878 1958 2928 versari.
1988 2879 2122 2926 Mas.

1522 2964 1605 3013 14.
1634 2956 1882 3002 Paloeseroe
1902 2956 2154 3004 Palatinoe.
2182 2958 2356 3006 Cicero
2379 2958 2465 3004 ba-

1443 3034 1589 3083 bebat
1625 3035 1823 3094 domum
1855 3036 1907 3080 in
1933 3035 2118 3082 Palatio
2154 3033 2464 3098 magnificen-

1442 3114 1690 3172 tissimam,
1700 3128 1814 3161 eum
1824 3128 1921 3175 qua
1930 3113 2101 3173 juncta
2114 3123 2214 3161 erat
2226 3113 2466 3177 pala-tra,

1439 3211 1590 3258 eaque
1611 3209 1752 3241 mnro
1771 3194 1928 3241 cincta
1941 3228 1957 3250 ‚
1975 3193 2035 3240 de
2055 3209 2158 3256 qno
2179 3192 2463 3257 palaestricae

1439 3275 1812 3322 exercitationes
1839 3272 2221 3337 spectabantur(
2241 3272 2377 3336 quod
2397 3284 2466 3320 ta-

1440 3369 1549 3401 men
1572 3354 1682 3401 Sch.
1709 3353 1905 3399 minime
1933 3363 2117 3399 certum
2144 3362 2304 3416 putat.
2326 3351 2467 3415 En.):

1439 3432 1526 3479 sed
1539 3433 1653 3496 quia
1671 3422 1835 3479 mnrus
1854 3442 1954 3479 erat
1973 3429 2192 3477 infirmus
2205 3464 2219 3486 ,
2243 3430 2468 3478 minitans

1441 3511 1647 3571 minam,
1665 3510 1859 3558 volebat
1885 3510 2020 3556 illum
2038 3509 2237 3576 *reficere
2262 3509 2466 3556 consilio

1442 3590 1595 3636 Attici
1613 3600 1662 3635 et
1676 3590 1827 3636 Vettii
1842 3587 2091 3645 architecti
2108 3601 2119 3632 ε
2142 3603 2202 3632 ne
2222 3588 2345 3635 sorte
2358 3590 2467 3652 ipso

1441 3668 1639 3715 absente
1658 3683 1748 3731 per
1768 3666 1968 3713 liberam
1986 3665 2273 3728 legationem
2292 3669 2355 3729 Q.
2373 3661 2467 3715 sra-

1446 3748 1531 3793 tris
1555 3761 1681 3793 uxor
1707 3745 1975 3808 Pomponia
1994 3779 2008 3802 ,
2033 3756 2080 3791 et
2103 3747 2167 3808 Q.
2198 3744 2325 3794 filius
2357 3734 2469 3795 ver-

1442 3837 1664 3872 sarentur
1692 3826 1741 3870 in
1771 3824 1942 3871 timore
1977 3826 2147 3876 minse.
2172 3828 2320 3874 Erant
2339 3828 2466 3874 enim

1443 3904 1618 3973 clomus
1645 3905 1896 3966 utriusque
1923 3904 2173 3966 Ciceronis
2195 3906 2465 3970 contiguae,

1445 3983 1655 4030 necnllo
1676 3983 1934 4042 interjecto
1954 3984 2111 4047 spatio
2130 3983 2465 4048 disjungeban-

1446 4073 1542 4119 tur‚*
1563 4073 1615 4109 ut
1633 4062 1725 4126 ipsi
1745 4061 1881 4126 qnasi
1898 4053 2266 4126 contubernales
2283 4075 2460 4112 essent.

1445 4142 1572 4188 Vide
1598 4159 1674 4204 ep.
1703 4150 1764 4200 4,
1791 4141 1875 4187 lib.
1902 4145 1946 4188 11
1966 4178 1978 4200 ,
2003 4141 2066 4188 ad
2099 4131 2171 4188 t‹·1-;
2199 4145 2396 4195 Pol-su.

2116 4234 2227 4312 al..
