3023 4773
200 398 1056 421 mmmm-mmmm}
1060 399 2326 422 mmmmmmmmmm

705 594 1814 702 ARGUMENTUM

933 832 1214 899 LIBRI
1275 831 1389 899 SE
1406 831 1604 921 x,T1.
1656 830 1664 837 '

206 1000 321 1073 Qui
349 1000 453 1058 has
486 1003 566 1057 M.
592 997 769 1057 Tullii
799 995 1071 1073 epistolas
1121 996 1182 1052 in
1234 993 1415 1052 libros
1447 993 1777 1067 distribuit,
1821 996 1866 1052 is
1905 997 2046 1054 mihi
2089 997 2341 1072 videtur,

284 1097 421 1154 libri
449 1096 595 1153 alius
622 1094 848 1151 initium
877 1093 1014 1150 hinc
1040 1092 1285 1150 maxime
1315 1093 1515 1150 secisse
1536 1134 1553 1164 ,
1596 1091 1755 1169 quod
1801 1091 1892 1150 hae
1937 1094 2063 1152 aliis
2094 1097 2341 1154 consuli·

282 1192 422 1263 bus,
460 1211 632 1270 quam
672 1183 989 1268 superioris
1025 1188 1159 1247 libri
1208 1189 1436 1266 scriptae
1478 1189 1731 1247 suerint:
1778 1210 1986 1267 nempe
2016 1196 2077 1250 L.
2105 1193 2339 1251 AEmilio

284 1290 518 1360 Paullo,
567 1292 632 1347 C.
664 1286 908 1346 Claudio
938 1287 1251 1358 Marcelle,
1290 1305 1460 1363 quem
1494 1286 1806 1344 Suetonius
1849 1287 2038 1345 Marci
2080 1290 2345 1347 Marcelli

284 1386 607 1463 patruelem
632 1383 802 1453 sacit3
830 1382 973 1454 Dio,
999 1381 1299 1440 sobrinum
1319 1424 1335 1451 ,
1364 1381 1485 1453 vel,
1517 1401 1589 1439 ex
1618 1382 1865 1440 aliorum
1897 1383 2205 1460 opinione,
2230 1386 2342 1442 sra-

285 1495 447 1540 trem.
477 1482 588 1539 Hic
616 1481 794 1558 igitur
818 1478 967 1537 liber
991 1491 1211 1537 certum
1247 1491 1648 1561 argumentum
1688 1479 1909 1536 nullum
1943 1479 2151 1551 habet,
2181 1481 2340 1559 quod

287 1577 358 1635 ad
386 1596 569 1653 remp.
599 1575 903 1653 pertineat.
944 1578 1092 1632 Nam
1138 1575 1356 1632 bellum
1397 1574 1763 1644 Parthicum,
1803 1574 1966 1652 cujus
1996 1576 2091 1633 hic
2124 1579 2340 1636 mentio

288 1675 378 1746 fit,
423 1673 482 1730 in
512 1685 667 1730 metu
696 1671 891 1749 potius
911 1713 928 1741 ,
965 1690 1142 1746 quam
1175 1691 1239 1728 re
1267 1671 1393 1748 ipsa
1426 1670 1562 1742 fuit3
1600 1691 1782 1747 quum
1809 1691 1963 1729 anno
2000 1673 2302 1751 superiore
2323 1717 2340 1742 ,

287 1769 387 1848 qui
416 1768 489 1827 ab
519 1769 619 1826 illo
642 1780 832 1844 coepto
856 1779 1096 1843 quartus
1124 1765 1234 1823 fuit
1252 1810 1268 1837 ,
1302 1766 1473 1824 finem
1498 1767 1804 1844 acceperit.
1846 1772 1933 1825 De
1966 1767 2140 1826 rebus
2169 1769 2340 1827 urba-

288 1868 407 1938 nis,
442 1864 601 1943 quod
635 1864 837 1922 odiosa
879 1862 1145 1940 quaedam
1190 1882 1249 1920 se
1285 1862 1489 1921 Cicero
1532 1862 1760 1922 audisse
1788 1862 2023 1933 scribit,
2068 1866 2179 1923 tale
2213 1866 2341 1924 suit.

290 1967 479 2022 Caesar
507 1980 688 2038 quum
720 1949 1046 2030 vereretur,
1090 1978 1163 2017 ne
1211 1978 1273 2016 se
1320 1958 1502 2035 iniqui
1534 1960 1622 2016 sui
1651 1961 1944 2037 provincia
1980 1973 2152 2038 atque
2183 1982 2345 2020 exer·

294 2060 412 2116 citu
437 2057 770 2135 spoliarent,
797 2056 994 2132 sicque
1023 2067 1346 2131 cogeretur,
1375 2055 1422 2112 si
1454 2056 1657 2113 consul
1695 2058 1823 2114 fieri
1848 2057 2055 2130 vellet,
2083 2058 2346 2134 privatus

293 2175 361 2212 ac
389 2173 639 2232 praesens
666 2165 897 2231 petere3
926 2156 995 2209 L.
1019 2151 1282 2208 Paullum
1307 2149 1602 2208 consulem
1619 2192 1635 2218 ,
1658 2164 1717 2208 et
1740 2155 1803 2210 C.
1829 2154 2142 2212 Curionem
2166 2152 2347 2212 tribu-

295 2269 433 2308 num
465 2250 545 2328 pl.
566 2261 733 2307 antea
761 2248 877 2305 suis
909 2245 1234 2307 actionibus
1266 2246 1637 2304 adversantes
1655 2290 1672 2318 ,
1715 2246 1918 2324 grandi
1948 2250 2216 2307 mercede
2242 2251 2350 2309 sibi

294 2346 657 2406 conciliavit:
701 2365 949 2425 quorum
979 2363 1161 2423 opera
1190 2345 1403 2403 factum
1428 2354 1544 2416 est,
1588 2356 1653 2402 ut
1690 2343 1968 2403 retineret
2010 2346 2345 2410 exercitum.

294 2450 442 2505 Nam
469 2463 646 2522 quum
679 2442 753 2502 de
780 2444 880 2501 illo
916 2440 1268 2500 remittendo
1296 2441 1648 2513 referretur,
1691 2442 1868 2499 Curio
1904 2441 1985 2500 ita
2027 2456 2112 2501 est
2156 2464 2345 2502 assen-

293 2558 414 2612 sus,
461 2542 508 2600 si
554 2540 762 2618 reliqui
810 2559 1045 2618 quoque
1096 2538 1494 2608 dimitterent3
1550 2538 1890 2616 Pompeium
1941 2554 2180 2611 notans,
2223 2542 2345 2600 sine

295 2637 499 2696 dubio.
535 2642 662 2697 Hoc
690 2656 842 2694 anno
880 2635 1084 2695 Cicero
1117 2634 1192 2694 de
1220 2635 1523 2713 provincia
1544 2635 1806 2694 decessit.
1833 2640 1920 2696 111
1945 2638 2172 2696 kalend.
2203 2652 2345 2697 sext.

296 2748 469 2811 atque
516 2734 658 2792 idib.
702 2732 927 2791 octobr.
974 2732 1222 2791 Athenis
1271 2732 1409 2804 fuit,
1460 2731 1616 2789 unde
1661 2746 1955 2810 postrema
1998 2733 2131 2792 libri
2175 2734 2348 2812 hujus

297 2835 540 2913 epistola
587 2834 721 2893 data
763 2847 868 2893 est.
908 2834 1153 2912 Reliqua
1203 2845 1340 2891 sunt
1385 2831 1610 2910 privata
1659 2845 1832 2911 atque
1877 2833 2233 2907 domestica;
2275 2833 2349 2891 de

299 2931 488 2991 Tullia
510 2930 824 2991 Dolabellae
852 2929 1222 3001 collocanda,
1251 2942 1310 2987 et
1341 2928 1467 2988 aliis
1494 2927 1688 2987 rebus.
