3023 4773
606 369 743 440 358
1247 373 1339 437 M.
1394 372 1467 436 T.
1526 371 2080 437 CICERONIS

603 498 830 588 ptimo
857 490 971 559 (lic
1002 494 1297 559 Romam
1325 516 1344 572 ς
1381 487 1613 557 tribus
1637 484 1914 557 hon-15²³
1943 492 2166 557 Roma
2201 492 2681 558 Interamnam
2710 519 2735 557 ε.

606 616 824 673 noctu
844 600 1170 668 introisse
1193 601 1357 668 item
1380 612 1545 667 ante
1564 624 1583 665 .·
1605 623 1751 667 non
1767 621 1916 667 esse
1939 601 2115 667 itum
2134 596 2446 681 obviam3
2464 623 2556 668 ne
2575 613 2729 668 tum

605 709 895 808 quidem
916 763 935 794 ‚
957 732 1182 803 quum
1217 709 1299 777 iri
1327 709 1633 777 maxime
1651 706 1917 778 debuit.
1943 707 2134 796 Quid
2165 708 2424 803 quaeris
2449 707 2728 777 ?homi-

567 854 582 861 -
608 844 770 891 nem
812 817 1257 916 petulantem
1296 815 1704 888 modestum
1738 816 1989 901 redd0‚
2023 842 2172 886 nou
2200 816 2435 886 solum
2464 841 2726 919 perpe-

607 946 728 1000 tua
751 930 1092 1026 gravitate
1119 928 1491 1012 orationis,
1515 926 1634 997 sed
1664 931 1876 998 etiam
1897 926 2035 997 hoc
2057 950 2320 1023 genere
2344 924 2722 997 dictorum.

605 1043 852 1134 ltaque
885 1037 1030 1130 jam
1073 1034 1509 1105 familiariter
1542 1059 1705 1105 cum
1745 1038 1900 1132 ipso
1930 1035 2142 1106 etiam
2182 1035 2472 1107 cavillor
2504 1059 2585 1106 ac
2612 1037 2725 1131 jo-

605 1172 749 1219 cor.
795 1148 990 1237 Quin
1039 1147 1250 1213 ctiam
1305 1170 1534 1241 quum
1581 1143 2118 1217 candidatum²⁴
2171 1146 2728 1231 deduceremuS‚

605 1257 857 1353 quaerit
899 1280 982 1325 ex
1029 1278 1179 1339 me,
1225 1279 1400 1323 num
1440 1278 1899 1326 consuessem
1938 1255 2189 1325 Siculis
2228 1253 2549 1325 Ιοειιῐῐι25
2580 1254 2728 1352 gla—

602 1361 998 1435 diatoribus
1028 1363 1198 1433 dare
1220 1365 1248 1431 Ρ
1274 1364 1563 1458 Negavi.
1593 1368 1684 1433 At
1705 1388 1840 1459 ego
1860 1419 1877 1449 ‚
1914 1365 2150 1461 inquit
2169 1419 2190 1449 ,
2229 1389 2459 1436 novus
2494 1380 2731 1460 patro·

605 1498 740 1544 nus
786 1473 1152 1543 instituam
1180 1499 1198 1558 ;
1238 1470 1362 1542 scd
1409 1496 1648 1558 soror,
1701 1497 1863 1569 quae
1920 1488 2197 1544 tantum
2250 1473 2507 1545 habeat
2560 1498 2727 1544 con·

606 1584 854 1653 solaris
909 1581 1043 1652 loci
1064 1579 1153 1663 ²⁶,
1215 1608 1442 1652 unum
1490 1581 1662 1650 mihi
1711 1581 1944 1653 solum
2005 1582 2265 1680 pedem
2327 1582 2467 1653 dat.
2528 1583 2729 1665 Noli,

603 1696 896 1788 inquam
914 1747 933 1778 ‚
960 1692 1050 1762 de
1073 1718 1220 1761 uno
1245 1693 1424 1788 pede
1447 1694 1717 1762 sororis
1736 1697 1978 1788 queri:
2004 1691 2168 1763 licet
2188 1694 2399 1764 etiam
2421 1694 2724 1765 alterum

607 1803 832 1874 tollas.
876 1807 1037 1874 Non
1092 1802 1500 1887 consulare,
1558 1804 1873 1898 inquieS,
1926 1801 2237 1889 dictum;
2291 1801 2520 1874 fateor
2553 1819 2574 1872 :⁴
2606 1805 2727 1875 sed

677 2014 757 2059 23.
798 2009 960 2059 Tribus
993 2008 1140 2058 hon's.
1167 2010 1320 2061 Vetus
1344 2009 1497 2059 liber:
1529 2032 1553 2052 ιι
1572 2022 1621 2059 at

603 2090 758 2159 tribus
784 2089 972 2137 horis».
1000 2088 1172 2136 Rosius
1205 2090 1492 2147 Bsmuz.‚—
1524 2090 1619 2138 Ca-

603 2167 789 2215 villatio
808 2168 949 2216 dicax
970 2177 1018 2214 et
1040 2182 1249 2215 morosa.
1273 2166 1494 2214 Jactabat
1513 2168 1621 2217 Clo-

604 2247 712 2294 dius
736 2263 786 2294 se
810 2247 1017 2311 septimo
1045 2244 1122 2293 die
1147 2260 1173 2291 a
1201 2245 1323 2293 freto
1351 2245 1617 2304 Siciliensi,

601 2324 735 2389 quod
756 2325 940 2372 Italiam
959 2340 984 2370 a
1006 2323 1166 2371 Sicilia
1189 2323 1390 2381 dividit,
1413 2325 1619 2371 Romam

603 2406 789 2452 venisse
804 2440 819 2462 ,
855 2415 1004 2452 noctu
1038 2403 1287 2460 introisse,
1328 2419 1485 2467 neque
1526 2403 1619 2451 sibi

602 2482 795 2529 obviam
824 2497 1113 2546 quemquam
1146 2481 1342 2545 prodire
1374 2481 1615 2546 potuisse,

602 2561 666 2609 ob
684 2561 882 2609 tacitum
896 2572 943 2608 et
955 2560 1169 2609 subitum
1184 2575 1322 2616 suum
1338 2560 1615 2609 adventum.

601 2639 869 2702 Regerebat
893 2640 1067 2690 Cicero
1090 2655 1102 2685 ε
1135 2640 1288 2686 Etiam
1311 2638 1466 2686 tribus
1483 2639 1617 2688 horis

601 2722 754 2766 Roma
781 2721 1127 2776 Interamnam,
1167 2720 1397 2782 quoniam
1421 2717 1622 2767 Clodius

601 2799 733 2847 salsis
752 2798 950 2846 testibus
969 2798 1222 2857 injudicio
1241 2798 1546 2857 obtinuerat,
1570 2815 1621 2846 se

599 2894 696 2942 qna
725 2878 845 2927 hora
875 2889 1154 2942 argueretur
1185 2879 1237 2924 in
1265 2888 1440 2940 operto
1467 2879 1617 2925 Bono

600 2960 716 3010 Dea
743 2957 1097 3022 deprehensus,
1134 2959 1418 3005 Interamnae
1443 2957 1615 3015 fuisse,

601 3037 736 3100 qnod
762 3052 929 3086 verum
953 3052 1053 3083 esse
1081 3051 1181 3083 non
1210 3044 1401 3100 poterat
1417 3069 1431 3091 ,
1463 3050 1612 3098 quum

598 3116 738 3166 multi
762 3131 874 3164 enm
895 3117 1067 3166 Romu
1095 3114 1325 3162 vidissent
1348 3107 1506 3161 tribus
1532 3113 1615 3161 ho·

597 3197 662 3244 ria
675 3205 787 3243 ante
801 3194 1226 3258 deprehensionem
1240 3226 1254 3250 ,
1274 3204 1322 3241 et
1341 3195 1612 3239 Interamna

598 3272 789 3337 lougius
803 3271 864 3321 ab
879 3274 1031 3322 Roma
1047 3273 1189 3319 trium
1199 3272 1428 3319 horarum
1442 3270 1616 3318 itinere

597 3351 798 3400 abesset.
849 3353 968 3399 Item
1015 3362 1127 3398 aute
1170 3362 1321 3398 noctu
1363 3351 1612 3407 introisse,

597 3429 780 3478 scilicet
795 3429 993 3480 domum
1012 3429 1212 3477 Cauris
1229 3427 1479 3476 Pontificis
1493 3462 1509 3488 ,
1529 3427 1615 3476 ubi

595 3509 816 3557 mulieres
842 3511 989 3557 Bonae
1015 3510 1130 3570 Deae
1155 3508 1503 3556 sacrificabant.
1537 3509 1612 3556 Ne

599 3598 700 3635 tum
709 3587 905 3651 quidem
919 3586 989 3636 illi
1004 3604 1106 3635 esse
1118 3588 1241 3635 itum
1256 3586 1446 3635 obviam
1461 3603 1610 3649 quum

601 3665 661 3711 iri
685 3667 888 3714 maxime
907 3664 1099 3720 debuit,
1125 3666 1220 3713 hoc
1238 3675 1336 3722 est,
1357 3681 1513 3727 quum
1536 3664 1611 3712 de·

600 3743 704 3792 buit
735 3745 910 3802 resisti,
944 3762 1006 3793 ue
1035 3761 1142 3793 reus
1168 3744 1464 3810 pollutarum
1493 3745 1613 3792 ceri·

601 3824 870 3870 moniarnm
898 3824 1241 3872 absolveretur.
1265 3827 1419 3873 Jocus
1441 3823 1494 3871 iu
1515 3839 1615 3871 am·

602 3901 744 3962 higna
769 3903 967 3950 notione
993 3903 1128 3950 verbi
1156 3907 1226 3952 ire
1246 3904 1432 3952 obuiam
1446 3938 1460 3961 ‚
1482 3903 1615 3966 quod

596 3992 642 4027 et
649 3979 854 4043 prodire
866 3983 1004 4030 obvia
1011 3996 1125 4041 m,et
1138 3985 1352 4034 resiscere
1361 3982 1615 4049 siguificat.

596 4060 787 4107 Porus.

1781 2019 1867 2066 ak.
1922 2010 2267 2060 Candidatum.
2319 2012 2617 2061 Candidatus
2667 2014 2727 2060 ad

1709 2089 2177 2137 commendationem
2218 2091 2334 2137 clari
2370 2092 2458 2138 viri
2497 2094 2726 2139 Martium

1710 2170 1760 2214 in
1778 2184 2000 2232 campum
2022 2167 2339 2216 deducebant.
2366 2173 2429 2232 Q.
2451 2170 2647 2229 Cicero,
2669 2171 2729 2218 dc

1710 2246 1844 2308 petit.
1860 2245 2157 2295 consulatus.
2182 2249 2405 2297 Manu-r.

1779 2327 1863 2373 25.
1914 2324 2085 2372 Siculis
2134 2325 2310 2373 locum.
2358 2327 2562 2386 Siculis,
2613 2330 2728 2375 meis

1708 2403 1991 2462 clientibus,
2015 2404 2179 2451 locum
2208 2405 2349 2462 dare,
2380 2405 2464 2453 nbi
2495 2407 2728 2470 gladiato-

1706 2499 1813 2530 rum
1838 2483 2096 2531 certamina
2116 2495 2333 2546 spectare
2352 2497 2567 2547 possent.
2594 2487 2726 2533 Ami-

1706 2563 1775 2609 cis
1801 2563 1959 2618 enim,
1993 2574 2042 2612 et
2070 2563 2330 2611 tribulibus
2362 2563 2427 2611 ad
2452 2564 2727 2628 spectacula

1705 2641 1841 2688 locus
1856 2641 2088 2688 dabatur:
2107 2653 2160 2687 nt
2186 2641 2234 2688 in
2256 2653 2376 2690 orat.
2393 2659 2485 2705 pro
2500 2644 2722 2700 Murena,

1713 2735 1821 2783 cap.
1842 2721 1926 2775 34.
1953 2723 2103 2767 Inan.

1781 2799 1865 2846 26.
1890 2799 2171 2847 Consularis
2189 2800 2303 2848 loci.
2328 2801 2529 2849 Munera
2549 2799 2725 2863 gladia·

1709 2886 1866 2925 tornm
1912 2879 1965 2925 in
2010 2878 2118 2926 foro
2170 2878 2411 2927 dabantur
2448 2894 2463 2927 :
2506 2880 2728 2928 consules

1704 2965 1891 3012 antem,
1932 2967 1981 3003 et
2015 2957 2099 3006 alii
2137 2958 2443 3021 magistratus
2479 2970 2722 3022 gerentes,

1702 3050 1794 3097 pro
1819 3035 2122 3098 magistratus
2149 3035 2383 3098 dignitate
2403 3037 2614 3100 spatium
2639 3038 2727 3086 ba·

1701 3113 1915 3174 bebaut,
1957 3115 2043 3162 nbi
2086 3128 2304 3179 spectare
2344 3127 2579 3181 possent,
2621 3117 2725 3164 sive

1701 3193 1866 3240 amicis
1890 3193 2300 3258 familiaribusque
2319 3194 2382 3241 ad
2403 3195 2721 3259 spectandum

1704 3272 1833 3320 dare.
1856 3273 2080 3338 Virgines
2107 3274 2221 3324 item
2240 3274 2453 3321 Vestales
2473 3289 2614 3322 sunm
2638 3274 2723 3321 lo-

1702 3367 1814 3398 cum
1848 3351 2187 3414 gladiatorium
2223 3352 2493 3411 habebant,
2524 3362 2573 3399 et
2599 3369 2724 3400 con-

1701 3429 1860 3478 sulum
1889 3445 2080 3480 uxores.
2122 3432 2220 3493 Qui
2258 3430 2558 3493 magistratus
2586 3442 2727 3493 pete„

1700 3509 1854 3570 bant,
1898 3510 2030 3557 soliti
2075 3520 2208 3558 erant
2257 3527 2281 3557 a
2340 3509 2632 3573 propinquis
2674 3522 2728 3557 et

1700 3589 1978 3636 necessariis
2014 3590 2091 3637 vel
2125 3590 2369 3654 precario,
2403 3589 2478 3636 vel
2500 3589 2727 3637 mercede

1700 3683 1918 3728 magnam
1956 3669 2054 3715 vim
2090 3667 2264 3716 horum
2304 3668 2525 3716 locorum
2565 3669 2721 3732 impe·

1700 3756 1825 3804 trare
1846 3781 1860 3803 ,
1904 3757 1951 3792 et
2000 3747 2089 3794 hac
2137 3745 2425 3794 liberalitate
2479 3745 2727 3793 candidati

1704 3824 1967 3873 multorum
2003 3825 2193 3873 animos
2233 3825 2326 3873 sibi
2365 3824 2723 3880 conciliabant,

1704 3919 1853 3966 quum
1885 3904 2109 3952 nonnulli
2144 3905 2287 3952 etiam
2320 3904 2510 3952 nobiles
2547 3904 2639 3951 viri
2674 3903 2725 3950 in

1705 3983 1837 4036 circo
1873 3992 1999 4035 totas
2039 3984 2261 4040 tabernas
2293 3983 2543 4034 tribulium
2581 3999 2727 4029 eausa

1706 4073 2053 4126 compararent.
2074 4063 2288 4111 Decreto
2302 4072 2459 4111 autem
2476 4063 2547 4108 M.
2562 4059 2727 4120 Tullii,
