3023 4773
737 378 875 453 566
1378 383 1475 451 Μ.
1527 384 1606 450 Τ.
1657 384 2221 453 CICERONIS

832 502 1145 592 Quaeris,
1207 499 1386 597 quid
1444 500 1565 572 hic
1620 525 1843 598 agam.
1897 509 2005 573 Ita
2051 504 2321 590 vivam,
2373 515 2455 571 ut
2505 507 2782 580 maximos

733 603 1066 709 sumptus
1100 609 1306 684 facio.
1346 611 1649 684 Mirifice
1693 613 2013 686 delector
2042 613 2185 686 hoc
2219 615 2557 688 instituto,
2594 614 2782 685 Admi-

732 722 979 794 rabilis
1036 722 1468 794 abstinentia
1507 748 1599 794 ex
1647 729 2018 822 praeceptis
2070 726 2266 795 tuis:
2303 738 2386 795 ut
2433 747 2679 811 verear,
2718 750 2782 795 ne

730 831 948 920 illud,
990 832 1191 930 quod
1229 848 1467 905 tecum
1509 836 1914 931 permutavi
1928 831 1985 922 ⁶,
2036 858 2328 905 versura
2362 831 2534 904 mihi
2567 833 2785 905 solven-

728 942 905 1015 dum
938 944 1046 1015 sit.
1085 947 1296 1042 Appii
1324 945 1622 1016 vulnera
1652 969 1807 1015 non
1838 942 2131 1032 refric03
2161 942 2288 1017 sed
2308 957 2666 1042 apparent,
2690 966 2785 1013 nec

738 1053 978 1125 occuli
1023 1067 1355 1150 possunt.

829 1167 976 1234 Iter
1013 1162 1364 1234 Laodicea
1408 1161 1756 1235 faciebam
1814 1189 1877 1235 a.
1942 1163 2013 1234 d.
2063 1188 2144 1234 111
2184 1187 2359 1234 non.
2399 1176 2569 1234 sext.
2620 1185 2788 1258 quum

736 1270 870 1343 has
917 1270 1155 1342 literas
1196 1269 1497 1362 dabam,
1541 1275 1616 1343 in
1654 1288 1880 1345 castra
1922 1274 1997 1343 in
2041 1274 2516 1369 Lycaoniam:
2554 1270 2696 1342 inde
2730 1270 2792 1340 ad

739 1384 1057 1452 Taurum
1096 1379 1536 1478 cogitabam,
1572 1396 1658 1453 ut
1694 1407 1859 1454 cum
1898 1386 2356 1479 Moeragene⁷
2396 1382 2602 1478 signis
2635 1380 2793 1451 colla-

734 1490 862 1575 tis),
890 1492 944 1559 si
983 1513 1303 1587 possem,
1334 1489 1425 1562 de
1458 1515 1663 1562 servo
1694 1505 1823 1561 tuo
1850 1489 2282 1563 deciderem.
2318 1491 2606 1563 Clitellae
2629 1485 2793 1560 bovi⁸

736 1614 909 1671 sunt
940 1600 1331 1696 impositae3
1370 1600 1586 1698 plane
1629 1625 1782 1670 non
1819 1614 1926 1672 est
1966 1616 2301 1674 nostrum
2338 1627 2544 1674 onus.
2578 1599 2699 1672 Sed
2726 1598 2795 1668 fe-

737 1735 984 1784 remus
1022 1737 1040 1780 :
1077 1708 1298 1785 modo
1320 1765 1340 1798 ‚
1386 1716 1446 1784 si
1479 1735 1598 1783 me
1631 1734 1859 1801 amas,
1901 1715 1993 1783 sit
2029 1737 2383 1783 annuum.
2421 1710 2613 1782 Adsis
2645 1725 2711 1779 tu
2737 1705 2800 1778 ad

736 1835 1057 1919 tempus,
1094 1834 1181 1891 ut
1222 1834 1548 1895 senatum
1588 1835 1829 1892 totum
1858 1822 2144 1894 excites.
2180 1820 2486 1893 Mirifice
2521 1820 2803 1892 sollicitus

740 1955 938 2018 sum,
999 1929 1196 2027 quod
1247 1930 1395 2026 jam
1452 1929 1577 2001 diu
1636 1933 1887 2028 ignota
1939 1945 2110 2002 sunt
2172 1931 2352 2000 mihi
2418 1934 2548 2002 ista
2598 1928 2802 2000 omnia.

739 2045 1020 2130 Quare,
1055 2053 1138 2110 ut
1179 2038 1271 2109 ad
1315 2053 1386 2109 te
1420 2053 1589 2111 ante
1625 2040 1907 2138 scripsi,
1942 2063 2171 2138 quum
2205 2054 2483 2128 cetera,
2527 2054 2667 2109 tum
2697 2060 2806 2105 res-

739 2149 1067 2248 publica,
1105 2173 1314 2240 cura‚
1356 2163 1441 2234 ut
1475 2150 1652 2226 mihi
1694 2164 1868 2222 nota
1909 2152 2023 2221 sit.
2068 2148 2279 2220 Plura
2324 2147 2629 2220 scribam
2660 2141 2808 2215 tarde

743 2259 1211 2334 reddituroo?
1236 2258 1362 2331 sed
1385 2257 1647 2338 dabam
1680 2258 2007 2332 familiari
2032 2259 2310 2331 homini
2336 2283 2425 2330 ac
2451 2257 2811 2334 domestico,

740 2373 819 2442 C.
863 2368 1278 2442 Andronico
1318 2369 1739 2442 Puteolano.
1780 2374 1891 2445 Tu
1925 2383 2166 2442 autem
2211 2393 2402 2466 saepe
2443 2367 2609 2441 dare
2638 2362 2811 2438 tabel·
2919 2426 2920 2445 ,

741 2479 931 2555 lariis
975 2478 1531 2575 publicanorum
1571 2481 1870 2575 poteris,
1916 2505 2046 2579 per
2087 2482 2470 2576 magistros
2504 2480 2812 2576 scriptura*
2919 2470 2920 2477 '

742 2603 816 2661 et
850 2600 1103 2686 portus
1138 2602 1547 2660 nostrarum
1582 2588 2022 2662 dioecesium.

812 2782 863 2831 6.
906 2779 1056 2843 Quod
1083 2791 1240 2827 eccum
1269 2781 1562 2843 permutavi.
1603 2784 1762 2845 Quam
1848 2794 1954 2847 tum
1971 2817 1985 2841 ,
2011 2793 2061 2830 et
2078 2798 2179 2830 non
2206 2782 2321 2830 satis
2345 2781 2550 2846 dignum
2567 2781 2660 2828 suis
2677 2777 2819 2826 viribus

742 2861 996 2929 pecuniam
1017 2871 1071 2907 tn
1092 2858 1212 2906 mihi
1237 2870 1453 2909 mutuam
1474 2861 1654 2909 dedisti
1678 2879 1765 2926 per
1848 2875 1952 2908 esse
1969 2896 1983 2921 ,
2002 2870 2058 2908 nt
2076 2861 2245 2909 scribit
2262 2861 2313 2908 in
2335 2859 2545 2924 epistola
2561 2859 2619 2906 ed
2636 2857 2818 2910 Coelium.

742 2950 1080 3005 procuratore·
1100 2949 1216 2988 tuos
1232 2940 1285 2991 in
1303 2942 1557 3005 provincia
1570 2975 1587 3001 ,
1613 2958 1716 2990 enm
1734 2959 1762 2990 e
1847 2961 1874 2982 ι-
1889 2941 2070 2987 Totum
2112 2941 2364 3005 negotium
2409 2955 2516 2987 non
2558 2950 2628 2988 est
2665 2937 2822 2998 dignun

741 3019 980 3069 fructibus
1011 3019 1280 3083 provinciae
1319 3019 1520 3069 reddere
1558 3020 1620 3068 iis
1659 3036 1761 3070 non
1841 3018 2028 3068 viribus
2040 3021 2248 3080 noetris,
2267 3014 2823 3082 quimjoninoepublica

740 3110 955 3163 possum.
980 3100 1110 3147 Ean.
1846 3113 1992 3153 onera
2020 3099 2253 3146 sustinere
2286 3109 2334 3145 et
2367 3114 2626 3162 possumus
2650 3107 2694 3143 et
2726 3092 2823 3140 sole-

813 3194 862 3239 7.
888 3178 1181 3242 Moemgene.
1206 3178 1470 3226 Latronem
1489 3175 1629 3223 duce.
1647 3176 1760 3243 ²¹4·
1846 3192 1955 3225 mus
1974 3198 2018 3247 a.
2045 3178 2170 3225 Bovi
2196 3177 2324 3227 enim
2352 3176 2550 3225 clitella
2576 3192 2670 3224 non
2692 3176 2826 3221 imter-

681 3266 686 3271 '
742 3273 865 3305 nur.
893 3283 959 3293 -
987 3258 1032 3303 A
1058 3270 1160 3318 qno
1178 3254 1374 3303 Atticus
1394 3254 1607 3318 aliquid,
1634 3256 1762 3302 nervi
1845 3268 2047 3314 nnntur,
2064 3256 2148 3304 ned
2168 3256 2319 3305 nino.
2351 3259 2552 3306 Portu.

739 3335 992 3399 cujusdam
1034 3334 1223 3397 fugitivi
1267 3335 1491 3393 nomine,
1539 3333 1758 3396 petebat,
1919 3352 1970 3398 9.
1999 3336 2159 3382 Tarde
2181 3335 2450 3384 reddituro.
2480 3335 2624 3383 Valet
2646 3347 2725 3397 per
2744 3343 2827 3375 Μ·

664 3432 669 3437 ·
738 3432 884 3479 qu·-
917 3415 1247 3479 Moeragenee,
1277 3423 1331 3460 ut
1357 3413 1571 3473 conjicio
1587 3448 1602 3473 ,
1629 3429 1760 3461 rece·
1847 3414 1931 3478 qui
1951 3414 2042 3462 tibi
2060 3414 2192 3463 tarde
2207 3413 2392 3465 reddet.
2411 3415 2525 3462 Bos.
2554 3439 2614 3453 -
2629 3415 2829 3465 Fortasse,

737 3504 891 3559 perat.
908 3497 939 3542 J
943 3508 1086 3541 ocose
1103 3501 1261 3539 autem
1279 3492 1371 3553 ait,
1388 3491 1536 3555 signis
1550 3492 1763 3552 collatis,
1850 3493 2078 3543 reditum.
2107 3496 2187 3541 An
2209 3493 2299 3542 tibi
2317 3508 2447 3540 nunc
2473 3491 2609 3556 plura
2634 3487 2832 3543 scribant,

738 3573 879 3636 quod.
895 3588 1047 3637 quum
1065 3581 1187 3619 esset
1206 3585 1318 3618 cnm
1336 3571 1544 3635 imperio
1558 3604 1574 3630 ,
1601 3572 1763 3619 omnia
1850 3571 1936 3635 qui
1955 3587 2056 3620 non
2077 3572 2172 3619 nisi
2192 3571 2328 3620 tarde
2349 3572 2401 3619 in
2423 3571 2604 3618 Urbem
2626 3566 2832 3615 rediturus

739 3652 885 3699 armis
910 3661 1104 3698 acturus
1127 3648 1397 3708 videretur,
1422 3659 1473 3697 et
1501 3650 1552 3696 vi
1578 3650 1762 3698 Moen·
1849 3651 1934 3697 es?
1955 3676 2025 3686 —-
2068 3650 2302 3703 Scribam.
2353 3651 2545 3698 Ernest.
2590 3644 2831 3695 scribebant.

740 3745 911 3793 genem
958 3731 1215 3779 adacturu-
1260 3729 1323 3797 φά
1372 3729 1765 3779 afficiendum
1850 3727 2106 3777 Schiitzins
2138 3729 2243 3776 haec
2289 3729 2355 3776 ita
2400 3725 2622 3783 refinxit,
2660 3746 2682 3767 ι
2719 3722 2832 3770 Plan

742 3810 930 3858 Attico.
958 3810 1073 3858 Bos.
1849 3808 2053 3856 scribam
2079 3808 2210 3857 alin.
2240 3810 2343 3856 Has
2369 3807 2497 3855 enim
2524 3806 2695 3854 dabam
2725 3798 2833 3848 unde

813 3890 866 3935 8.
905 3886 1107 3936 Ceieellae
1144 3887 1267 3938 bovi.
1303 3886 1552 3955 Significat
1588 3903 1762 3935 munus
1848 3885 2100 3935 reddituro
2144 3922 2158 3944 ‚
2223 3886 2308 3935 sed
2377 3885 2633 3945 familiari,
2705 3892 2785 3931 etc.
2818 3898 2833 3921 ·

743 3966 1040 4029 provinciale
1081 3985 1251 4033 parum
1294 3968 1389 4016 sibi
1431 3968 1763 4017 accommoda·
1849 3968 1898 4015 J.
1931 3968 1994 4014 V.
2023 3966 2074 4013 L.
