3023 4773
601 397 741 493 296
1258 404 1352 469 M.
1401 405 1477 470 T.
1536 404 2100 474 CICERONIS

598 506 1039 618 prehensum
1102 518 1298 592 domi
1360 526 1440 593 C.
1501 527 1793 595 Caesaris
1820 519 1904 605 ¹⁸,
1966 546 2197 620 quum
2258 546 2394 620 pro
2448 525 2720 621 populo

598 630 845 717 fieret,
911 654 1228 727 eumque
1290 656 1421 729 per
1488 657 1748 704 manus
1806 632 2190 703 servu1ae19
2245 646 2604 703 servatum
2656 644 2721 700 et

600 740 988 827 eductum3
1031 763 1185 811 rem
1225 767 1377 814 esse
1409 745 1671 841 insigni
1706 742 2043 814 infamia:
2084 741 2283 839 quod
2321 756 2394 813 te
2427 742 2718 813 moleste

600 850 786 921 serre·
819 865 1018 921 certo
1054 855 1227 921 scio,
1265 852 1481 943 Quod
1503 864 1570 898 ²⁰
1598 868 1941 951 praeterea
1973 853 2062 923 ad
2097 867 2165 923 te
2201 850 2506 923 scribam
2526 906 2546 940 ,
2577 873 2712 921 non

600 960 861 1031 habeo.
919 964 1007 1030 Et
1060 961 1470 1033 mehercule
1516 988 1707 1035 eram
1754 960 2269 1035 conturbatior.
2319 966 2496 1032 Nam
2546 983 2717 1060 puer

599 1070 895 1142 festivus
918 1126 937 1157 ‚
1007 1088 1434 1167 anagnostes
1506 1089 1789 1159 noster,
1860 1072 2227 1144 Sositheus
2289 1072 2714 1153 decessemt‚

602 1206 867 1280 meque
895 1181 1059 1279 plus
1082 1237 1099 1267 ,
1128 1206 1342 1278 quam
1380 1188 1569 1254 servi
1594 1208 1788 1255 mors
1814 1181 2080 1254 debere
2107 1180 2512 1268 videbatur,
2541 1203 2720 1251 com-

602 1305 943 1361 moverat.
996 1295 1102 1360 Tu
1140 1292 1355 1361 velim
1395 1317 1585 1389 saepe
1627 1293 1716 1364 ad
1759 1318 1892 1363 nos
1926 1289 2215 1363 scribas,
2264 1291 2334 1361 Si
2370 1313 2527 1360 rem
2559 1286 2720 1357 nul-

604 1400 747 1469 lam
787 1398 1127 1487 habebis,
1157 1400 1352 1495 quod
1397 1407 1471 1471 in
1510 1401 1811 1473 buccam
1851 1405 2170 1489 venerit,
2208 1397 2527 1471 scribito,
2557 1397 2715 1467 Kal.

601 1511 880 1605 januar.
905 1565 923 1598 ,
962 1514 1057 1581 M.
1097 1513 1462 1598 Messalla,
1497 1517 1593 1583 M.
1631 1516 1887 1583 Pisone
1924 1536 2104 1582 coss.
2322 1514 2333 1518 ’

681 1700 758 1745 ι8.
802 1698 949 1746 Domi
992 1699 1045 1747 C.
1084 1700 1303 1746 Caesaris.
1344 1702 1452 1747 Hoc
1487 1716 1619 1748 enno
1709 1699 1846 1763 qnod
1882 1699 2158 1746 Romanum
2188 1699 2278 1755 sit,
2318 1695 2532 1743 eliciant.
2554 1694 2726 1744 Cicero

600 1778 822 1841 pra-toris
858 1791 906 1826 et
936 1777 1180 1843 pontificis
1206 1796 1330 1826 max.
1363 1782 1508 1828 Sacra
1530 1796 1618 1827 su·-
1709 1778 1835 1826 clare
1862 1776 2048 1824 ancillis
2072 1775 2241 1823 tribuit
2268 1775 2317 1821 in
2343 1791 2418 1822 or.
2439 1773 2500 1821 de
2522 1777 2726 1835 nat-usp.

607 1867 702 1902 tem
731 1858 880 1905 Bouae
912 1861 1024 1905 Deae
1067 1858 1144 1905 vel
1180 1859 1230 1905 in
1264 1859 1507 1917 consulis,
1543 1858 1622 1907 vel
1713 1874 1839 1921 resp.
1864 1874 1910 1903 c.
1944 1854 2158 1917 21,-ubi
2184 1856 2250 1902 ait
2274 1870 2384 1901 eum
2423 1870 2484 1901 ex
2522 1869 2582 1901 eo
2622 1852 2729 1899 loeo

611 1934 662 1980 in
687 1938 910 1998 praetoris
932 1936 1135 1994 aedibus,
1159 1935 1355 1985 fiebant.
1373 1940 1488 1986 Scn.
1720 1952 1821 2000 quo
1848 1951 1959 1982 eum
1996 1935 2129 1982 adire
2157 1934 2225 1981 fas
2252 1949 2353 1980 non
2378 1942 2505 1994 erat,
2533 1923 2726 1980 ancilh·

685 2030 764 2075 ¹9·
795 2016 1022 2063 Servuloe.
1047 2015 1147 2063 Alii
1174 2016 1391 2063 Ser-vilice
1414 2051 1429 2074 ,
1451 2017 1537 2064 alii
1557 2019 1634 2063 Se·
1723 2030 1834 2061 rum
1862 2011 2099 2061 beneficio
2132 2013 2374 2060 emissum.
2412 2012 2525 2059 Seu.

603 2093 811 2153 prulloe,·
825 2093 908 2140 alii
927 2095 1067 2141 aliter
1087 2105 1335 2158 torquent,
1353 2105 1408 2142 ut
1426 2110 1629 2153 nomen,
1796 2108 1876 2141 20.
1905 2093 2036 2154 Alii,
2063 2092 2205 2155 Quid.
2226 2095 2258 2140 J
2263 2093 2348 2140 .V.
2373 2094 2427 2138 L.

1220 2441 1825 2522 EPISTOLA
1890 2442 2135 2520 XIII.

611 2601 824 2661 scribit
866 2623 929 2661 se
968 2617 1084 2663 tres
1120 2603 1195 2662 ab
1238 2605 1429 2663 Attico
1472 2605 1747 2684 epistolas
1786 2604 2106 2683 accepisse,
2145 2601 2459 2662 tardiorem
2497 2621 2640 2660 vero
2686 2606 2733 2660 ἰι

694 2698 1001 2758 scribendo
1033 2721 1184 2771 esse,
1214 2701 1375 2779 quod
1420 2702 1751 2761 tabellarios
1775 2701 1972 2759 fideles
1999 2720 2120 2758 non
2148 2699 2433 2770 inveniat3
2474 2698 2640 2758 addit
2670 2700 2736 2758 de

695 2796 925 2857 diverso
953 2799 1256 2856 consulum
1278 2799 1559 2857 Messallae
1592 2811 1651 2855 et
1670 2798 1895 2856 Pisonis
1924 2797 2190 2874 ingenio,
2233 2810 2290 2854 et
2322 2794 2394 2853 de
2428 2795 2618 2853 Clodii
2647 2795 2735 2854 ἰι-

695 2909 870 2950 cestu.
910 2895 1247 2972 Pompeium
1277 2915 1338 2951 se
1366 2907 1566 2973 aperte
1595 2893 1861 2963 laudare,
1902 2893 2129 2951 occulte
2155 2892 2455 2963 invidere;
2492 2891 2568 2950 de
2601 2912 2741 2970 pro-

697 2990 901 3047 vinciis
931 3004 1280 3068 praetorum,
1321 2991 1394 3049 de
1435 2989 1800 3049 orationibus
1842 2989 1960 3048 suis
2001 2989 2071 3047 ad
2113 2989 2369 3048 Atticum
2412 2991 2628 3063 missis,
2673 2990 2742 3048 de

696 3087 871 3145 domo
892 3109 923 3146 a
946 3091 1213 3147 Messalla
1233 3091 1467 3147 consule
1491 3093 1717 3167 empta,
1736 3087 1970 3160 scribit;
1996 3086 2344 3146 Teucridem
2370 3107 2529 3167 spem
2560 3089 2745 3145 facere

699 3186 1018 3244 solutionis.
1050 3187 1304 3262 (Romae,
1337 3206 1490 3243 auno
1514 3191 1590 3245 U.
1618 3190 1681 3245 C.
1703 3188 1819 3262 692
1838 3230 1853 3258 ,
1883 3206 2077 3243 mense
2093 3184 2407 3262 januario.)

1291 3344 1601 3409 CICERO
1648 3345 1961 3408 ATTICO
2007 3346 2069 3408 S.

727 3488 1014 3553 Accam¹
1074 3495 1231 3551 tuas
1281 3494 1422 3551 tres
1465 3482 1612 3575 jam
1659 3481 2041 3579 epistolas:
2087 3506 2304 3552 unam
2355 3504 2394 3550 a
2435 3482 2528 3548 M.
2564 3483 2748 3550 Cor-

701 3680 741 3711 ι.
774 3665 976 3711 Venisse
995 3667 1200 3712 Romam
1222 3663 1439 3710 Atticum
1463 3674 1639 3711 vocatu
1727 3662 1986 3710 offerretur
2030 3663 2256 3719 occasio,
2303 3670 2500 3723 apparet
2551 3675 2612 3706 ex
2657 3657 2754 3705 hnc

625 3744 869 3791 Ciceronis
907 3745 1054 3790 futuri
1085 3742 1299 3790 consulis
1332 3760 1476 3806 supra
1513 3759 1639 3806 saepe
1727 3743 1930 3805 epistola
1950 3758 1963 3790 :
1983 3757 2043 3789 ex
2067 3758 2162 3805 qua
2191 3741 2334 3788 etism
2357 3741 2512 3804 liquet
2530 3739 2757 3803 superio·

625 3822 829 3869 dictum.
847 3821 1057 3869 Videtur
1081 3823 1132 3868 in
1155 3821 1288 3869 Urbe
1311 3823 1457 3870 fuisse
1483 3832 1637 3869 totum
1726 3836 1826 3867 rem
1854 3839 1880 3868 a
1900 3821 2136 3869 Cicerone
2165 3822 2394 3883 scriptam
2413 3835 2515 3866 esse
2542 3817 2602 3866 sd
2628 3817 2759 3865 Atti-

625 3916 805 3948 snnnm
858 3901 1133 3948 consulatus
1171 3903 1453 3964 Ciceronis,
1485 3913 1532 3948 et
1575 3918 1641 3948 se·
1728 3917 1872 3960 cum,
1905 3917 2055 3964 quum
2082 3900 2243 3948 adhuc
2284 3900 2338 3947 in
2376 3901 2548 3947 itinere
2590 3909 2714 3946 esset
2745 3916 2755 3942 :

626 3989 804 4043 quente
832 3995 1051 4042 quoque,
1074 3980 1164 4027 snb
1186 3982 1324 4041 cujus
1346 3980 1492 4029 finem
1520 3981 1640 4028 abiit
1730 3979 1924 4026 videtur
1949 3980 2077 4026 enim
2104 3981 2300 4027 Atticus
2321 3976 2454 4026 lente
2481 3979 2533 4024 in
2561 3976 2759 4025 1]οοίιί-

628 4060 782 4107 Roma
810 4058 858 4104 in
887 4058 1486 4122 Epirum.Exilloitinere
1507 4059 1643 4106 datas
1731 4075 1845 4105 nere
1893 4059 2185 4115 ambulasse,
2232 4058 2308 4106 vel
2364 4058 2592 4122 pluribus
2637 4057 2761 4105 locis

627 4138 688 4188 al»
713 4139 819 4202 ipso
847 4135 1005 4184 literas
1034 4136 1094 4182 ad
1116 4137 1423 4196 Ciceronem,
1451 4141 1642 4202 quoties
1730 4138 2014 4187 substitisse.
2040 4135 2257 4188 Canus.
