3023 4773
588 397 636 467 6
1234 399 1335 466 M.
1385 398 1462 465 T.
1517 396 2085 468 CICERONIS

1967 589 2341 612 mmm
2345 592 2722 616 mmmm

1214 744 2077 853 EPISTOLA·IV.

578 939 774 1008 Quum
808 937 1018 1004 Caesar,
1053 932 1243 992 victor
1273 933 1531 997 civilium
1558 932 1884 1007 bellorum,
1933 952 2138 1012 agrum
2167 933 2455 995 militibus
2488 934 2716 993 divisu-

655 1051 756 1089 rus
785 1045 959 1102 esset,
992 1030 1163 1108 eique
1190 1032 1424 1111 negotio
1457 1031 1810 1110 praefecisset
1846 1036 1917 1105 Q.
1936 1031 2235 1091 Valerium
2257 1076 2274 1104 ,
2306 1032 2445 1090 huic
2458 1032 2723 1091 Volater-

656 1147 830 1186 ranos
852 1127 1248 1201 commendat,
1277 1148 1351 1186 ne
1369 1128 1608 1188 illorum
1627 1148 1764 1207 ager
1782 1128 2058 1187 divisioni
2082 1127 2443 1209 subjiciatur.
2473 1133 2724 1203 (Romae,

656 1244 811 1285 anno
834 1229 909 1291 U.
933 1228 999 1284 C.
1027 1244 1162 1298 707,
1194 1243 1392 1289 mense
1416 1223 1702 1303 octobri.)

815 1407 907 1472 M.
926 1409 1004 1473 T.
1039 1410 1113 1474 c,
1158 1408 1242 1492 Q.
1274 1408 1647 1473 vALmuo
1697 1407 1778 1491 Q.
1827 1408 1901 1474 F.
1942 1406 2231 1492 oncAE,
2277 1409 2470 1475 LEG.

1304 1513 1757 1580 PROPRAET.
1797 1515 1863 1583 s,
1898 1515 1981 1581 D.

670 1668 839 1737 Cum
875 1665 1369 1764 municipibus
1399 1665 1887 1738 Volaterranis
1935 1665 2113 1737 mihi
2150 1690 2433 1738 summa
2469 1691 2718 1740 neces-

577 1775 820 1848 situdo
848 1791 976 1849 est.
1005 1781 1272 1875 Magno
1302 1778 1495 1851 enim
1524 1800 1690 1847 meo
1715 1773 2117 1849 beneficio¹
2154 1774 2395 1865 affecti
2422 1833 2442 1856 ,
2469 1802 2720 1849 cumu-

577 1885 919 1969 latissime
954 1886 1132 1957 mihi
1164 1888 1462 1984 gratiam
1498 1886 1910 1961 retulerunt
1941 1914 1958 1958 :
1993 1912 2160 1959 nam
2191 1913 2328 1960 nec
2364 1891 2441 1958 in
2479 1887 2720 1959 hono-

574 1996 778 2067 ribus
834 2000 1046 2083 meiS,
1096 2021 1230 2069 nec
1285 1998 1363 2067 in
1406 1995 1785 2069 laboribus
1844 2020 2191 2094 umquam
2223 2007 2251 2039 ²
2302 1996 2716 2069 defuerunt.

572 2111 757 2177 Cum
785 2106 1054 2204 quibus
1081 2110 1139 2184 si
1175 2106 1353 2179 mihi
1389 2107 1590 2179 nulla
1618 2130 1833 2178 causa
1864 2107 2386 2193 intercederet,
2433 2122 2678 2180 tamen
2697 2163 2721 2197 ,

572 2215 775 2312 quod
805 2230 878 2288 te
909 2216 1536 2289 vehementissime
1560 2215 1806 2315 diligo,
1840 2217 2191 2315 quodque
2217 2241 2335 2289 me
2366 2242 2409 2288 a
2450 2232 2520 2289 te
2559 2218 2722 2316 plu-

573 2327 739 2396 rimi
775 2325 933 2398 fieri
974 2331 1247 2414 sentio,
1286 2341 1359 2399 et
1395 2351 1773 2404 monerem
1808 2341 1919 2415 te,
1959 2342 2034 2399 et
2067 2325 2398 2399 hortarer
2423 2380 2441 2414 ,
2482 2342 2565 2400 ut
2600 2353 2724 2400 eo-

574 2460 740 2505 rum
768 2434 1081 2507 fortunis
1104 2437 1518 2509 consuleres
1536 2492 1555 2525 ‚
1595 2441 1989 2535 praesertim
2020 2462 2250 2534 quum
2281 2461 2511 2535 prope
2540 2464 2724 2537 prae-

572 2545 859 2642 cipuam
877 2570 1165 2618 causam
1190 2546 1546 2626 haberent
1568 2547 1659 2619 ad
1670 2549 1789 2644 jus
1809 2546 2293 2620 obtinendum
2319 2578 2334 2621 ε
2368 2552 2717 2649 primum,
2781 2643 2784 2644 7

569 2653 773 2751 quod
800 2655 1073 2740 Sullani
1098 2658 1447 2754 temporis
1465 2655 1995 2750 acerbitatem&
2016 2659 2323 2732 deorum
2348 2662 2722 2762 immorta-

565 2763 748 2854 lium
763 2763 1230 2864 benignitate,
1249 2766 1383 2839 sub
1392 2755 1869 2867 terfugerunt3
1889 2767 2177 2856 deinde,
2191 2769 2393 2866 quod
2420 2794 2718 2870 summo

565 2873 809 2960 studio
842 2876 1098 2976 populi
1135 2879 1416 2958 romani
1458 2902 1501 2952 a
1541 2881 1762 2953 mein
1799 2877 2184 2949 consulatu
2222 2902 2386 2954 meo
2422 2877 2717 2954 defensi

572 3000 764 3066 sunt.
782 2989 1029 3077 Quum
1059 2985 1337 3074 tribuni
1367 2987 1636 3086 plebis‘*
1670 2988 1898 3087 legem
1930 2989 2453 3085 iniquissimam
2479 2990 2569 3062 de
2597 3014 2726 3061 eo-

570 3121 735 3188 rum
770 3097 958 3195 agris
992 3098 1676 3198 promulgavissent‚
1716 3097 1926 3170 facile
1968 3102 2250 3172 senatui
2289 3099 2724 3201 populoque

569 3231 875 3278 romano
934 3210 1294 3305 persuasi,
1344 3222 1427 3278 ut
1478 3232 1604 3279 eos
1654 3210 1888 3296 cives,
1919 3207 1922 3212 ’
1949 3207 2217 3305 quibus
2261 3208 2554 3284 fortuna
2591 3234 2727 3310 pe-

571 3318 949 3414 percisset,
1001 3316 1234 3388 salvos
1279 3341 1433 3389 esse
1481 3319 1777 3391 vellent.
1823 3323 2028 3390 Hanc
2067 3321 2430 3392 actionem
2470 3345 2716 3392 meam

649 3507 697 3548 x.
717 3491 979 3559 Beneficio.
1005 3491 1158 3557 Quod
1187 3491 1344 3558 legem
1375 3509 1403 3554 ⁸.
1435 3493 1597 3543 tribn-
1755 3496 1806 3544 3.
1857 3494 2052 3544 &auaui
2102 3495 2331 3561 tempora
2381 3496 2725 3549 acerbitatem.

571 3571 649 3620 nia
675 3570 747 3636 pl.
771 3571 1146 3636 promulgatam,
1174 3572 1234 3626 de
1263 3572 1391 3637 agris
1423 3589 1598 3624 eorum
1681 3576 1798 3639 Quo
1819 3592 1969 3640 quum
1996 3577 2127 3627 Sulla
2154 3593 2297 3642 agros
2319 3578 2588 3636 divideret,
2610 3575 2728 3632 Vo-

572 3650 879 3708 dividendis,
905 3652 1104 3714 perferri
1144 3652 1319 3701 consul
1354 3668 1458 3701 non
1485 3669 1594 3700 sum
1684 3651 1976 3705 lateri-anum
1994 3657 2279 3721 publicavit,
2298 3657 2384 3705 sed
2407 3674 2565 3722 neque
2589 3656 2731 3707 iuml

571 3746 760 3796 passus.
781 3730 933 3778 Infra.
953 3731 1099 3779 Man.
1682 3733 1922 3794 dividere,
1946 3752 2103 3800 neque
2111 3736 2446 3785 Volaterranis
2465 3736 2728 3786 civitatem

647 3826 697 3858 2.
738 3809 1054 3858 Restituimm
1099 3809 1217 3861 lect.
1268 3813 1419 3876 prisc.
1472 3809 1593 3862 edd.
1682 3813 1870 3878 cripere
1892 3815 2075 3879 potuit,
2094 3831 2248 3880 quum
2267 3815 2412 3864 etiam
2429 3826 2535 3864 tum
2552 3829 2728 3865 cuent

575 3892 694 3939 Fere
718 3906 887 3938 onmes
908 3906 935 3938 a
970 3892 1210 3949 Gruter-o,
1238 3908 1392 3941 «nam
1422 3907 1515 3940 nec
1541 3893 1597 3942 iu
1650 3894 1656 3902 '
1683 3893 1736 3940 in
1759 3895 1919 3941 armis.
1946 3894 2108 3947 Coun.

573 3969 845 4019 honoribus
883 3968 1006 4017 mein
1064 3968 1317 4019 laboribus
1363 3987 1595 4036 umquam
1754 3981 1807 4028 4.
1853 3971 2058 4021 Tribuni
2091 3973 2264 4039 plebis.
2312 3974 2451 4023 Rulli
2472 4007 2490 4034 ,
2536 3982 2732 4024 contra

576 4042 885 4096 defuerunt».
902 4049 936 4096 J
943 4084 955 4095 .
972 4051 1035 4096 V.
1054 4050 1113 4096 1..
1133 4076 1204 4086 —
1221 4047 1399 4098 Schiitz
1415 4062 1597 4099 utrum·
1684 4065 1829 4115 quem
1853 4063 1969 4100 sunt
1988 4052 2238 4106 Ciceronis
2259 4054 2507 4104 orationes
2525 4051 2587 4100 de
2603 4051 2730 4117 leg·

579 4143 675 4192 qne
692 4128 741 4174 in
760 4126 962 4177 omittit.
991 4128 1083 4175 En.
1684 4130 1904 4194 Agraria.
1932 4131 2024 4186 En.
