3023 4773
608 384 697 468 ιι.
1227 382 1325 451 M.
1376 382 1452 449 T.
1505 381 2099 454 clcERoms

595 519 671 576 et
702 504 900 574 tuam
937 518 1107 599 erga
1140 523 1258 572 me
1295 497 1859 573 benivolentiam
1896 516 2241 601 expertus
2280 526 2543 594 essem,
2576 528 2737 576 non

594 610 922 684 dubitavi
975 635 1018 681 a
1079 623 1152 681 te
1210 623 1490 707 petere,
1553 608 1759 708 quod
1818 611 1998 681 mihi
2055 612 2456 709 petendum
2522 630 2731 687 esset.

597 729 670 795 P.
700 724 1023 794 Sextium
1044 731 1073 765 ²
1113 722 1388 818 quanti,
1412 719 1666 792 faciam
1689 774 1710 809 ,
1752 723 1908 820 ipse
1935 725 2210 820 optime
2245 727 2428 809 scio,
2472 727 2733 823 quanti

593 848 837 906 autem
860 832 1092 905 facere
1119 830 1455 920 debeam,
1485 845 1559 904 et
1575 846 1660 903 tu
1676 887 1697 922 ‚
1725 845 1799 903 et
1820 856 2078 904 omnes
2101 833 2434 907 homines
2460 838 2727 907 sciunt.

588 951 661 1018 Is
687 967 914 1043 quum
941 968 1031 1015 ex
1055 942 1207 1014 aliis
1237 955 1305 1014 te
1331 943 1475 1013 mei
1504 941 2106 1014 studiosissimum
2134 968 2287 1016 esse
2317 960 2728 1042 cognosset,

588 1059 846 1155 petivit
881 1079 923 1126 a
957 1078 1075 1125 me
1096 1107 1116 1140 ‚
1160 1066 1242 1123 ut
1276 1051 1368 1124 ad
1408 1066 1481 1124 te
1517 1074 1739 1151 quam
1778 1056 2305 1127 accuratissime
2337 1053 2733 1128 scriberem

587 1167 681 1239 de
731 1190 814 1237 re
865 1168 938 1236 C.
983 1159 1275 1235 Albini-⁹·
1319 1165 1704 1253 senatoris;
1743 1165 1952 1259 cujus
1990 1190 2079 1236 ex
2118 1163 2309 1237 filia⁴
2359 1181 2569 1238 natus
2622 1181 2738 1238 est

585 1283 667 1350 L.
708 1278 992 1349 Sextius
1018 1329 1037 1362 ,
1073 1274 1393 1372 optimus
1431 1274 1882 1363 adolescens,
1921 1273 2114 1348 filius
2159 1280 2235 1347 Ρ.
2277 1279 2519 1348 Sextii.
2567 1283 2732 1350 Hoc

586 1387 858 1459 idcirco
915 1385 1204 1483 scripsi,
1266 1398 1352 1454 ut
1400 1384 1878 1482 intelligeres,
1928 1410 2083 1457 non
2128 1387 2365 1458 solum
2416 1412 2538 1458 me
2594 1411 2738 1485 pro

586 1502 662 1569 P.
691 1496 933 1568 Sextio
973 1494 1302 1566 laborare
1331 1493 1634 1585 debere,
1676 1496 1805 1569 sed
1833 1498 2159 1568 Sextium
2201 1498 2415 1568 etiam
2450 1521 2585 1595 pro
2615 1499 2740 1570 AJ-

586 1602 788 1676 bino.
835 1609 975 1676 Res
1020 1618 1263 1677 autem
1309 1619 1418 1677 est
1471 1604 1643 1677 haec.
1697 1611 1758 1677 A
1795 1608 1892 1677 M.
1939 1606 2246 1678 Laberio
2296 1613 2377 1679 C.
2425 1607 2739 1682 Albinus

587 1713 854 1812 praedia
893 1716 969 1786 in
1005 1716 1553 1787 aestimationem
1591 1715 1954 1814 accepit⁵:
1997 1738 2160 1815 qnae
2205 1719 2470 1817 praedia
2509 1719 2739 1792 Labe-

586 1826 734 1897 rius
767 1838 1041 1896 emerat
1079 1849 1120 1895 a
1154 1828 1431 1897 Caesare
1460 1824 1552 1897 de
1587 1825 1806 1898 bonis
1842 1829 2207 1900 Plotianis.
2251 1834 2350 1900 Ea
2385 1833 2444 1901 si
2483 1830 2730 1903 dicam

583 1960 734 2007 non
773 1959 927 2008 esse
958 1960 999 2008 e
1033 1935 1408 2033 republica
1439 1936 1703 2027 dividi,
1739 1936 2002 2012 docere
2034 1954 2106 2011 te
2130 1938 2397 2027 videar,
2432 1965 2579 2012 non
2608 1966 2729 2013 ro·

583 2071 775 2145 gare.
817 2045 957 2118 Sed
986 2061 1229 2118 tamen
1256 2071 1490 2146 quum
1523 2051 1758 2120 Caesar
1797 2049 2120 2122 Sullanas
2156 2049 2612 2123 venditiones
2657 2068 2741 2124 et

585 2158 1101 2254 assignationes
1158 2172 1346 2229 ratas
1404 2181 1562 2230 esse
1618 2158 1791 2229 velit
1814 2212 1835 2244 ,
1893 2184 2045 2256 quo
2088 2157 2447 2232 firmiores
2487 2161 2739 2232 existi-

586 2282 883 2337 mentur
909 2289 1093 2353 suae,
1132 2267 1191 2337 si
1227 2290 1311 2338 ea
1342 2266 1609 2364 praedia
1635 2266 2074 2356 dividentur,
2113 2291 2274 2366 quae
2310 2270 2463 2368 ipse
2497 2273 2737 2342 Caesar

583 2375 933 2465 vendidit,
953 2403 1114 2475 quae
1136 2376 1525 2451 tandemin
1543 2377 1699 2473 ejus
1714 2378 2258 2452 venditionibus
2287 2404 2442 2453 esse
2460 2382 2739 2480 poterit

581 2488 1018 2560 auctoritas?
1070 2487 1212 2559 Sed
1249 2487 1393 2559 hoc
1429 2489 1644 2585 quale
1679 2491 1808 2578 sit,
1852 2503 1936 2561 tu
1990 2515 2127 2588 pro
2168 2505 2296 2563 tua
2337 2492 2741 2590 prudentia

587 2596 1103 2671 considerabis.

676 2715 828 2807 Ego
867 2721 940 2781 te
980 2708 1197 2805 plane
1237 2727 1454 2806 rogo,
1496 2721 1717 2806 atque
1771 2710 1908 2796 ita,
1981 2724 2066 2781 ut
2118 2709 2391 2807 majore
2446 2710 2736 2799 studi0,

573 2820 880 2917 justiore
914 2818 1001 2890 de
1038 2842 1290 2907 causa,
1334 2820 1559 2918 magis
1600 2844 1690 2892 ex
1727 2822 1972 2892 animo
2021 2839 2275 2917 rogare
2325 2821 2505 2892 nihil
2556 2847 2739 2920 pos-

586 2931 719 3001 sim
742 2983 762 3017 ,
795 2943 878 2999 ut
910 2926 1174 2998 Albino
1212 2952 1491 3026 parcas,
1524 2928 1794 3027 praedia
1826 2928 2225 3002 Laberiana
2265 2956 2358 3004 ne
2392 2933 2729 3030 attingas·-

589 3043 852 3137 Magna
876 3063 995 3110 me
1019 3037 1342 3110 affeceris
1369 3063 1521 3109 non
1549 3039 1773 3111 modo
1813 3039 2053 3111 laetitia
2073 3094 2093 3128 ,
2147 3041 2276 3113 sed
2308 3043 2522 3113 etiam
2549 3068 2751 3140 quo-

589 3147 978 3220 dammodo
1015 3149 1265 3246 gloria,
1305 3152 1365 3219 si
1399 3153 1476 3220 P.
1507 3151 1791 3220 Sextius
1828 3148 2107 3219 homini
2141 3153 2453 3224 maxime
2484 3177 2746 3226 neces-

584 3262 771 3332 sario
815 3255 1239 3332 satisfecerit
1292 3282 1425 3356 per
1466 3283 1625 3348 me,
1668 3273 1755 3330 ut
1808 3281 1945 3356 ego
1982 3259 2085 3329 illi
2141 3262 2269 3333 uni
2328 3263 2744 3362 plurimum

657 3499 707 3532 α.
735 3482 787 3530 Ρ.
810 3480 1044 3529 Sextium.
1070 3479 1172 3546 Qui
1199 3480 1426 3530 tribunus
1448 3481 1606 3545 plebis
1696 3481 1917 3531 oratione
1955 3498 2241 3547 prenomen
2285 3484 2438 3533 Sextii
2474 3485 2616 3550 pueri
2658 3500 2752 3538 eet

584 3564 872 3617 Ciceronem
893 3559 955 3607 ab
978 3560 1151 3608 exsilio
1177 3559 1391 3608 reduxit.
1411 3562 1555 3609 Mur.
1694 3559 1922 3620 Publius,
1949 3560 2084 3609 idem
2110 3562 2248 3626 quod
2283 3565 2435 3627 patris
2450 3600 2467 3626 ,
2500 3579 2606 3611 non
2633 3567 2754 3614 La-

661 3643 711 3690 3.
739 3639 840 3686 Alii
866 3637 1015 3698 male,
1040 3640 1247 3698 Albinii,
1276 3647 1449 3688 contra
1474 3641 1611 3689 testi-
1700 3639 1821 3687 cius.
1845 3641 1991 3690 Man.
2028 3664 2096 3675 —
2129 3642 2262 3690 Olim
2302 3643 2554 3708 legebatur
2589 3645 2754 3710 eujus

588 3720 815 3771 monium
847 3718 1084 3766 orationis
1118 3737 1212 3784 pro
1239 3720 1435 3779 Sextio,
1472 3734 1521 3769 c.
1557 3721 1613 3769 3.
1702 3735 1768 3766 ex
1779 3717 2017 3784 familia,
2063 3719 2200 3783 quod
2231 3723 2446 3770 correxit
2472 3722 2753 3775 Victorius

585 3804 717 3853 LV.
753 3800 809 3847 1..
1701 3814 1766 3847 ex
1784 3798 1899 3846 loco
1925 3799 2159 3848 adducto.
2178 3800 2301 3849 Inde
2322 3817 2520 3866 quoque
2545 3817 2758 3866 cogno-

665 3889 714 3938 4.
753 3877 897 3943 casm
922 3893 990 3926 ea:
1005 3876 1144 3945 filia.
1170 3879 1310 3927 Orat.
1343 3895 1437 3945 pro
1474 3880 1607 3928 Sext.
1698 3878 1851 3927 scitur
1895 3876 2046 3926 filiam
2085 3876 2257 3927 Albini
2294 3882 2395 3941 jam
2438 3880 2756 3945 decessisse,

589 3979 638 4012 ο,
656 3964 712 4012 3:
734 3957 912 4007 ..duxit
932 3957 1261 4006 honestissimi
1286 3969 1335 4006 et
1359 3959 1613 4024 spectatis-
1698 3973 1851 4021 quum
1891 3958 2066 4007 Cicero
2109 3971 2202 4024 pro
2244 3960 2412 4009 Sextio
2457 3960 2762 4015 orationem

589 4041 702 4091 simi
728 4039 821 4088 viri
854 4038 911 4088 C.
930 4036 1103 4085 Albini
1126 4036 1305 4100 filiam,
1325 4055 1385 4089 ex
1408 4056 1503 4103 qua
1530 4038 1610 4088 hic
1697 4036 1915 4086 haberet.
1952 4040 2044 4086 En.

588 4133 662 4173 est
679 4119 824 4181 filius,
841 4128 891 4168 ct
905 4128 1060 4183 nupta
1073 4119 1173 4178 iam
1189 4115 1290 4166 mia
1306 4139 1327 4161 n
1339 4153 1352 4167 .
1370 4121 1429 4167 In
1444 4118 1613 4167 endem
1772 4119 1821 4166 5.
1841 4117 2041 4166 Proedia
2058 4116 2108 4166 in
2126 4117 2490 4168 :estimationem
2517 4122 2760 4188 accepit,
