3023 4773
548 412 682 456 aaa
1488 376 1725 451 VITA

543 504 1041 581 incommodis.
1098 502 1314 593 Quod
1372 502 1668 600 quidem
1726 505 1864 576 sub
1922 508 2077 604 ipsa
2143 512 2676 606 proscriptione

547 616 953 716 perillustre
980 612 1138 684 fuit.
1172 615 1353 683 Nam
1383 637 1616 709 quum
1641 619 1721 685 L.
1745 614 2047 704 Saufeii,
2067 620 2331 715 equitis
2357 624 2676 706 romani,

445 802 450 807 ,
547 726 838 826 :equalis
881 728 1024 808 sui,
1049 724 1178 820 qui
1207 748 1373 794 cum
1406 748 1494 794 eo
1522 724 1936 823 complures
1967 749 2231 812 annos,
2267 728 2506 798 studio
2539 728 2675 800 du-

547 852 706 910 ctus
731 834 1206 935 philosophiae
1223 887 1242 921 ,
1267 832 1661 921 habitabat,
1693 834 2154 933 habebatque
2187 841 2264 907 in
2287 837 2484 909 Italia
2514 856 2674 936 pre·

547 954 765 1020 tiosas
793 947 1316 1044 possessioneS,
1344 944 1702 1015 triumviri
1740 944 1936 1017 bona
1964 947 2479 1033 vendidissent,
2506 973 2676 1019 con-

549 1057 931 1130 suetudine
973 1079 1091 1140 ea,
1134 1078 1280 1150 qua
1313 1067 1471 1124 tum
1509 1078 1625 1125 res
1659 1054 2136 1152 gerebantur3
2181 1060 2398 1129 Attici
2434 1057 2675 1129 labore

549 1183 769 1265 atque
815 1161 1170 1243 industria
1224 1161 1531 1249 factum,
1587 1179 1671 1235 ut
1728 1165 1986 1237 eodem
2044 1171 2303 1238 nuntio
2355 1167 2682 1240 Saufeius

548 1276 756 1349 fieret
772 1276 1061 1362 certior,
1085 1296 1162 1345 se
1182 1276 1700 1371 patrimonium
1730 1278 2072 1365 amisisse,
2100 1293 2172 1350 et
2192 1298 2679 1376 recuperasse.

548 1387 749 1459 Idem
789 1390 868 1457 L.
894 1390 930 1455 J
937 1383 1162 1455 ulium
1195 1382 1557 1471 Calidum,
1588 1410 1809 1482 quem
1845 1400 2008 1485 post
2038 1390 2395 1476 Lucretii,
2439 1389 2682 1461 Catul-

553 1501 748 1595 lique
770 1509 1079 1566 mortem
1112 1496 1345 1565 multo
1373 1493 1985 1591 elegantissimum
2015 1513 2335 1596 poetam,
2366 1513 2682 1570 nostram

550 1608 799 1679 tulisse
845 1618 1126 1676 aetatem
1162 1628 1328 1675 vere
1364 1603 1614 1675 videor
1662 1629 1875 1703 posse
1924 1604 2400 1694 contendere,
2443 1633 2686 1704 neque

558 1718 798 1788 minus
845 1717 1082 1787 virum
1138 1711 1451 1800 bonum,
1488 1716 1932 1812 optimisque
1970 1715 2245 1788 artibus
2285 1716 2687 1802 eruditum3

560 1842 724 1926 post
768 1825 1372 1924 proscriptionem
1411 1827 1805 1921 Equitum,
1854 1839 2155 1923 propter
2200 1851 2497 1922 magnas
2532 1827 2690 1920 ejus

556 1935 921 2006 Africanas
963 1932 1496 2030 possessiones,
1548 1934 1622 2003 in
1675 1937 2251 2033 proscriptorum
2301 1958 2689 2008 numerum

559 2071 600 2117 a
635 2051 711 2116 P.
748 2043 1180 2129 Volumni0‚
1220 2040 1553 2139 praefecto
1591 2042 1879 2115 fabrum
1930 2047 2271 2132 Antonii,
2315 2045 2691 2118 absentem

560 2155 866 2226 relatum
913 2151 1299 2251 expedivit.
1346 2153 1567 2244 Quod
1610 2156 1684 2225 in
1721 2157 2055 2253 praesenti
2098 2171 2342 2228 utrum
2384 2161 2450 2230 ei
2490 2157 2693 2228 labo-

560 2268 819 2337 riosius
836 2318 855 2351 ,
879 2288 968 2334 an
993 2263 1369 2359 gloriosius
1387 2261 1639 2352 fuerit,
1655 2263 1946 2337 difficile
1964 2263 2465 2361 fuitjudicare3
2489 2265 2695 2364 quod

563 2378 636 2447 in
681 2401 935 2447 eorum
976 2373 1344 2472 periculis,
1391 2399 1547 2445 non
1584 2400 1792 2447 secus
1835 2376 2167 2449 absentes
2189 2432 2207 2465 ‚
2249 2402 2470 2474 quam
2513 2403 2698 2477 prae-

561 2501 831 2569 sentes»,
860 2488 1127 2556 amicos
1154 2486 1392 2555 Attico
1425 2509 1580 2557 esse
1609 2510 1799 2557 curae
1822 2541 1841 2575 ,
1875 2488 2251 2584 cognitum
2280 2503 2407 2559 est.

658 2599 851 2666 XIII.
904 2597 1159 2691 Neque
1203 2619 1379 2665 vero
1423 2597 1665 2667 minus
1714 2596 1835 2668 ille
1879 2599 2017 2684 vir,
2080 2598 2320 2670 bonus
2382 2595 2695 2697 paterfa-

565 2707 792 2778 milias
855 2703 1147 2775 habitus
1216 2719 1358 2791 est,
1412 2732 1632 2803 quam
1697 2709 1889 2778 civis,
1962 2712 2144 2780 Nam
2213 2735 2443 2807 quum
2508 2724 2699 2780 esset

565 2818 1040 2914 pecuniosus,
1081 2839 1300 2886 nemo
1346 2816 1471 2886 illo
1506 2820 1746 2889 minus
1786 2815 1927 2888 fuit
1960 2843 2206 2906 emax,
2248 2821 2488 2890 minus
2520 2818 2698 2889 aedi-

568 2926 846 2998 ficator.
899 2927 1158 3022 Neque
1210 2941 1450 2997 tamen
1501 2952 1654 2998 non
1701 2930 1778 2998 in
1814 2931 2065 3026 primis
2097 2929 2286 3002 bene
2312 2929 2698 3020 habitavit,

568 3036 1059 3134 omnibusque
1109 3040 1400 3134 optimis
1444 3037 1668 3109 rebus
1721 3064 1897 3112 usus
1953 3056 2096 3128 est3
2161 3066 2331 3113 nam
2390 3041 2699 3112 domum

564 3148 818 3220 habuit
857 3150 933 3217 in
979 3146 1163 3218 colle
1188 3149 1543 3236 Quirinali
1578 3149 2156 3247 Tamphilanam,
2201 3152 2295 3223 ab
2335 3151 2700 3223 avunculo

568 3258 968 3331 hereditate
1014 3258 1372 3345 relictam,
1431 3259 1642 3355 cujus
1697 3263 2076 3352 amoenitas
2151 3286 2301 3332 non
2359 3260 2697 3348 aedificio,

568 3369 693 3439 sed
732 3369 908 3439 silva
951 3367 1325 3439 constabat
1361 3395 1378 3439 ε
1430 3371 1668 3467 ipsum
1709 3375 1903 3442 enim
1943 3387 2210 3443 tectum
2235 3427 2253 3460 ‚
2299 3375 2709 3469 antiquitus

571 3480 1089 3565 constitutum,
1150 3477 1315 3576 plus
1373 3479 1578 3567 salis,
1643 3506 1865 3577 quam
1930 3498 2305 3581 sumptus,
2354 3483 2710 3571 habebat3

571 3591 647 3657 in
693 3612 843 3682 quo
889 3587 1071 3659 nihil
1113 3595 1623 3678 commutavit,
1667 3596 1808 3664 nisi
1857 3596 1917 3665 si
1960 3593 2141 3690 quid
2178 3609 2532 3666 vetustate
2573 3619 2709 3665 co-

570 3711 772 3768 actus
826 3713 951 3769 est.
1009 3703 1200 3770 Usus
1254 3715 1361 3771 est
1409 3700 1709 3788 familia,
1758 3704 1816 3773 si
1864 3704 2173 3776 utilitate
2225 3703 2713 3800 judicandum

571 3820 719 3892 est,
774 3809 1086 3903 optima;
1145 3810 1203 3880 si
1269 3808 1538 3896 forma,
1605 3815 1718 3881 vix
1783 3814 2147 3887 mediocri.
2228 3820 2557 3913 Namque
2627 3817 2720 3888 in

571 3942 655 3988 ea
717 3931 920 3987 erant
981 3923 1188 4014 pueri
1250 3921 1747 4007 literatissimi,
1813 3941 2220 4022 anagnostae
2279 3930 2574 4024 optimi,
2629 3941 2713 3997 et

572 4028 865 4127 plurimi
908 4025 1213 4114 librarii3
1257 4045 1340 4101 ut
1377 4057 1467 4102 ne
1506 4032 1951 4128 pedisequus
1988 4035 2280 4131 quidem
2320 4036 2717 4132 quisquam
