<?xml version="1.0" encoding="UTF-8"?>
<!DOCTYPE html PUBLIC "-//W3C//DTD XHTML 1.0 Transitional//EN"
    "http://www.w3.org/TR/xhtml1/DTD/xhtml1-transitional.dtd">
<html xmlns="http://www.w3.org/1999/xhtml" xml:lang="en" lang="en">
 <head>
  <title>
</title>
<meta http-equiv="Content-Type" content="text/html;charset=utf-8" />
  <meta name='ocr-system' content='tesseract 3.04.00' />
  <meta name='ocr-capabilities' content='ocr_page ocr_carea ocr_par ocr_line ocrx_word'/>
</head>
<body>
  <div class='ocr_page' id='page_1' title='image "./mtciceronisquae01bouigoog_0617.png"; bbox 0 0 3023 4773; ppageno 0'>
   <div class='ocr_carea' id='block_1_1' title="bbox 568 406 2402 507">
    <p class='ocr_par' dir='ltr' id='par_1_1' title="bbox 568 406 2402 507">
     <span class='ocr_line' id='line_1_1' title="bbox 568 406 2402 507; baseline 0.003 -32"><span class='ocrx_word' id='word_1_1' title='bbox 568 406 1110 476; x_wconf 87' lang='lat' dir='ltr'>EPISTOLAE</span> <span class='ocrx_word' id='word_1_2' title='bbox 1159 408 1293 474; x_wconf 93' lang='lat' dir='ltr'><strong>AD</strong></span> <span class='ocrx_word' id='word_1_3' title='bbox 1342 407 2018 493; x_wconf 87' lang='lat' dir='ltr'><strong>ATTICUM‚V1,</strong></span> <span class='ocrx_word' id='word_1_4' title='bbox 2079 433 2136 478; x_wconf 87' lang='lat'><strong>1.</strong></span> <span class='ocrx_word' id='word_1_5' title='bbox 2263 410 2402 507; x_wconf 87' lang='lat'><strong>607</strong></span> 
     </span>
    </p>
   </div>
   <div class='ocr_carea' id='block_1_2' title="bbox 234 523 2412 2489">
    <p class='ocr_par' dir='ltr' id='par_1_2' title="bbox 234 523 2412 954">
     <span class='ocr_line' id='line_1_2' title="bbox 280 523 2409 623; baseline 0.001 -25"><span class='ocrx_word' id='word_1_6' title='bbox 280 543 406 599; x_wconf 88' lang='lat' dir='ltr'><strong>est.</strong></span> <span class='ocrx_word' id='word_1_7' title='bbox 450 532 558 599; x_wconf 92' lang='lat' dir='ltr'><strong>De</strong></span> <span class='ocrx_word' id='word_1_8' title='bbox 594 532 692 598; x_wconf 90' lang='lat' dir='ltr'><strong>M.</strong></span> <span class='ocrx_word' id='word_1_9' title='bbox 731 523 1132 615; x_wconf 79' lang='lat' dir='ltr'><strong>Octavio⁸⁸,</strong></span> <span class='ocrx_word' id='word_1_10' title='bbox 1174 529 1433 598; x_wconf 88' lang='lat' dir='ltr'><strong>iterum</strong></span> <span class='ocrx_word' id='word_1_11' title='bbox 1467 528 1616 623; x_wconf 86' lang='lat' dir='ltr'><strong>jam</strong></span> <span class='ocrx_word' id='word_1_12' title='bbox 1651 527 1782 598; x_wconf 89' lang='lat' dir='ltr'><strong>tibi</strong></span> <span class='ocrx_word' id='word_1_13' title='bbox 1816 529 2172 619; x_wconf 80' lang='lat' dir='ltr'><strong>rescribe,</strong></span> <span class='ocrx_word' id='word_1_14' title='bbox 2210 545 2283 603; x_wconf 91' lang='lat' dir='ltr'><strong>te</strong></span> <span class='ocrx_word' id='word_1_15' title='bbox 2311 532 2409 602; x_wconf 87' lang='lat' dir='ltr'><strong>illi</strong></span> 
     </span>
     <span class='ocr_line' id='line_1_3' title="bbox 281 635 2412 735; baseline 0.003 -28"><span class='ocrx_word' id='word_1_16' title='bbox 281 636 510 735; x_wconf 85' lang='lat' dir='ltr'><strong>probe</strong></span> <span class='ocrx_word' id='word_1_17' title='bbox 548 636 1024 735; x_wconf 84' lang='lat' dir='ltr'><strong>respondisse.</strong></span> <span class='ocrx_word' id='word_1_18' title='bbox 1069 637 1319 709; x_wconf 88' lang='lat' dir='ltr'>Paullo</span> <span class='ocrx_word' id='word_1_19' title='bbox 1350 636 1609 709; x_wconf 89' lang='lat' dir='ltr'><strong>vellem</strong></span> <span class='ocrx_word' id='word_1_20' title='bbox 1640 635 2000 710; x_wconf 89' lang='lat' dir='ltr'><strong>fidentius.</strong></span> <span class='ocrx_word' id='word_1_21' title='bbox 2037 645 2217 714; x_wconf 88' lang='lat' dir='ltr'><strong>Nam</strong></span> <span class='ocrx_word' id='word_1_22' title='bbox 2249 646 2412 714; x_wconf 87' lang='lat' dir='ltr'><strong>Coe-</strong></span> 
     </span>
     <span class='ocr_line' id='line_1_4' title="bbox 279 745 2410 849; baseline 0.003 -33"><span class='ocrx_word' id='word_1_23' title='bbox 279 746 419 818; x_wconf 88' lang='lat' dir='ltr'><strong>lius</strong></span> <span class='ocrx_word' id='word_1_24' title='bbox 451 745 790 817; x_wconf 84' lang='lat' dir='ltr'><strong>libertum</strong></span> <span class='ocrx_word' id='word_1_25' title='bbox 821 747 910 817; x_wconf 90' lang='lat' dir='ltr'><strong>ad</strong></span> <span class='ocrx_word' id='word_1_26' title='bbox 944 772 1061 818; x_wconf 89' lang='lat' dir='ltr'><strong>me</strong></span> <span class='ocrx_word' id='word_1_27' title='bbox 1098 749 1315 831; x_wconf 88' lang='lat' dir='ltr'><strong>misit,</strong></span> <span class='ocrx_word' id='word_1_28' title='bbox 1342 761 1414 818; x_wconf 94' lang='lat' dir='ltr'><strong>et</strong></span> <span class='ocrx_word' id='word_1_29' title='bbox 1448 747 1685 818; x_wconf 82' lang='lat' dir='ltr'><strong>literas</strong></span> <span class='ocrx_word' id='word_1_30' title='bbox 1719 764 2045 820; x_wconf 89' lang='lat' dir='ltr'><strong>accurate</strong></span> <span class='ocrx_word' id='word_1_31' title='bbox 2074 754 2407 849; x_wconf 89' lang='lat' dir='ltr'><strong>scriptas·</strong></span> <span class='ocrx_word' id='word_1_32' title='bbox 2390 807 2410 840; x_wconf 92' lang='lat'>‚</span> 
     </span>
     <span class='ocr_line' id='line_1_5' title="bbox 234 839 2408 954; baseline -0 -27"><span class='ocrx_word' id='word_1_33' title='bbox 234 855 407 927; x_wconf 66' lang='lat' dir='ltr'><strong>¹sed</strong></span> <span class='ocrx_word' id='word_1_34' title='bbox 468 855 558 927; x_wconf 89' lang='lat' dir='ltr'><strong>de</strong></span> <span class='ocrx_word' id='word_1_35' title='bbox 615 855 984 954; x_wconf 83' lang='lat' dir='ltr'><strong>pantheris</strong></span> <span class='ocrx_word' id='word_1_36' title='bbox 1035 854 1265 943; x_wconf 86' lang='lat' dir='ltr'><strong>foede,</strong></span> <span class='ocrx_word' id='word_1_37' title='bbox 1325 878 1404 926; x_wconf 89' lang='lat' dir='ltr'><strong>ac</strong></span> <span class='ocrx_word' id='word_1_38' title='bbox 1460 839 1962 926; x_wconf 75' lang='lat' dir='ltr'><strong>civitatibus89.</strong></span> <span class='ocrx_word' id='word_1_39' title='bbox 2015 860 2408 954; x_wconf 87' lang='lat' dir='ltr'><strong>Rescripsi,</strong></span> 
     </span>
    </p>

    <p class='ocr_par' dir='ltr' id='par_1_3' title="bbox 278 958 2410 2489">
     <span class='ocr_line' id='line_1_6' title="bbox 281 958 2410 1062; baseline -0.001 -25"><span class='ocrx_word' id='word_1_40' title='bbox 281 966 586 1037; x_wconf 85' lang='lat' dir='ltr'><strong>alterum</strong></span> <span class='ocrx_word' id='word_1_41' title='bbox 622 990 739 1037; x_wconf 89' lang='lat' dir='ltr'><strong>me</strong></span> <span class='ocrx_word' id='word_1_42' title='bbox 771 966 1074 1037; x_wconf 84' lang='lat' dir='ltr'><strong>moleste</strong></span> <span class='ocrx_word' id='word_1_43' title='bbox 1109 958 1334 1052; x_wconf 85' lang='lat' dir='ltr'><strong>ferre,</strong></span> <span class='ocrx_word' id='word_1_44' title='bbox 1359 968 1416 1036; x_wconf 91' lang='lat' dir='ltr'><strong>si</strong></span> <span class='ocrx_word' id='word_1_45' title='bbox 1449 990 1586 1062; x_wconf 86' lang='lat' dir='ltr'><strong>ego</strong></span> <span class='ocrx_word' id='word_1_46' title='bbox 1618 967 1693 1033; x_wconf 92' lang='lat' dir='ltr'><strong>in</strong></span> <span class='ocrx_word' id='word_1_47' title='bbox 1724 963 2043 1035; x_wconf 88' lang='lat' dir='ltr'><strong>tenebris</strong></span> <span class='ocrx_word' id='word_1_48' title='bbox 2076 965 2368 1036; x_wconf 89' lang='lat' dir='ltr'><strong>laterem</strong></span> <span class='ocrx_word' id='word_1_49' title='bbox 2390 1019 2410 1052; x_wconf 92' lang='lat'>‚</span> 
     </span>
     <span class='ocr_line' id='line_1_7' title="bbox 280 1074 2410 1169; baseline -0.001 -22"><span class='ocrx_word' id='word_1_50' title='bbox 280 1101 417 1147; x_wconf 90' lang='lat' dir='ltr'><strong>nec</strong></span> <span class='ocrx_word' id='word_1_51' title='bbox 456 1074 825 1147; x_wconf 87' lang='lat' dir='ltr'><strong>audiretur</strong></span> <span class='ocrx_word' id='word_1_52' title='bbox 858 1081 1136 1161; x_wconf 69' lang='lat' dir='ltr'><strong>Romae,</strong></span> <span class='ocrx_word' id='word_1_53' title='bbox 1173 1074 1455 1145; x_wconf 89' lang='lat' dir='ltr'><strong>nullum</strong></span> <span class='ocrx_word' id='word_1_54' title='bbox 1491 1076 1564 1143; x_wconf 91' lang='lat' dir='ltr'><strong>in</strong></span> <span class='ocrx_word' id='word_1_55' title='bbox 1608 1098 1768 1144; x_wconf 89' lang='lat' dir='ltr'><strong>mea</strong></span> <span class='ocrx_word' id='word_1_56' title='bbox 1804 1074 2167 1169; x_wconf 86' lang='lat' dir='ltr'><strong>provincia</strong></span> <span class='ocrx_word' id='word_1_57' title='bbox 2198 1098 2410 1144; x_wconf 88' lang='lat' dir='ltr'><strong>num-</strong></span> 
     </span>
     <span class='ocr_line' id='line_1_8' title="bbox 282 1181 2410 1279; baseline 0.001 -27"><span class='ocrx_word' id='word_1_58' title='bbox 282 1209 516 1271; x_wconf 89' lang='lat' dir='ltr'><strong>mum,</strong></span> <span class='ocrx_word' id='word_1_59' title='bbox 564 1187 702 1255; x_wconf 91' lang='lat' dir='ltr'><strong>nisi</strong></span> <span class='ocrx_word' id='word_1_60' title='bbox 757 1188 831 1253; x_wconf 89' lang='lat' dir='ltr'><strong>in</strong></span> <span class='ocrx_word' id='word_1_61' title='bbox 887 1209 981 1255; x_wconf 84' lang='lat' dir='ltr'><strong>aes</strong></span> <span class='ocrx_word' id='word_1_62' title='bbox 1020 1185 1378 1271; x_wconf 84' lang='lat' dir='ltr'><strong>alienum,</strong></span> <span class='ocrx_word' id='word_1_63' title='bbox 1438 1185 1767 1279; x_wconf 87' lang='lat' dir='ltr'><strong>erogari;</strong></span> <span class='ocrx_word' id='word_1_64' title='bbox 1818 1181 2211 1278; x_wconf 81' lang='lat' dir='ltr'><strong>docuique,</strong></span> <span class='ocrx_word' id='word_1_65' title='bbox 2274 1208 2410 1254; x_wconf 87' lang='lat' dir='ltr'><strong>nec</strong></span> 
     </span>
     <span class='ocr_line' id='line_1_9' title="bbox 279 1291 2402 1392; baseline -0 -28"><span class='ocrx_word' id='word_1_66' title='bbox 279 1295 461 1364; x_wconf 86' lang='lat' dir='ltr'><strong>mihi</strong></span> <span class='ocrx_word' id='word_1_67' title='bbox 512 1295 886 1366; x_wconf 86' lang='lat' dir='ltr'><strong>conciliare</strong></span> <span class='ocrx_word' id='word_1_68' title='bbox 940 1295 1322 1392; x_wconf 88' lang='lat' dir='ltr'><strong>pecuniam</strong></span> <span class='ocrx_word' id='word_1_69' title='bbox 1383 1293 1635 1380; x_wconf 82' lang='lat' dir='ltr'><strong>licere,</strong></span> <span class='ocrx_word' id='word_1_70' title='bbox 1697 1317 1829 1363; x_wconf 90' lang='lat' dir='ltr'><strong>nec</strong></span> <span class='ocrx_word' id='word_1_71' title='bbox 1879 1291 2061 1362; x_wconf 85' lang='lat' dir='ltr'><strong>illi9⁰</strong></span> <span class='ocrx_word' id='word_1_72' title='bbox 2111 1317 2402 1390; x_wconf 86' lang='lat' dir='ltr'><strong>capere:</strong></span> 
     </span>
     <span class='ocr_line' id='line_1_10' title="bbox 281 1402 2409 1501; baseline 0 -28"><span class='ocrx_word' id='word_1_73' title='bbox 281 1406 678 1501; x_wconf 90' lang='lat' dir='ltr'><strong>monuique</strong></span> <span class='ocrx_word' id='word_1_74' title='bbox 733 1429 938 1491; x_wconf 88' lang='lat' dir='ltr'><strong>eum,</strong></span> <span class='ocrx_word' id='word_1_75' title='bbox 981 1429 1201 1501; x_wconf 90' lang='lat' dir='ltr'><strong>quem</strong></span> <span class='ocrx_word' id='word_1_76' title='bbox 1247 1404 1462 1501; x_wconf 88' lang='lat' dir='ltr'><strong>plane</strong></span> <span class='ocrx_word' id='word_1_77' title='bbox 1504 1402 1758 1499; x_wconf 83' lang='lat' dir='ltr'><strong>diligo,</strong></span> <span class='ocrx_word' id='word_1_78' title='bbox 1811 1417 1923 1489; x_wconf 87' lang='lat' dir='ltr'><strong>ut,</strong></span> <span class='ocrx_word' id='word_1_79' title='bbox 1966 1428 2194 1498; x_wconf 89' lang='lat' dir='ltr'><strong>quum</strong></span> <span class='ocrx_word' id='word_1_80' title='bbox 2229 1403 2409 1475; x_wconf 86' lang='lat' dir='ltr'><strong>alios</strong></span> 
     </span>
     <span class='ocr_line' id='line_1_11' title="bbox 280 1512 2409 1599; baseline 0 -16"><span class='ocrx_word' id='word_1_81' title='bbox 280 1529 709 1599; x_wconf 86' lang='lat' dir='ltr'><strong>accusasset,</strong></span> <span class='ocrx_word' id='word_1_82' title='bbox 744 1519 1021 1585; x_wconf 90' lang='lat' dir='ltr'><strong>cautius</strong></span> <span class='ocrx_word' id='word_1_83' title='bbox 1055 1518 1349 1585; x_wconf 87' lang='lat' dir='ltr'><strong>viveret.</strong></span> <span class='ocrx_word' id='word_1_84' title='bbox 1379 1512 1564 1584; x_wconf 91' lang='lat' dir='ltr'><strong>Illud</strong></span> <span class='ocrx_word' id='word_1_85' title='bbox 1595 1528 1836 1584; x_wconf 86' lang='lat' dir='ltr'><strong>autem</strong></span> <span class='ocrx_word' id='word_1_86' title='bbox 1867 1513 2205 1596; x_wconf 90' lang='lat' dir='ltr'><strong>alterum,</strong></span> <span class='ocrx_word' id='word_1_87' title='bbox 2236 1514 2409 1584; x_wconf 82' lang='lat' dir='ltr'><strong>alie-</strong></span> 
     </span>
     <span class='ocr_line' id='line_1_12' title="bbox 285 1622 2406 1720; baseline 0 -27"><span class='ocrx_word' id='word_1_88' title='bbox 285 1648 459 1693; x_wconf 89' lang='lat' dir='ltr'><strong>num</strong></span> <span class='ocrx_word' id='word_1_89' title='bbox 498 1649 651 1695; x_wconf 89' lang='lat' dir='ltr'><strong>esse</strong></span> <span class='ocrx_word' id='word_1_90' title='bbox 682 1625 1205 1694; x_wconf 83' lang='lat' dir='ltr'><strong>existimatione</strong></span> <span class='ocrx_word' id='word_1_91' title='bbox 1242 1649 1438 1710; x_wconf 84' lang='lat' dir='ltr'><strong>mea,</strong></span> <span class='ocrx_word' id='word_1_92' title='bbox 1495 1622 1863 1720; x_wconf 78' lang='lat' dir='ltr'><strong>Cibyratas</strong></span> <span class='ocrx_word' id='word_1_93' title='bbox 1897 1623 2202 1719; x_wconf 88' lang='lat' dir='ltr'><strong>imperio</strong></span> <span class='ocrx_word' id='word_1_94' title='bbox 2239 1647 2406 1694; x_wconf 88' lang='lat' dir='ltr'><strong>meo</strong></span> 
     </span>
     <span class='ocr_line' id='line_1_13' title="bbox 279 1731 2401 1831; baseline -0.001 -28"><span class='ocrx_word' id='word_1_95' title='bbox 279 1731 570 1830; x_wconf 89' lang='lat' dir='ltr'><strong>publice</strong></span> <span class='ocrx_word' id='word_1_96' title='bbox 606 1735 871 1804; x_wconf 89' lang='lat' dir='ltr'><strong>venari.</strong></span> <span class='ocrx_word' id='word_1_97' title='bbox 917 1737 1140 1831; x_wconf 87' lang='lat' dir='ltr'><strong>Lepta</strong></span> <span class='ocrx_word' id='word_1_98' title='bbox 1157 1743 1218 1789; x_wconf 82' lang='lat'><strong>9¹</strong></span> <span class='ocrx_word' id='word_1_99' title='bbox 1270 1748 1394 1804; x_wconf 88' lang='lat' dir='ltr'><strong>tua</strong></span> <span class='ocrx_word' id='word_1_100' title='bbox 1430 1732 1731 1831; x_wconf 86' lang='lat' dir='ltr'><strong>epistola</strong></span> <span class='ocrx_word' id='word_1_101' title='bbox 1767 1732 2032 1829; x_wconf 84' lang='lat' dir='ltr'><strong>gaudio</strong></span> <span class='ocrx_word' id='word_1_102' title='bbox 2074 1732 2401 1803; x_wconf 82' lang='lat' dir='ltr'><strong>exsultat.</strong></span> 
     </span>
     <span class='ocr_line' id='line_1_14' title="bbox 282 1841 2405 1941; baseline 0 -30"><span class='ocrx_word' id='word_1_103' title='bbox 282 1845 563 1913; x_wconf 86' lang='lat' dir='ltr'><strong>Etenim</strong></span> <span class='ocrx_word' id='word_1_104' title='bbox 596 1846 858 1941; x_wconf 88' lang='lat' dir='ltr'><strong>scripta</strong></span> <span class='ocrx_word' id='word_1_105' title='bbox 883 1842 1073 1914; x_wconf 90' lang='lat' dir='ltr'><strong>belle</strong></span> <span class='ocrx_word' id='word_1_106' title='bbox 1123 1858 1262 1928; x_wconf 89' lang='lat' dir='ltr'><strong>est,</strong></span> <span class='ocrx_word' id='word_1_107' title='bbox 1303 1869 1560 1939; x_wconf 89' lang='lat' dir='ltr'><strong>meque</strong></span> <span class='ocrx_word' id='word_1_108' title='bbox 1596 1841 1789 1941; x_wconf 90' lang='lat' dir='ltr'><strong>apud</strong></span> <span class='ocrx_word' id='word_1_109' title='bbox 1837 1866 2003 1911; x_wconf 89' lang='lat' dir='ltr'><strong>eum</strong></span> <span class='ocrx_word' id='word_1_110' title='bbox 2035 1865 2292 1939; x_wconf 84' lang='lat' dir='ltr'><strong>magna</strong></span> <span class='ocrx_word' id='word_1_111' title='bbox 2329 1843 2405 1911; x_wconf 87' lang='lat' dir='ltr'><strong>in</strong></span> 
     </span>
     <span class='ocr_line' id='line_1_15' title="bbox 280 1950 2401 2050; baseline 0 -30"><span class='ocrx_word' id='word_1_112' title='bbox 280 1954 502 2047; x_wconf 85' lang='lat' dir='ltr'><strong>gratia</strong></span> <span class='ocrx_word' id='word_1_113' title='bbox 540 1956 794 2050; x_wconf 90' lang='lat' dir='ltr'><strong>posuit.</strong></span> <span class='ocrx_word' id='word_1_114' title='bbox 836 1957 887 2021; x_wconf 91' lang='lat' dir='ltr'>F</span> <span class='ocrx_word' id='word_1_115' title='bbox 891 1951 1082 2023; x_wconf 92' lang='lat' dir='ltr'><strong>iliola</strong></span> <span class='ocrx_word' id='word_1_116' title='bbox 1113 1967 1234 2022; x_wconf 92' lang='lat' dir='ltr'><strong>tua</strong></span> <span class='ocrx_word' id='word_1_117' title='bbox 1271 1967 1552 2050; x_wconf 79' lang='lat' dir='ltr'><strong>gratum</strong></span> <span class='ocrx_word' id='word_1_118' title='bbox 1588 1952 1764 2022; x_wconf 89' lang='lat' dir='ltr'><strong>mihi</strong></span> <span class='ocrx_word' id='word_1_119' title='bbox 1795 1950 2002 2035; x_wconf 85' lang='lat' dir='ltr'><strong>fecit,</strong></span> <span class='ocrx_word' id='word_1_120' title='bbox 2039 1951 2235 2047; x_wconf 89' lang='lat' dir='ltr'><strong>quod</strong></span> <span class='ocrx_word' id='word_1_121' title='bbox 2272 1950 2401 2022; x_wconf 89' lang='lat' dir='ltr'><strong>tibi</strong></span> 
     </span>
     <span class='ocr_line' id='line_1_16' title="bbox 281 2057 2407 2157; baseline 0.001 -29"><span class='ocrx_word' id='word_1_122' title='bbox 281 2057 666 2157; x_wconf 86' lang='lat' dir='ltr'><strong>diligenter</strong></span> <span class='ocrx_word' id='word_1_123' title='bbox 719 2061 1131 2148; x_wconf 81' lang='lat' dir='ltr'><strong>mandavit,</strong></span> <span class='ocrx_word' id='word_1_124' title='bbox 1192 2076 1275 2130; x_wconf 94' lang='lat' dir='ltr'><strong>ut</strong></span> <span class='ocrx_word' id='word_1_125' title='bbox 1325 2060 1500 2130; x_wconf 85' lang='lat' dir='ltr'><strong>mihi</strong></span> <span class='ocrx_word' id='word_1_126' title='bbox 1565 2062 1866 2131; x_wconf 90' lang='lat' dir='ltr'><strong>salutem</strong></span> <span class='ocrx_word' id='word_1_127' title='bbox 1922 2060 2407 2144; x_wconf 85' lang='lat' dir='ltr'><strong>adscriberes;</strong></span> 
     </span>
     <span class='ocr_line' id='line_1_17' title="bbox 278 2157 2408 2267; baseline 0.002 -29"><span class='ocrx_word' id='word_1_128' title='bbox 278 2157 564 2266; x_wconf 24' lang='lat' dir='ltr'><strong>gratum*</strong></span> <span class='ocrx_word' id='word_1_129' title='bbox 580 2170 793 2242; x_wconf 84' lang='lat' dir='ltr'><strong>etiam</strong></span> <span class='ocrx_word' id='word_1_130' title='bbox 812 2172 982 2242; x_wconf 90' lang='lat' dir='ltr'><strong>Pilia</strong></span> <span class='ocrx_word' id='word_1_131' title='bbox 1002 2170 1161 2242; x_wconf 86' lang='lat' dir='ltr'><strong>:sed</strong></span> <span class='ocrx_word' id='word_1_132' title='bbox 1186 2172 1301 2242; x_wconf 90' lang='lat' dir='ltr'><strong>illa</strong></span> <span class='ocrx_word' id='word_1_133' title='bbox 1322 2169 1738 2258; x_wconf 78' lang='lat' dir='ltr'><strong>officiosius,</strong></span> <span class='ocrx_word' id='word_1_134' title='bbox 1756 2169 1954 2266; x_wconf 92' lang='lat' dir='ltr'><strong>quod</strong></span> <span class='ocrx_word' id='word_1_135' title='bbox 1973 2170 2171 2257; x_wconf 89' lang='lat' dir='ltr'><strong>mihi,</strong></span> <span class='ocrx_word' id='word_1_136' title='bbox 2189 2196 2408 2267; x_wconf 91' lang='lat' dir='ltr'><strong>quem</strong></span> 
     </span>
     <span class='ocr_line' id='line_1_18' title="bbox 280 2280 2408 2378; baseline 0.001 -31"><span class='ocrx_word' id='word_1_137' title='bbox 280 2290 759 2374; x_wconf 84' lang='lat' dir='ltr'><strong>numquam9²</strong></span> <span class='ocrx_word' id='word_1_138' title='bbox 799 2280 998 2350; x_wconf 83' lang='lat' dir='ltr'><strong>vidit.</strong></span> <span class='ocrx_word' id='word_1_139' title='bbox 1048 2282 1275 2378; x_wconf 88' lang='lat' dir='ltr'><strong>Igitur</strong></span> <span class='ocrx_word' id='word_1_140' title='bbox 1315 2295 1393 2350; x_wconf 93' lang='lat' dir='ltr'><strong>tu</strong></span> <span class='ocrx_word' id='word_1_141' title='bbox 1439 2304 1734 2377; x_wconf 88' lang='lat' dir='ltr'><strong>quoque</strong></span> <span class='ocrx_word' id='word_1_142' title='bbox 1772 2280 2074 2367; x_wconf 76' lang='lat' dir='ltr'><strong>satutem</strong></span> <span class='ocrx_word' id='word_1_143' title='bbox 2118 2285 2408 2377; x_wconf 87' lang='lat' dir='ltr'><strong>utrique</strong></span> 
     </span>
     <span class='ocr_line' id='line_1_19' title="bbox 279 2388 2405 2489; baseline 0.002 -30"><span class='ocrx_word' id='word_1_144' title='bbox 279 2389 690 2461; x_wconf 88' lang='lat' dir='ltr'><strong>adscribito.</strong></span> <span class='ocrx_word' id='word_1_145' title='bbox 750 2396 1153 2463; x_wconf 89' lang='lat' dir='ltr'><strong>Literarum</strong></span> <span class='ocrx_word' id='word_1_146' title='bbox 1175 2388 1239 2449; x_wconf 77' lang='lat'><strong>93</strong></span> <span class='ocrx_word' id='word_1_147' title='bbox 1293 2389 1622 2462; x_wconf 84' lang='lat' dir='ltr'><strong>datarum</strong></span> <span class='ocrx_word' id='word_1_148' title='bbox 1700 2390 1879 2489; x_wconf 90' lang='lat' dir='ltr'><strong>prid.</strong></span> <span class='ocrx_word' id='word_1_149' title='bbox 1933 2389 2072 2460; x_wconf 87' lang='lat' dir='ltr'><strong>kal.</strong></span> <span class='ocrx_word' id='word_1_150' title='bbox 2124 2390 2405 2487; x_wconf 87' lang='lat' dir='ltr'><strong>januar.</strong></span> 
     </span>
    </p>
   </div>
   <div class='ocr_carea' id='block_1_3' title="bbox 279 2600 2409 2825">
    <p class='ocr_par' dir='ltr' id='par_1_4' title="bbox 279 2600 2409 2825">
     <span class='ocr_line' id='line_1_20' title="bbox 349 2600 1300 2665; baseline 0 -18"><span class='ocrx_word' id='word_1_151' title='bbox 349 2600 436 2647; x_wconf 77' lang='lat'><strong>88.</strong></span> <span class='ocrx_word' id='word_1_152' title='bbox 464 2601 541 2647; x_wconf 77' lang='lat' dir='ltr'><strong>De</strong></span> <span class='ocrx_word' id='word_1_153' title='bbox 563 2602 633 2647; x_wconf 73' lang='lat' dir='ltr'><strong>M.</strong></span> <span class='ocrx_word' id='word_1_154' title='bbox 664 2601 879 2648; x_wconf 75' lang='lat' dir='ltr'><strong>Octavio.</strong></span> <span class='ocrx_word' id='word_1_155' title='bbox 905 2603 1000 2665; x_wconf 79' lang='lat' dir='ltr'><strong>Ep.</strong></span> <span class='ocrx_word' id='word_1_156' title='bbox 1020 2616 1110 2659; x_wconf 74' lang='grc' dir='ltr'><strong>υ,</strong></span> <span class='ocrx_word' id='word_1_157' title='bbox 1133 2600 1300 2648; x_wconf 79' lang='lat' dir='ltr'><strong>lib.v.</strong></span> 
     </span>
     <span class='ocr_line' id='line_1_21' title="bbox 352 2679 2409 2745; baseline 0.001 -18"><span class='ocrx_word' id='word_1_158' title='bbox 352 2681 435 2742; x_wconf 84' lang='lat'><strong>89.</strong></span> <span class='ocrx_word' id='word_1_159' title='bbox 463 2679 765 2729; x_wconf 78' lang='lat' dir='ltr'><strong>Civitatibus.</strong></span> <span class='ocrx_word' id='word_1_160' title='bbox 785 2683 1051 2745; x_wconf 68' lang='lat' dir='ltr'><strong>scripserat</strong></span> <span class='ocrx_word' id='word_1_161' title='bbox 1076 2681 1137 2728; x_wconf 77' lang='lat' dir='ltr'><strong>ad</strong></span> <span class='ocrx_word' id='word_1_162' title='bbox 1166 2682 1302 2729; x_wconf 77' lang='lat' dir='ltr'><strong>Cice-</strong></span> <span class='ocrx_word' id='word_1_163' title='bbox 1388 2680 1596 2739; x_wconf 79' lang='lat' dir='ltr'><strong>Coelius,</strong></span> <span class='ocrx_word' id='word_1_164' title='bbox 1624 2697 1703 2744; x_wconf 82' lang='lat' dir='ltr'><strong>ep.</strong></span> <span class='ocrx_word' id='word_1_165' title='bbox 1724 2680 1786 2726; x_wconf 77' lang='lat' dir='ltr'><strong>ad</strong></span> <span class='ocrx_word' id='word_1_166' title='bbox 1818 2679 1932 2726; x_wconf 83' lang='lat' dir='ltr'><strong>Div.</strong></span> <span class='ocrx_word' id='word_1_167' title='bbox 1958 2682 2110 2737; x_wconf 83' lang='lat' dir='ltr'>VIII,</span> <span class='ocrx_word' id='word_1_168' title='bbox 2136 2696 2187 2742; x_wconf 85' lang='lat'><strong>9.</strong></span> <span class='ocrx_word' id='word_1_169' title='bbox 2218 2680 2315 2728; x_wconf 88' lang='lat' dir='ltr'><strong>Sed</strong></span> <span class='ocrx_word' id='word_1_170' title='bbox 2342 2683 2409 2729; x_wconf 83' lang='lat' dir='ltr'><strong>si-</strong></span> 
     </span>
     <span class='ocr_line' id='line_1_22' title="bbox 279 2757 2251 2825; baseline 0.001 -20"><span class='ocrx_word' id='word_1_171' title='bbox 279 2773 451 2806; x_wconf 83' lang='lat' dir='ltr'><strong>rouem</strong></span> <span class='ocrx_word' id='word_1_172' title='bbox 485 2758 698 2817; x_wconf 81' lang='lat' dir='ltr'><strong>Coelius,</strong></span> <span class='ocrx_word' id='word_1_173' title='bbox 724 2772 781 2807; x_wconf 84' lang='lat' dir='ltr'><strong>ut</strong></span> <span class='ocrx_word' id='word_1_174' title='bbox 818 2772 865 2808; x_wconf 84' lang='lat' dir='ltr'><strong>et</strong></span> <span class='ocrx_word' id='word_1_175' title='bbox 906 2760 1164 2825; x_wconf 72' lang='lat' dir='ltr'><strong>pantheras</strong></span> <span class='ocrx_word' id='word_1_176' title='bbox 1205 2758 1299 2805; x_wconf 82' lang='lat' dir='ltr'><strong>sibi</strong></span> <span class='ocrx_word' id='word_1_177' title='bbox 1388 2761 1584 2823; x_wconf 73' lang='lat' dir='ltr'><strong>gnificat</strong></span> <span class='ocrx_word' id='word_1_178' title='bbox 1604 2762 1762 2823; x_wconf 82' lang='lat' dir='ltr'><strong>ipsum</strong></span> <span class='ocrx_word' id='word_1_179' title='bbox 1782 2757 2008 2809; x_wconf 75' lang='lat' dir='ltr'><strong>Cetium.</strong></span> <span class='ocrx_word' id='word_1_180' title='bbox 2036 2760 2085 2806; x_wconf 82' lang='lat' dir='ltr'><strong>J.</strong></span> <span class='ocrx_word' id='word_1_181' title='bbox 2106 2760 2167 2807; x_wconf 82' lang='lat' dir='ltr'><strong>V.</strong></span> <span class='ocrx_word' id='word_1_182' title='bbox 2193 2760 2251 2807; x_wconf 83' lang='lat' dir='ltr'><strong>L.</strong></span> 
     </span>
    </p>
   </div>
   <div class='ocr_carea' id='block_1_4' title="bbox 1390 2599 2407 2665">
    <p class='ocr_par' dir='ltr' id='par_1_5' title="bbox 1390 2599 2407 2665">
     <span class='ocr_line' id='line_1_23' title="bbox 1390 2599 2407 2665; baseline 0.002 -17"><span class='ocrx_word' id='word_1_183' title='bbox 1390 2601 1483 2648; x_wconf 81' lang='lat' dir='ltr'><strong>nisi</strong></span> <span class='ocrx_word' id='word_1_184' title='bbox 1531 2602 1763 2649; x_wconf 77' lang='lat' dir='ltr'><strong>reseratur</strong></span> <span class='ocrx_word' id='word_1_185' title='bbox 1799 2599 1863 2646; x_wconf 81' lang='lat' dir='ltr'><strong>ad</strong></span> <span class='ocrx_word' id='word_1_186' title='bbox 1898 2599 2171 2660; x_wconf 66' lang='lat' dir='ltr'><strong>Fet-idiunt,</strong></span> <span class='ocrx_word' id='word_1_187' title='bbox 2209 2600 2271 2649; x_wconf 80' lang='lat' dir='ltr'><strong>de</strong></span> <span class='ocrx_word' id='word_1_188' title='bbox 2305 2617 2407 2665; x_wconf 83' lang='lat' dir='ltr'><strong>quo</strong></span> 
     </span>
    </p>
   </div>
   <div class='ocr_carea' id='block_1_5' title="bbox 279 2836 1302 4171">
    <p class='ocr_par' dir='ltr' id='par_1_6' title="bbox 279 2836 1302 4171">
     <span class='ocr_line' id='line_1_24' title="bbox 280 2836 1296 2903; baseline 0.002 -20"><span class='ocrx_word' id='word_1_189' title='bbox 280 2836 519 2895; x_wconf 85' lang='lat' dir='ltr'><strong>mitteret,</strong></span> <span class='ocrx_word' id='word_1_190' title='bbox 547 2849 595 2885; x_wconf 89' lang='lat' dir='ltr'><strong>et</strong></span> <span class='ocrx_word' id='word_1_191' title='bbox 613 2840 683 2885; x_wconf 87' lang='lat' dir='ltr'><strong>M.</strong></span> <span class='ocrx_word' id='word_1_192' title='bbox 703 2840 880 2886; x_wconf 62' lang='lat' dir='ltr'><strong>Fen-§dii</strong></span> <span class='ocrx_word' id='word_1_193' title='bbox 902 2855 1070 2903; x_wconf 75' lang='lat' dir='ltr'><strong>agros,</strong></span> <span class='ocrx_word' id='word_1_194' title='bbox 1101 2840 1164 2887; x_wconf 73' lang='lat' dir='ltr'><strong>ad</strong></span> <span class='ocrx_word' id='word_1_195' title='bbox 1181 2840 1296 2887; x_wconf 82' lang='lat' dir='ltr'><strong>niv.</strong></span> 
     </span>
     <span class='ocr_line' id='line_1_25' title="bbox 280 2914 1300 2982; baseline 0.004 -22"><span class='ocrx_word' id='word_1_196' title='bbox 280 2914 405 2961; x_wconf 85' lang='lat' dir='ltr'><strong>vm</strong></span> <span class='ocrx_word' id='word_1_197' title='bbox 422 2950 436 2972; x_wconf 94' lang='lat'>‚</span> <span class='ocrx_word' id='word_1_198' title='bbox 464 2930 525 2976; x_wconf 83' lang='lat'><strong>9,</strong></span> <span class='ocrx_word' id='word_1_199' title='bbox 562 2916 649 2978; x_wconf 82' lang='lat' dir='ltr'><strong>qui</strong></span> <span class='ocrx_word' id='word_1_200' title='bbox 671 2917 949 2966; x_wconf 80' lang='lat' dir='ltr'><strong>civitatibus</strong></span> <span class='ocrx_word' id='word_1_201' title='bbox 972 2920 1159 2967; x_wconf 83' lang='lat' dir='ltr'><strong>fructus</strong></span> <span class='ocrx_word' id='word_1_202' title='bbox 1180 2933 1300 2982; x_wconf 85' lang='lat' dir='ltr'><strong>pen·</strong></span> 
     </span>
     <span class='ocr_line' id='line_1_26' title="bbox 280 2992 1295 3061; baseline 0.004 -21"><span class='ocrx_word' id='word_1_203' title='bbox 280 2992 451 3041; x_wconf 71' lang='lat' dir='ltr'><strong>derunt</strong></span> <span class='ocrx_word' id='word_1_204' title='bbox 466 3029 481 3051; x_wconf 87' lang='lat'>‚</span> <span class='ocrx_word' id='word_1_205' title='bbox 507 2994 745 3042; x_wconf 75' lang='lat' dir='ltr'><strong>immunes</strong></span> <span class='ocrx_word' id='word_1_206' title='bbox 763 3012 865 3043; x_wconf 80' lang='lat' dir='ltr'><strong>esse</strong></span> <span class='ocrx_word' id='word_1_207' title='bbox 889 2998 1051 3046; x_wconf 88' lang='lat' dir='ltr'><strong>vellet.</strong></span> <span class='ocrx_word' id='word_1_208' title='bbox 1076 3001 1150 3046; x_wconf 91' lang='lat' dir='ltr'><strong>De</strong></span> <span class='ocrx_word' id='word_1_209' title='bbox 1168 2998 1295 3061; x_wconf 81' lang='lat' dir='ltr'><strong>agris</strong></span> 
     </span>
     <span class='ocr_line' id='line_1_27' title="bbox 279 3073 1297 3140; baseline 0.002 -19"><span class='ocrx_word' id='word_1_210' title='bbox 279 3073 533 3137; x_wconf 68' lang='lat' dir='ltr'><strong>respoudit</strong></span> <span class='ocrx_word' id='word_1_211' title='bbox 552 3074 757 3123; x_wconf 87' lang='lat' dir='ltr'><strong>Cicero:</strong></span> <span class='ocrx_word' id='word_1_212' title='bbox 791 3096 813 3116; x_wconf 78' lang='grc' dir='ltr'>ι</span> <span class='ocrx_word' id='word_1_213' title='bbox 834 3077 893 3121; x_wconf 78' lang='lat' dir='ltr'><strong>In</strong></span> <span class='ocrx_word' id='word_1_214' title='bbox 920 3092 1027 3122; x_wconf 78' lang='lat' dir='ltr'><strong>mea</strong></span> <span class='ocrx_word' id='word_1_215' title='bbox 1044 3075 1297 3140; x_wconf 75' lang='lat' dir='ltr'><strong>provincia</strong></span> 
     </span>
     <span class='ocr_line' id='line_1_28' title="bbox 279 3152 1302 3218; baseline 0.001 -17"><span class='ocrx_word' id='word_1_216' title='bbox 279 3152 409 3201; x_wconf 63' lang='lat' dir='ltr'><strong>nibil</strong></span> <span class='ocrx_word' id='word_1_217' title='bbox 426 3152 657 3216; x_wconf 70' lang='lat' dir='ltr'><strong>cuiquam</strong></span> <span class='ocrx_word' id='word_1_218' title='bbox 679 3152 941 3209; x_wconf 59' lang='lat' dir='ltr'><strong>ade&#39;ntitum</strong></span> <span class='ocrx_word' id='word_1_219' title='bbox 979 3154 1074 3201; x_wconf 77' lang='lat' dir='ltr'><strong>nisi</strong></span> <span class='ocrx_word' id='word_1_220' title='bbox 1096 3155 1141 3201; x_wconf 80' lang='lat' dir='ltr'><strong>si</strong></span> <span class='ocrx_word' id='word_1_221' title='bbox 1163 3156 1302 3218; x_wconf 80' lang='lat' dir='ltr'><strong>quod</strong></span> 
     </span>
     <span class='ocr_line' id='line_1_29' title="bbox 282 3233 1298 3296; baseline 0.003 -16"><span class='ocrx_word' id='word_1_222' title='bbox 282 3233 392 3296; x_wconf 79' lang='lat' dir='ltr'><strong>quis</strong></span> <span class='ocrx_word' id='word_1_223' title='bbox 407 3233 594 3281; x_wconf 76' lang='lat' dir='ltr'><strong>debeat.</strong></span> <span class='ocrx_word' id='word_1_224' title='bbox 606 3234 748 3291; x_wconf 74' lang='lat' dir='ltr'><strong>Nam,</strong></span> <span class='ocrx_word' id='word_1_225' title='bbox 758 3233 1082 3281; x_wconf 79' lang='lat' dir='ltr'><strong>creditoribus</strong></span> <span class='ocrx_word' id='word_1_226' title='bbox 1092 3246 1149 3282; x_wconf 86' lang='lat' dir='ltr'><strong>ut</strong></span> <span class='ocrx_word' id='word_1_227' title='bbox 1162 3237 1298 3283; x_wconf 77' lang='lat' dir='ltr'><strong>satis-</strong></span> 
     </span>
     <span class='ocr_line' id='line_1_30' title="bbox 280 3303 1296 3378; baseline 0.003 -19"><span class='ocrx_word' id='word_1_228' title='bbox 280 3303 367 3362; x_wconf 66' lang='lat' dir='ltr'><strong>fiat</strong></span> <span class='ocrx_word' id='word_1_229' title='bbox 385 3347 400 3373; x_wconf 91' lang='lat'>‚</span> <span class='ocrx_word' id='word_1_230' title='bbox 434 3311 569 3361; x_wconf 84' lang='lat' dir='ltr'><strong>volo.</strong></span> <span class='ocrx_word' id='word_1_231' title='bbox 596 3315 765 3376; x_wconf 72' lang='lat' dir='ltr'><strong>Itaque</strong></span> <span class='ocrx_word' id='word_1_232' title='bbox 791 3328 893 3359; x_wconf 82' lang='lat' dir='ltr'><strong>uon</strong></span> <span class='ocrx_word' id='word_1_233' title='bbox 919 3323 991 3360; x_wconf 79' lang='lat' dir='ltr'><strong>est</strong></span> <span class='ocrx_word' id='word_1_234' title='bbox 1008 3347 1023 3372; x_wconf 88' lang='lat'>,</span> <span class='ocrx_word' id='word_1_235' title='bbox 1050 3313 1186 3377; x_wconf 82' lang='lat' dir='ltr'><strong>quod</strong></span> <span class='ocrx_word' id='word_1_236' title='bbox 1212 3331 1296 3378; x_wconf 85' lang='lat' dir='ltr'><strong>pe·</strong></span> 
     </span>
     <span class='ocr_line' id='line_1_31' title="bbox 282 3390 1294 3450; baseline 0.001 -12"><span class='ocrx_word' id='word_1_237' title='bbox 282 3401 387 3449; x_wconf 75' lang='lat' dir='ltr'><strong>tas,</strong></span> <span class='ocrx_word' id='word_1_238' title='bbox 419 3402 475 3439; x_wconf 87' lang='lat' dir='ltr'><strong>ut</strong></span> <span class='ocrx_word' id='word_1_239' title='bbox 510 3390 791 3439; x_wconf 61' lang='lat' dir='ltr'><strong>civitafibu·</strong></span> <span class='ocrx_word' id='word_1_240' title='bbox 832 3391 1040 3439; x_wconf 72' lang='lat' dir='ltr'><strong>adimam</strong></span> <span class='ocrx_word' id='word_1_241' title='bbox 1077 3392 1294 3450; x_wconf 81' lang='lat' dir='ltr'><strong>fructus,</strong></span> 
     </span>
     <span class='ocr_line' id='line_1_32' title="bbox 283 3469 1299 3534; baseline 0 -17"><span class='ocrx_word' id='word_1_242' title='bbox 283 3469 371 3534; x_wconf 87' lang='lat' dir='ltr'><strong>qui</strong></span> <span class='ocrx_word' id='word_1_243' title='bbox 396 3487 456 3517; x_wconf 90' lang='lat' dir='ltr'><strong>ex</strong></span> <span class='ocrx_word' id='word_1_244' title='bbox 482 3471 609 3534; x_wconf 81' lang='lat' dir='ltr'><strong>agris</strong></span> <span class='ocrx_word' id='word_1_245' title='bbox 634 3470 905 3534; x_wconf 81' lang='lat' dir='ltr'><strong>capiuntur.</strong></span> <span class='ocrx_word' id='word_1_246' title='bbox 925 3472 999 3517; x_wconf 78' lang='lat' dir='ltr'><strong>Ac</strong></span> <span class='ocrx_word' id='word_1_247' title='bbox 1026 3470 1196 3530; x_wconf 81' lang='lat' dir='ltr'><strong>miror,</strong></span> <span class='ocrx_word' id='word_1_248' title='bbox 1210 3486 1299 3517; x_wconf 89' lang='lat' dir='ltr'><strong>cur</strong></span> 
     </span>
     <span class='ocr_line' id='line_1_33' title="bbox 280 3549 1296 3614; baseline 0 -18"><span class='ocrx_word' id='word_1_249' title='bbox 280 3558 445 3612; x_wconf 79' lang='lat' dir='ltr'><strong>petas:</strong></span> <span class='ocrx_word' id='word_1_250' title='bbox 482 3565 634 3612; x_wconf 84' lang='lat' dir='ltr'><strong>quum</strong></span> <span class='ocrx_word' id='word_1_251' title='bbox 675 3550 845 3597; x_wconf 78' lang='lat' dir='ltr'><strong>Romae</strong></span> <span class='ocrx_word' id='word_1_252' title='bbox 897 3549 1064 3596; x_wconf 76' lang='lat' dir='ltr'><strong>audire</strong></span> <span class='ocrx_word' id='word_1_253' title='bbox 1107 3551 1296 3614; x_wconf 84' lang='lat' dir='ltr'><strong>possis,</strong></span> 
     </span>
     <span class='ocr_line' id='line_1_34' title="bbox 282 3627 1295 3691; baseline 0.001 -17"><span class='ocrx_word' id='word_1_254' title='bbox 282 3627 470 3674; x_wconf 84' lang='lat' dir='ltr'><strong>nullum</strong></span> <span class='ocrx_word' id='word_1_255' title='bbox 504 3629 559 3674; x_wconf 87' lang='lat' dir='ltr'><strong>in</strong></span> <span class='ocrx_word' id='word_1_256' title='bbox 594 3644 696 3676; x_wconf 76' lang='lat' dir='ltr'><strong>mes</strong></span> <span class='ocrx_word' id='word_1_257' title='bbox 733 3628 986 3691; x_wconf 77' lang='lat' dir='ltr'><strong>provincis</strong></span> <span class='ocrx_word' id='word_1_258' title='bbox 1025 3644 1295 3686; x_wconf 86' lang='lat' dir='ltr'><strong>nummum,</strong></span> 
     </span>
     <span class='ocr_line' id='line_1_35' title="bbox 283 3707 1297 3771; baseline -0.001 -17"><span class='ocrx_word' id='word_1_259' title='bbox 283 3708 379 3755; x_wconf 80' lang='lat' dir='ltr'><strong>nisi</strong></span> <span class='ocrx_word' id='word_1_260' title='bbox 399 3708 451 3754; x_wconf 90' lang='lat' dir='ltr'><strong>in</strong></span> <span class='ocrx_word' id='word_1_261' title='bbox 476 3723 542 3754; x_wconf 77' lang='lat' dir='ltr'><strong>aes</strong></span> <span class='ocrx_word' id='word_1_262' title='bbox 576 3707 783 3755; x_wconf 74' lang='lat' dir='ltr'><strong>alienum</strong></span> <span class='ocrx_word' id='word_1_263' title='bbox 804 3743 819 3767; x_wconf 90' lang='lat'>,</span> <span class='ocrx_word' id='word_1_264' title='bbox 857 3709 1063 3771; x_wconf 78' lang='lat' dir='ltr'><strong>erogari.</strong></span> <span class='ocrx_word' id='word_1_265' title='bbox 1086 3707 1234 3771; x_wconf 87' lang='lat' dir='ltr'><strong>Quod</strong></span> <span class='ocrx_word' id='word_1_266' title='bbox 1255 3707 1297 3754; x_wconf 83' lang='lat' dir='ltr'><strong>si</strong></span> 
     </span>
     <span class='ocr_line' id='line_1_36' title="bbox 279 3785 1298 3849; baseline 0.001 -17"><span class='ocrx_word' id='word_1_267' title='bbox 279 3800 384 3833; x_wconf 82' lang='lat' dir='ltr'><strong>nou</strong></span> <span class='ocrx_word' id='word_1_268' title='bbox 423 3785 619 3833; x_wconf 74' lang='lat' dir='ltr'><strong>auditur</strong></span> <span class='ocrx_word' id='word_1_269' title='bbox 636 3819 652 3843; x_wconf 83' lang='lat'><em>,</em></span> <span class='ocrx_word' id='word_1_270' title='bbox 690 3801 890 3849; x_wconf 70' lang='lat' dir='ltr'><strong>meaque</strong></span> <span class='ocrx_word' id='word_1_271' title='bbox 937 3798 1048 3833; x_wconf 87' lang='lat' dir='ltr'><strong>sunt</strong></span> <span class='ocrx_word' id='word_1_272' title='bbox 1092 3787 1298 3834; x_wconf 70' lang='lat' dir='ltr'><strong>obscura</strong></span> 
     </span>
     <span class='ocr_line' id='line_1_37' title="bbox 281 3866 1298 3932; baseline 0 -18"><span class='ocrx_word' id='word_1_273' title='bbox 281 3868 408 3915; x_wconf 73' lang='lat' dir='ltr'><strong>sacta</strong></span> <span class='ocrx_word' id='word_1_274' title='bbox 423 3904 437 3927; x_wconf 96' lang='lat'>‚</span> <span class='ocrx_word' id='word_1_275' title='bbox 454 3880 511 3916; x_wconf 87' lang='lat' dir='ltr'><strong>ut</strong></span> <span class='ocrx_word' id='word_1_276' title='bbox 529 3878 771 3932; x_wconf 77' lang='lat' dir='ltr'><strong>tamquam</strong></span> <span class='ocrx_word' id='word_1_277' title='bbox 789 3871 840 3914; x_wconf 87' lang='lat' dir='ltr'><strong>in</strong></span> <span class='ocrx_word' id='word_1_278' title='bbox 869 3866 1079 3915; x_wconf 85' lang='lat' dir='ltr'><strong>tenebris</strong></span> <span class='ocrx_word' id='word_1_279' title='bbox 1101 3867 1298 3925; x_wconf 73' lang='lat' dir='ltr'><strong>lateam,</strong></span> 
     </span>
     <span class='ocr_line' id='line_1_38' title="bbox 281 3946 1300 3998; baseline 0.001 -5"><span class='ocrx_word' id='word_1_280' title='bbox 281 3947 487 3996; x_wconf 77' lang='lat' dir='ltr'><strong>moleste</strong></span> <span class='ocrx_word' id='word_1_281' title='bbox 510 3948 613 3995; x_wconf 80' lang='lat' dir='ltr'><strong>fero</strong></span> <span class='ocrx_word' id='word_1_282' title='bbox 633 3969 676 3993; x_wconf 73' lang='lat' dir='ltr'><strong>n.</strong></span> <span class='ocrx_word' id='word_1_283' title='bbox 704 3948 849 3995; x_wconf 61' lang='lat' dir='ltr'><strong>Mau.</strong></span> <span class='ocrx_word' id='word_1_284' title='bbox 865 3976 923 3983; x_wconf 97' lang='lat'><strong>—</strong></span> <span class='ocrx_word' id='word_1_285' title='bbox 948 3950 1176 3998; x_wconf 78' lang='lat' dir='ltr'><strong>Ceterum</strong></span> <span class='ocrx_word' id='word_1_286' title='bbox 1194 3946 1300 3994; x_wconf 76' lang='lat' dir='ltr'><strong>haec</strong></span> 
     </span>
     <span class='ocr_line' id='line_1_39' title="bbox 284 4025 1242 4091; baseline 0.002 -18"><span class='ocrx_word' id='word_1_287' title='bbox 284 4025 349 4073; x_wconf 74' lang='lat' dir='ltr'><strong>ad</strong></span> <span class='ocrx_word' id='word_1_288' title='bbox 367 4026 576 4074; x_wconf 85' lang='lat' dir='ltr'><strong>Coelium</strong></span> <span class='ocrx_word' id='word_1_289' title='bbox 595 4027 797 4091; x_wconf 68' lang='lat' dir='ltr'><strong>epistola</strong></span> <span class='ocrx_word' id='word_1_290' title='bbox 822 4043 925 4075; x_wconf 88' lang='lat' dir='ltr'><strong>non</strong></span> <span class='ocrx_word' id='word_1_291' title='bbox 955 4036 1125 4076; x_wconf 64' lang='lat' dir='ltr'><strong>anat.</strong></span> <span class='ocrx_word' id='word_1_292' title='bbox 1149 4028 1242 4075; x_wconf 79' lang='lat' dir='ltr'><strong>En.</strong></span> 
     </span>
     <span class='ocr_line' id='line_1_40' title="bbox 356 4105 1294 4171; baseline 0.003 -20"><span class='ocrx_word' id='word_1_293' title='bbox 356 4119 444 4166; x_wconf 86' lang='lat'><strong>90.</strong></span> <span class='ocrx_word' id='word_1_294' title='bbox 492 4106 678 4154; x_wconf 84' lang='lat' dir='ltr'><strong>Emest.</strong></span> <span class='ocrx_word' id='word_1_295' title='bbox 707 4106 963 4169; x_wconf 75' lang='lat' dir='ltr'><strong>legendum</strong></span> <span class='ocrx_word' id='word_1_296' title='bbox 999 4117 1140 4171; x_wconf 70' lang='lat' dir='ltr'><strong>putat</strong></span> <span class='ocrx_word' id='word_1_297' title='bbox 1178 4105 1294 4169; x_wconf 75' lang='lat' dir='ltr'><strong>ipsi,</strong></span> 
     </span>
    </p>
   </div>
   <div class='ocr_carea' id='block_1_6' title="bbox 1375 2836 2410 4167">
    <p class='ocr_par' dir='ltr' id='par_1_7' title="bbox 1383 2836 2407 3442">
     <span class='ocr_line' id='line_1_41' title="bbox 1458 2836 2407 2904; baseline -0.001 -16"><span class='ocrx_word' id='word_1_298' title='bbox 1458 2855 1547 2902; x_wconf 86' lang='lat'><strong>91.</strong></span> <span class='ocrx_word' id='word_1_299' title='bbox 1575 2844 1745 2904; x_wconf 81' lang='lat' dir='ltr'><strong>Lepta.</strong></span> <span class='ocrx_word' id='word_1_300' title='bbox 1774 2839 2030 2885; x_wconf 76' lang='lat' dir='ltr'><strong>Praefectus</strong></span> <span class='ocrx_word' id='word_1_301' title='bbox 2045 2836 2292 2887; x_wconf 75' lang='lat' dir='ltr'><strong>fabrorum</strong></span> <span class='ocrx_word' id='word_1_302' title='bbox 2314 2839 2407 2887; x_wconf 80' lang='lat' dir='ltr'><strong>sub</strong></span> 
     </span>
     <span class='ocr_line' id='line_1_42' title="bbox 1386 2914 2407 2982; baseline -0.001 -17"><span class='ocrx_word' id='word_1_303' title='bbox 1386 2917 1624 2966; x_wconf 83' lang='lat' dir='ltr'><strong>Cicerone</strong></span> <span class='ocrx_word' id='word_1_304' title='bbox 1659 2914 1983 2982; x_wconf 72' lang='lat' dir='ltr'><strong>proconsule,</strong></span> <span class='ocrx_word' id='word_1_305' title='bbox 2021 2930 2167 2977; x_wconf 83' lang='lat' dir='ltr'><strong>quem</strong></span> <span class='ocrx_word' id='word_1_306' title='bbox 2207 2917 2407 2980; x_wconf 81' lang='lat' dir='ltr'><strong>scripse-</strong></span> 
     </span>
     <span class='ocr_line' id='line_1_43' title="bbox 1383 2994 2403 3061; baseline -0.002 -16"><span class='ocrx_word' id='word_1_307' title='bbox 1383 3008 1457 3045; x_wconf 75' lang='lat' dir='ltr'><strong>rat</strong></span> <span class='ocrx_word' id='word_1_308' title='bbox 1474 3001 1542 3061; x_wconf 79' lang='lat' dir='ltr'><strong>V,</strong></span> <span class='ocrx_word' id='word_1_309' title='bbox 1567 3015 1624 3059; x_wconf 83' lang='lat'><strong>¹7</strong></span> <span class='ocrx_word' id='word_1_310' title='bbox 1655 2994 2078 3050; x_wconf 74' lang='lat' dir='ltr'><strong>mirificum&#39;esse5</strong></span> <span class='ocrx_word' id='word_1_311' title='bbox 2108 2995 2243 3056; x_wconf 89' lang='lat' dir='ltr'><strong>quod</strong></span> <span class='ocrx_word' id='word_1_312' title='bbox 2274 2997 2403 3044; x_wconf 78' lang='lat' dir='ltr'><strong>Atti-</strong></span> 
     </span>
     <span class='ocr_line' id='line_1_44' title="bbox 1385 3073 2403 3141; baseline -0.003 -16"><span class='ocrx_word' id='word_1_313' title='bbox 1385 3094 1471 3125; x_wconf 84' lang='lat' dir='ltr'><strong>cus</strong></span> <span class='ocrx_word' id='word_1_314' title='bbox 1496 3080 1659 3141; x_wconf 68' lang='lat' dir='ltr'><strong>Leptae</strong></span> <span class='ocrx_word' id='word_1_315' title='bbox 1681 3073 2050 3123; x_wconf 61' lang='lat' dir='ltr'><strong>renuntiaverat.</strong></span> <span class='ocrx_word' id='word_1_316' title='bbox 2070 3074 2240 3119; x_wconf 82' lang='lat' dir='ltr'><strong>Eu.--</strong></span> <span class='ocrx_word' id='word_1_317' title='bbox 2260 3074 2403 3122; x_wconf 86' lang='lat' dir='ltr'><strong>Liber</strong></span> 
     </span>
     <span class='ocr_line' id='line_1_45' title="bbox 1386 3152 2403 3215; baseline -0.004 -9"><span class='ocrx_word' id='word_1_318' title='bbox 1386 3175 1518 3206; x_wconf 82' lang='lat' dir='ltr'><strong>uuus</strong></span> <span class='ocrx_word' id='word_1_319' title='bbox 1556 3159 1645 3206; x_wconf 85' lang='lat' dir='ltr'><strong>Ms</strong></span> <span class='ocrx_word' id='word_1_320' title='bbox 1682 3155 1859 3212; x_wconf 71' lang='lat' dir='ltr'><strong>habet,</strong></span> <span class='ocrx_word' id='word_1_321' title='bbox 1890 3173 1912 3193; x_wconf 79' lang='grc' dir='ltr'>ι</span> <span class='ocrx_word' id='word_1_322' title='bbox 1935 3152 2061 3198; x_wconf 74' lang='lat' dir='ltr'><strong>lecta</strong></span> <span class='ocrx_word' id='word_1_323' title='bbox 2089 3161 2172 3198; x_wconf 72' lang='lat' dir='ltr'><strong>tua</strong></span> <span class='ocrx_word' id='word_1_324' title='bbox 2196 3153 2403 3215; x_wconf 74' lang='lat' dir='ltr'><strong>epistola</strong></span> 
     </span>
     <span class='ocr_line' id='line_1_46' title="bbox 1384 3230 2402 3301; baseline -0.006 -16"><span class='ocrx_word' id='word_1_325' title='bbox 1384 3239 1656 3301; x_wconf 78' lang='lat' dir='ltr'><strong>Dionysius</strong></span> <span class='ocrx_word' id='word_1_326' title='bbox 1682 3233 1861 3299; x_wconf 76' lang='lat' dir='ltr'><strong>gaudio</strong></span> <span class='ocrx_word' id='word_1_327' title='bbox 1888 3230 2095 3279; x_wconf 62' lang='lat' dir='ltr'><strong>exstant</strong></span> <span class='ocrx_word' id='word_1_328' title='bbox 2107 3252 2149 3277; x_wconf 68' lang='lat' dir='ltr'><strong>u.</strong></span> <span class='ocrx_word' id='word_1_329' title='bbox 2173 3233 2402 3279; x_wconf 58' lang='lat' dir='ltr'><strong>Lanu.—</strong></span> 
     </span>
     <span class='ocr_line' id='line_1_47' title="bbox 1385 3309 2403 3380; baseline -0.005 -16"><span class='ocrx_word' id='word_1_330' title='bbox 1385 3318 1481 3364; x_wconf 76' lang='lat' dir='ltr'><strong>nie</strong></span> <span class='ocrx_word' id='word_1_331' title='bbox 1518 3316 1740 3380; x_wconf 64' lang='lat' dir='ltr'><strong>epistola</strong></span> <span class='ocrx_word' id='word_1_332' title='bbox 1778 3310 2005 3361; x_wconf 65' lang='lat' dir='ltr'><strong>secunde</strong></span> <span class='ocrx_word' id='word_1_333' title='bbox 2047 3309 2243 3358; x_wconf 73' lang='lat' dir='ltr'><strong>initium</strong></span> <span class='ocrx_word' id='word_1_334' title='bbox 2288 3312 2403 3359; x_wconf 75' lang='lat' dir='ltr'><strong>facit</strong></span> 
     </span>
     <span class='ocr_line' id='line_1_48' title="bbox 1383 3393 1899 3442; baseline -0.006 -2"><span class='ocrx_word' id='word_1_335' title='bbox 1383 3395 1652 3442; x_wconf 78' lang='lat' dir='ltr'><strong>Victorius.</strong></span> <span class='ocrx_word' id='word_1_336' title='bbox 1683 3396 1734 3441; x_wconf 86' lang='lat' dir='ltr'><strong>J.</strong></span> <span class='ocrx_word' id='word_1_337' title='bbox 1758 3394 1821 3440; x_wconf 78' lang='lat' dir='ltr'><strong>V.</strong></span> <span class='ocrx_word' id='word_1_338' title='bbox 1843 3393 1899 3437; x_wconf 76' lang='lat'><strong>1..</strong></span> 
     </span>
    </p>

    <p class='ocr_par' dir='ltr' id='par_1_8' title="bbox 1375 3464 2410 3915">
     <span class='ocr_line' id='line_1_49' title="bbox 1453 3464 2408 3536; baseline -0.008 -15"><span class='ocrx_word' id='word_1_339' title='bbox 1453 3490 1540 3535; x_wconf 76' lang='lat'><strong>9²·</strong></span> <span class='ocrx_word' id='word_1_340' title='bbox 1562 3475 1713 3535; x_wconf 65' lang='lat' dir='ltr'><strong>Quem</strong></span> <span class='ocrx_word' id='word_1_341' title='bbox 1729 3469 1924 3536; x_wconf 79' lang='lat' dir='ltr'><strong>quidem</strong></span> <span class='ocrx_word' id='word_1_342' title='bbox 1941 3464 2408 3531; x_wconf 58' lang='lat' dir='ltr'><strong>numquanuvulgo,</strong></span> 
     </span>
     <span class='ocr_line' id='line_1_50' title="bbox 1384 3546 2402 3615; baseline -0.01 -14"><span class='ocrx_word' id='word_1_343' title='bbox 1384 3574 1409 3593; x_wconf 66' lang='grc' dir='ltr'><em>α</em></span> <span class='ocrx_word' id='word_1_344' title='bbox 1434 3568 1579 3614; x_wconf 87' lang='lat' dir='ltr'><strong>quem</strong></span> <span class='ocrx_word' id='word_1_345' title='bbox 1607 3550 1895 3615; x_wconf 73' lang='lat' dir='ltr'><strong>jampridem</strong></span> <span class='ocrx_word' id='word_1_346' title='bbox 1931 3561 2195 3607; x_wconf 73' lang='lat' dir='ltr'><strong>numquam</strong></span> <span class='ocrx_word' id='word_1_347' title='bbox 2218 3566 2240 3587; x_wconf 77' lang='grc' dir='ltr'><strong><em>ι</em></strong></span> <span class='ocrx_word' id='word_1_348' title='bbox 2265 3557 2277 3592; x_wconf 78' lang='lat' dir='ltr'><strong><em>z</em></strong></span> <span class='ocrx_word' id='word_1_349' title='bbox 2319 3546 2402 3593; x_wconf 77' lang='lat' dir='ltr'><strong>sed</strong></span> 
     </span>
     <span class='ocr_line' id='line_1_51' title="bbox 1383 3625 2404 3695; baseline -0.006 -18"><span class='ocrx_word' id='word_1_350' title='bbox 1383 3641 1438 3677; x_wconf 87' lang='lat' dir='ltr'><strong>ut</strong></span> <span class='ocrx_word' id='word_1_351' title='bbox 1458 3630 1779 3695; x_wconf 75' lang='lat' dir='ltr'><strong>repugnantia</strong></span> <span class='ocrx_word' id='word_1_352' title='bbox 1805 3625 2022 3684; x_wconf 73' lang='lat' dir='ltr'><strong>tollatur,</strong></span> <span class='ocrx_word' id='word_1_353' title='bbox 2042 3639 2151 3685; x_wconf 78' lang='lat' dir='ltr'><strong>quoe</strong></span> <span class='ocrx_word' id='word_1_354' title='bbox 2177 3633 2249 3669; x_wconf 84' lang='lat' dir='ltr'><strong>est</strong></span> <span class='ocrx_word' id='word_1_355' title='bbox 2265 3625 2404 3688; x_wconf 81' lang='lat' dir='ltr'><strong>jam·</strong></span> 
     </span>
     <span class='ocr_line' id='line_1_52' title="bbox 1375 3700 2410 3774; baseline -0.006 -17"><span class='ocrx_word' id='word_1_356' title='bbox 1375 3710 1594 3774; x_wconf 75' lang='lat' dir='ltr'><strong>pridem,</strong></span> <span class='ocrx_word' id='word_1_357' title='bbox 1618 3720 1666 3756; x_wconf 83' lang='lat' dir='ltr'><strong>et</strong></span> <span class='ocrx_word' id='word_1_358' title='bbox 1692 3719 1982 3769; x_wconf 74' lang='lat' dir='ltr'><strong>numquam,</strong></span> <span class='ocrx_word' id='word_1_359' title='bbox 2007 3700 2282 3749; x_wconf 77' lang='lat' dir='ltr'><strong>emendavit</strong></span> <span class='ocrx_word' id='word_1_360' title='bbox 2303 3704 2410 3751; x_wconf 76' lang='lat' dir='ltr'><strong>Ma·</strong></span> 
     </span>
     <span class='ocr_line' id='line_1_53' title="bbox 1388 3780 2403 3852; baseline -0.005 -17"><span class='ocrx_word' id='word_1_361' title='bbox 1388 3788 1604 3852; x_wconf 72' lang='lat' dir='ltr'><strong>inspius,</strong></span> <span class='ocrx_word' id='word_1_362' title='bbox 1633 3789 1708 3836; x_wconf 79' lang='lat' dir='ltr'><strong>uti</strong></span> <span class='ocrx_word' id='word_1_363' title='bbox 1727 3802 1819 3833; x_wconf 87' lang='lat' dir='ltr'><strong>uos</strong></span> <span class='ocrx_word' id='word_1_364' title='bbox 1838 3780 2300 3841; x_wconf 73' lang='lat' dir='ltr'><strong>edimm‚1.nmbini</strong></span> <span class='ocrx_word' id='word_1_365' title='bbox 2316 3798 2403 3830; x_wconf 76' lang='lat' dir='ltr'><strong>au·</strong></span> 
     </span>
     <span class='ocr_line' id='line_1_54' title="bbox 1389 3861 2230 3915; baseline -0.013 1"><span class='ocrx_word' id='word_1_366' title='bbox 1389 3866 1574 3915; x_wconf 71' lang='lat' dir='ltr'><strong>daciam</strong></span> <span class='ocrx_word' id='word_1_367' title='bbox 1599 3868 1696 3914; x_wconf 81' lang='lat' dir='ltr'><strong>hoc</strong></span> <span class='ocrx_word' id='word_1_368' title='bbox 1723 3866 1836 3912; x_wconf 82' lang='lat' dir='ltr'><strong>loco</strong></span> <span class='ocrx_word' id='word_1_369' title='bbox 1858 3861 2064 3909; x_wconf 75' lang='lat' dir='ltr'><strong>imitati.</strong></span> <span class='ocrx_word' id='word_1_370' title='bbox 2079 3861 2230 3907; x_wconf 77' lang='lat' dir='ltr'><strong>Ouv.</strong></span> 
     </span>
    </p>

    <p class='ocr_par' dir='ltr' id='par_1_9' title="bbox 1383 3938 2403 4167">
     <span class='ocr_line' id='line_1_55' title="bbox 1461 3938 2403 4008; baseline -0.009 -14"><span class='ocrx_word' id='word_1_371' title='bbox 1461 3948 1549 4008; x_wconf 86' lang='lat'><strong>93.</strong></span> <span class='ocrx_word' id='word_1_372' title='bbox 1575 3943 1780 3992; x_wconf 66' lang='lat' dir='ltr'><strong>limus.</strong></span> <span class='ocrx_word' id='word_1_373' title='bbox 1802 3938 2014 3988; x_wconf 79' lang='lat' dir='ltr'><strong>Victorii</strong></span> <span class='ocrx_word' id='word_1_374' title='bbox 2033 3939 2292 3987; x_wconf 62' lang='lat' dir='ltr'><strong>laminam</strong></span> <span class='ocrx_word' id='word_1_375' title='bbox 2315 3954 2403 3987; x_wconf 65' lang='lat' dir='ltr'><strong>a·</strong></span> 
     </span>
     <span class='ocr_line' id='line_1_56' title="bbox 1386 4016 2406 4083; baseline -0.013 -8"><span class='ocrx_word' id='word_1_376' title='bbox 1386 4025 1640 4083; x_wconf 75' lang='lat' dir='ltr'><strong>bibemus,</strong></span> <span class='ocrx_word' id='word_1_377' title='bbox 1669 4023 1891 4070; x_wconf 71' lang='lat' dir='ltr'><strong>«Literas</strong></span> <span class='ocrx_word' id='word_1_378' title='bbox 1915 4019 2116 4066; x_wconf 70' lang='lat' dir='ltr'><strong>dutums</strong></span> <span class='ocrx_word' id='word_1_379' title='bbox 2152 4016 2281 4081; x_wconf 80' lang='lat' dir='ltr'><strong>prid.</strong></span> <span class='ocrx_word' id='word_1_380' title='bbox 2309 4016 2406 4063; x_wconf 69' lang='lat' dir='ltr'><strong>kal.</strong></span> 
     </span>
     <span class='ocr_line' id='line_1_57' title="bbox 1383 4095 2406 4167; baseline -0.012 -13"><span class='ocrx_word' id='word_1_381' title='bbox 1383 4107 1578 4167; x_wconf 73' lang='lat' dir='ltr'><strong>januar.</strong></span> <span class='ocrx_word' id='word_1_382' title='bbox 1621 4118 1816 4152; x_wconf 77' lang='lat' dir='ltr'><strong>suavem</strong></span> <span class='ocrx_word' id='word_1_383' title='bbox 1851 4097 2066 4147; x_wconf 73' lang='lat' dir='ltr'><strong>habuisti</strong></span> <span class='ocrx_word' id='word_1_384' title='bbox 2108 4095 2406 4143; x_wconf 70' lang='lat' dir='ltr'><strong>recordatio·</strong></span> 
     </span>
    </p>
   </div>
  </div>
 </body>
</html>
