3023 4773
526 427 1073 497 EPISTOLAE
1120 430 1255 497 AD
1307 430 1820 519 ATTICUM‚
1862 438 1950 522 V,
1997 463 2061 506 2.
2216 439 2343 528 541
2402 444 2406 447 ’

227 626 681 648 mmmm
961 626 2251 659 mmmmmmmmmmmm
2257 641 2348 661 m

899 805 1481 897 EPISTOLA
1544 821 1660 899 II.

227 982 442 1043 Scribit
469 983 529 1042 in
555 987 816 1068 Cumano
847 984 1059 1043 multos
1085 982 1160 1041 ad
1184 1003 1273 1053 se,
1301 984 1474 1042 etiam
1499 986 1874 1046 Hortensium
1904 990 2159 1066 venisse;
2188 999 2355 1054 Sem-

303 1080 576 1159 pronium
612 1080 830 1139 Rufum
855 1098 976 1137 non
998 1079 1243 1138 venisset
1276 1079 1505 1139 Deinde
1535 1082 1798 1141 Atticum
1827 1099 1994 1162 rogat
2013 1129 2030 1159 ,
2066 1103 2132 1146 ut
2153 1106 2353 1167 curet,

305 1198 378 1236 ne
409 1177 519 1237 sibi
559 1176 858 1257 provincia
888 1190 1271 1256 prorogetur3
1311 1191 1371 1236 et
1408 1190 1506 1249 ut,
1540 1200 1719 1257 quum
1742 1202 1816 1240 ex
1860 1183 2042 1261 Epiro
2088 1187 2352 1264 redierit,

304 1272 414 1333 sihi
437 1274 510 1333 de
538 1295 659 1355 rep.
683 1273 917 1334 scribat.
937 1274 1031 1353 (In
1051 1274 1433 1353 Pompeiano,
1457 1295 1554 1334 an.
1574 1282 1650 1337 U.
1671 1281 1735 1337 C.
1762 1298 1906 1352 702,
1936 1300 2131 1343 mense
2155 1287 2354 1368 maio.)

898 1451 1207 1532 CICERO
1252 1465 1578 1571 Asr‘nco
1626 1469 1688 1532 s,

319 1615 402 1680 A.
442 1610 510 1681 d.
549 1636 622 1681 v1
659 1607 758 1680 id.
792 1610 957 1679 mai.
996 1631 1225 1705 quum
1261 1606 1389 1678 has
1421 1605 1682 1678 dabam
1713 1607 1989 1700 literas,
2027 1639 2116 1686 ex
2148 1621 2356 1691 Pom·

224 1721 483 1818 peiano
534 1717 1076 1820 proficiscebar,
1124 1733 1206 1788 ut
1250 1742 1338 1788 eo
1387 1716 1503 1790 die
1548 1745 1918 1794 manerem
1956 1726 2035 1795 in
2078 1728 2353 1802 Trebu-

224 1829 390 1901 lano
419 1830 612 1929 apud
641 1833 1008 1900 Pontium.
1037 1825 1318 1899 Deinde
1355 1829 1756 1925 cogitabam
1791 1836 1945 1903 sine
1972 1835 2121 1907 ulla
2153 1865 2356 1913 mora

214 1945 409 2038 justa
459 1947 714 2016 itinera
772 1941 1026 2015 facere.
1076 1946 1163 2011 In
1211 1945 1540 2012 Cumano
1584 1970 1814 2041 quum
1851 1971 2122 2039 essem,
2157 1957 2357 2026 venit

218 2052 313 2125 ad
364 2080 516 2141 me,
571 2052 771 2151 quod
828 2050 1010 2123 mihi
1060 2065 1476 2148 pergratum
1526 2049 1698 2140 fuit,
1751 2070 2000 2130 noster
2047 2066 2353 2136 Horten-

154 2157 171 2176 *
219 2164 412 2234 sius:
453 2167 606 2251 cui,
658 2162 1079 2260 deposcenti
1131 2186 1290 2231 mea
1327 2161 1702 2251 mandata,
1742 2180 1978 2239 cetera
2021 2175 2353 2249 universe

216 2274 554 2345 mandavi
583 2301 602 2363 ;
641 2272 820 2344 illud
848 2273 1176 2371 proprie,
1213 2297 1306 2343 ne
1343 2286 1738 2369 pateretur,
1771 2293 2127 2371 quantum
2164 2303 2352 2359 esset

217 2385 295 2453 in
326 2386 524 2483 ἰρεο,
560 2388 934 2482 prorogari
975 2381 1186 2454 nobis
1220 2383 1696 2482 provincias¹.
1747 2389 1831 2456 In
1868 2414 2018 2486 quo
2060 2417 2228 2466 eum
2268 2412 2350 2471 tu

217 2496 429 2565 velim
468 2494 851 2567 confirmes
873 2549 892 2581 ‚
921 2509 1351 2592 gratumque
1381 2493 1560 2565 mihi
1596 2492 1847 2568 fecisse
1882 2499 2112 2590 dicas,
2147 2506 2352 2602 quod

217 2619 291 2676 et
328 2609 607 2678 venerit
649 2604 739 2676 ad
779 2629 933 2690 me,
986 2619 1060 2675 et
1105 2603 1247 2674 hoc
1284 2603 1498 2691 mihi,
1536 2619 2024 2706 praetereaque
2060 2614 2122 2681 si
2167 2616 2346 2711 quid

216 2741 402 2815 opus
457 2731 642 2789 esset
669 2772 688 2802 ‚
741 2716 1188 2814 promiserit.-
1230 2713 1669 2786 Confirmavi
1716 2717 1809 2788 ad
1862 2743 2019 2791 eam
2066 2745 2347 2798 causam

212 2829 429 2897 etiam
466 2828 812 2897 Furnium
838 2840 1203 2911 nostrum3
1234 2849 1457 2922 quem
1478 2823 1582 2895 ad
1617 2840 1936 2897 annum²
1969 2830 2346 2907 tribunum

214 2935 447 3035 plebis
479 2934 813 3005 videbam
839 2933 1017 3006 fore.
1052 2934 1450 3006 Habuimus
1484 2938 1558 3004 in
1595 2941 1927 3009 Cumano
1966 2945 2169 3036 quasi
2206 2970 2345 3042 pu-

210 3046 439 3117 sillam
505 3050 864 3116 Romam:
919 3059 1113 3121 tanta
1171 3059 1325 3116 erat
1380 3048 1455 3115 in
1518 3045 1631 3116 his
1689 3044 1866 3118 locis
1917 3050 2348 3146 multitudO,

212 3181 445 3253 quum
482 3156 771 3226 interim
810 3151 1023 3223 Rufio
1061 3151 1376 3241 noster³‚
1413 3153 1612 3252 quod
1654 3179 1730 3227 se
1768 3181 1808 3227 a
1845 3162 2176 3230 Vestorio
2214 3162 2342 3235 ob-

212 3268 477 3339 servari
500 3264 790 3337 videbat
805 3319 825 3352 ‚
848 3278 1342 3359 strategemate
1367 3265 1737 3337 hominem
1758 3273 2133 3366 percussit.
2157 3276 2341 3345 Nam

212 3377 302 3449 ad
337 3404 455 3451 me
495 3403 646 3449 non
682 3377 999 3447 accessit.
1035 3377 1280 3446 Itane?
1309 3399 1539 3473 quum
1569 3381 1999 3451 Hortensius
2028 3387 2342 3474 veniret,

288 3602 309 3636 1
322 3622 336 3635 .
362 3587 562 3636 Rectius
589 3585 772 3634 Ursino
792 3583 987 3632 videtur
1001 3582 1139 3646 quod
1157 3593 1230 3630 est

206 3670 260 3715 in
279 3667 482 3731 antiquo
497 3666 651 3723 libro,
662 3663 986 3730 provinciam.
1007 3663 1059 3711 J.
1082 3664 1144 3709 V.
1168 3664 1224 3710 L.

279 3763 332 3796 a.
361 3746 450 3793 Ad
478 3762 678 3794 annum.
705 3748 744 3793 1.
769 3761 815 3794 e.
844 3759 975 3791 anno
999 3742 1227 3807 proximo

202 3842 309 3892 quo
327 3826 383 3875 C.
398 3826 605 3873 Furnius
620 3824 917 3872 tribunatum
932 3822 1092 3886 gessit.
1111 3822 1225 3871 Sca.

279 3906 329 3953 3.
356 3906 499 3973 ¹²¹¹fi⁰
523 3916 695 3953 noster.
720 3904 816 3954 Hic
834 3914 909 3950 est
924 3902 982 3952 C.
1003 3904 1227 3965 Sempro·

202 3985 316 4033 nius
341 3986 527 4039 Rufus.
555 3983 616 4031 de
642 3999 743 4047 quo
774 3983 825 4029 in
853 3982 993 4045 epist.
1023 3981 1086 4028 ed
1111 3981 1225 4029 niv.

203 4081 284 4128 ep.
307 4065 366 4125 8,
390 4063 481 4113 lib.
502 4064 652 4119 vm,
677 4077 821 4126 quem
847 4060 928 4108 hic
957 4062 1226 4124 per-jocum

202 4144 416 4208 appellat
454 4142 732 4191 Rufionem.
778 4140 1026 4203 Quoniam
1066 4150 1224 4187 autem

1318 3598 1430 3630 cum
1472 3584 1703 3637 'Vestorio
1759 3586 1927 3633 nescio
1972 3588 2093 3650 quid
2138 3592 2184 3637 ei
2236 3604 2340 3642 eret

1317 3664 1658 3710 controversiae
1672 3698 1687 3722 ,
1710 3662 1947 3712 arbitrum
1967 3676 2236 3718 statuerent
2256 3673 2340 3722 Ci-

1316 3757 1544 3789 ceronem
1558 3776 1574 3801 ‚
1625 3753 1682 3790 ut
1732 3755 2062 3808 cognosceret.
2112 3748 2305 3799 Deinde
2326 3787 2342 3811 ‚

1314 3837 1467 3884 quum
1490 3822 1804 3884 Sempronius
1825 3838 1877 3869 se
1899 3839 1928 3870 a
1948 3826 2175 3875 Vestorio
2197 3829 2335 3878 vide-

1316 3913 1392 3949 ret
1419 3900 1667 3949 observari
1692 3899 2017 3964 (observabat
2051 3918 2212 3955 autem
2242 3911 2342 3957 Ve-

1313 3979 1522 4039 storius,
1551 3991 1632 4040 ut,
1647 3979 1686 4027 si
1709 3979 1991 4030 Ciceronem
2020 3985 2336 4050 Sempronius

1313 4059 1543 4118 adiisset,
1586 4058 1750 4107 statim
1796 4071 1846 4108 et
1888 4062 1992 4126 ipse
2027 4077 2331 4123 accurreret,

1314 4138 1729 4203 transigendaeque
1743 4140 2085 4191 controversia!
2101 4144 2334 4192 arbitrum
