3023 4773
614 357 1120 427 EPISTOLAE
1170 357 1305 425 AD
1353 359 1838 444 ATTICUM‚
1889 363 1998 446 ΙΙ,
2044 385 2099 428 1.
2284 360 2417 456 357

301 506 579 554 curras:
619 480 800 552 nihil
836 504 1004 551 sane
1042 493 1151 550 est
1186 503 1514 567 necesse;
1551 497 2045 556 verumtamen
2086 483 2423 556 videbare

301 592 479 663 mihi
529 606 856 689 tempora
905 590 1499 688 peregrinationis
1548 592 2002 664 commodius
2037 618 2246 692 posse
2296 598 2422 668 de-

303 701 635 773 scribere.
664 702 893 772 Nimis
928 697 1097 771 abes
1127 699 1251 770 diu
1274 755 1293 788 ,
1340 704 1726 798 praesertim
1758 726 1987 798 quum
2018 706 2113 774 sis
2148 708 2221 776 in
2260 732 2424 804 pro-

303 813 595 911 pinquis
609 810 825 882 locis:
857 833 1095 907 neque
1128 834 1262 881 nos
1289 823 1361 880 te
1380 809 1729 895 fruimur3
1761 824 1832 881 et
1857 826 1939 881 tu
1966 810 2179 883 nobis
2205 839 2426 887 cares.

305 925 406 991 Ac
434 946 632 993 nunc
658 919 951 1018 quidem
981 920 1211 989 otium
1244 933 1350 990 est
1380 946 1395 988 ε
1428 917 1555 988 sed
1588 919 1645 988 si
1674 919 1919 1015 paullo
1945 918 2110 1016 plus
2132 916 2192 966 ¹⁸
2225 920 2427 993 furor

303 1031 650 1104 Pulchelli
674 1028 1010 1129 progredi
1030 1042 1304 1127 posset,
1323 1027 1528 1099 valde
1547 1051 1681 1124 ego
1698 1041 1769 1099 te
1787 1029 1996 1098 istinc
2023 1031 2427 1103 excitarem.

303 1148 573 1215 Verum
602 1139 939 1239 praeclare
963 1137 1297 1238 Metellps
1315 1137 1616 1236 impedit
1640 1148 1722 1225 ¹9,
1750 1152 1822 1210 et
1839 1137 2207 1235 impediet.
2231 1142 2429 1229 Quid

305 1249 610 1346 quaeris?
642 1261 746 1319 est
774 1243 1031 1317 consul
1069 1247 1532 1341 φιλόπατριςὈ,
1549 1259 1656 1343 et,
1679 1262 1763 1318 ut
1777 1270 2065 1344 semper
2079 1247 2390 1341 judicavi
2411 1305 2429 1334 ‚

305 1374 557 1431 natura
591 1357 859 1430 bonus.
893 1354 1025 1426 Ille
1064 1367 1306 1427 autem
1345 1380 1493 1426 non
1531 1356 1850 1445 simulat,
1884 1357 2011 1428 sed
2048 1357 2262 1455 plane
2299 1361 2430 1429 tri-

304 1467 544 1539 bunus
588 1465 822 1565 plebis
866 1463 1025 1536 fieri
1069 1468 1293 1562 cupit.
1333 1467 1492 1554 Qua
1541 1465 1631 1536 de
1672 1491 1750 1538 re
1795 1490 2026 1562 quum
2063 1471 2139 1538 in
2177 1485 2432 1540 senatu

304 1594 662 1676 ageretur,
717 1575 897 1673 fregi
937 1575 1346 1662 hominem,
1399 1590 1472 1646 et
1515 1576 2068 1646 inconstantiam
2117 1576 2273 1671 ejus
2318 1604 2430 1647 re-

306 1686 689 1785 prehendi,
711 1689 839 1783 qui
860 1690 1103 1755 Romae
1129 1684 1575 1757 tribunatum
1604 1684 1836 1782 plebis
1860 1699 2173 1782 peteret,
2200 1711 2431 1782 quum

304 1801 377 1865 in
435 1796 670 1868 Sicilia
729 1794 1216 1865 aedilitatem²¹
1281 1818 1467 1891 saepe
1524 1793 1939 1867 dictitasset.
2004 1793 2143 1875 Sed
2198 1821 2434 1892 neque

306 1929 741 2003 magnopere
780 1902 929 1972 dixi
965 1926 1118 1973 esse
1148 1901 1360 1973 nobis
1402 1902 1880 1974 laborandum
1911 1931 1927 1972 ε
1962 1904 2163 1999 qnod
2208 1905 2435 1975 nihilo

303 2020 526 2113 magis
550 2019 613 2086 ei
637 2014 1010 2085 liciturum
1031 2026 1217 2083 esset
1240 2010 1529 2109 plebeio
1549 2012 2070 2109 rempublicam
2104 2013 2436 2110 perdere,

301 2148 521 2220 qnam
555 2120 911 2195 similibus
943 2122 1133 2216 ejuS,
1176 2144 1291 2190 me
1329 2121 1660 2205 consule,
1708 2124 2020 2217 patriciis
2063 2139 2249 2195 esset
2285 2124 2434 2196 lici—

300 2249 480 2302 tum.
508 2238 661 2302 Jam
687 2287 705 2320 ,
748 2253 978 2328 quum
1006 2254 1083 2300 se
1120 2229 1239 2301 ille
1267 2229 1576 2327 septimo
1611 2229 1727 2300 die
1756 2232 2034 2301 venisse
2071 2256 2110 2301 a
2147 2231 2434 2322 streton,

305 2367 546 2439 neque
596 2341 732 2415 sihi
783 2340 1065 2414 obviam
1129 2363 1568 2437 quemquam
1629 2339 1920 2437 prodire
1964 2345 2319 2437 potuisse,
2366 2360 2439 2416 et

306 2470 528 2525 noctu
571 2478 646 2525 se
700 2453 1032 2523 introisse
1078 2450 1411 2536 dixisset,
1455 2452 1530 2520 in
1571 2475 1807 2548 eoque
1857 2477 1933 2522 se
1975 2455 2049 2523 iu
2088 2457 2435 2526 concione

303 2565 676 2658 jactasset:
713 2563 892 2633 nihil
954 2564 1018 2631 ei
1060 2562 1226 2632 novi
1283 2560 1429 2631 dixi
1485 2559 1870 2633 accidisse:
1902 2587 1989 2634 ex
2025 2564 2274 2635 ‘Sicilia
2323 2590 2434 2637 se-

1413 2791 1688 2841 redderent.
1712 2795 1867 2843 Causa
1888 2806 2050 2843 autem
2074 2795 2252 2844 Clodio
2284 2799 2335 2843 in
2364 2800 2438 2847 si-

1415 2870 1576 2919 ciliam
1598 2871 1748 2919 eundi
1765 2872 1858 2920 fuit
1873 2908 1887 2932 ,
1902 2873 2040 2936 quod
2054 2873 2316 2938 adoptatus
2333 2876 2436 2923 fne-

387 2800 463 2846 18.
479 2796 713 2860 Sipaullo
725 2796 856 2860 plus.
888 2797 1068 2844 Sensus
1087 2804 1160 2842 est
1181 2794 1326 2855 hujus

310 2877 406 2925 loci
438 2875 819 2941 simplicissimus
857 2889 872 2923 τ
915 2874 965 2922 Si
1001 2873 1208 2923 Clodius
1246 2887 1325 2919 me

309 2957 526 3004 infestare
539 2989 554 3013 ‚
586 2969 855 3018 vexareque
881 2964 1045 3017 posset
1068 2952 1327 3000 vehemen-

310 3037 428 3091 tius,
460 3044 516 3082 ut
538 3033 671 3092 vult,
704 3043 752 3080 te
776 3046 996 3095 rogarem
1024 3043 1081 3079 ut
1108 3030 1328 3078 celeriter

307 3115 403 3162 huc
430 3125 476 3161 te
498 3114 760 3161 conferres.
785 3114 962 3161 Gur.

387 3210 463 3256 ¹9·
493 3192 713 3241 Metellus
733 3188 949 3255 impedit.
961 3190 1157 3253 Quippe
1175 3203 1326 3251 quum

310 3275 359 3320 in
396 3283 564 3320 senatu
590 3270 768 3318 dixerit
794 3285 845 3318 se
872 3268 1100 3317 Clodium
1131 3268 1326 3315 fratr-em

308 3352 573 3416 patruelem
607 3348 918 3413 incipientem
965 3349 1149 3408 furere,
1182 3358 1329 3409 atque

309 3440 563 3478 conantem
577 3464 592 3486 ‚
631 3445 717 3476 sm
759 3444 904 3476 manu
944 3425 1323 3473 interfecturum.

308 3512 444 3559 Orat.
484 3526 577 3573 pro
623 3512 700 3557 M.
743 3508 928 3564 coelio,
972 3521 1082 3569 cap.
1125 3512 1192 3559 24
1210 3538 1224 3562 ,
1273 3515 1325 3552 et

311 3591 457 3638 Dion.
483 3588 572 3637 lib.
597 3586 865 3635 xxxvn.
882 3587 1042 3635 Coun.

379 3684 460 3716 ao.
485 3665 786 3733 Φιλόπατρις.
813 3663 1068 3714 studiosus
1096 3663 1279 3727 patria.

379 3765 463 3794 αι.
494 3745 812 3794 AEde’lr‘tatem.
847 3745 946 3807 Qui
972 3744 1099 3791 euim
1129 3743 1330 3792 aedilitn-

311 3840 406 3875 tem
425 3826 678 3891 petebant,
691 3840 780 3889 per
796 3837 989 3871 canum
1009 3824 1100 3870 fori
1121 3822 1329 3872 ornandi

310 3892 358 3953 et
384 3905 636 3964 ludorum,
666 3902 827 3951 socios
849 3901 1124 3967 spoliabant
1150 3904 1298 3966 signis
1314 3931 1329 3955 ‚

310 3995 361 4032 et
385 3983 526 4032 rebus
548 3982 941 4049 pretiosioribus,
962 3998 1113 4046 quum
1136 3983 1196 4030 ad
1217 3997 1327 4030 eum

311 4079 454 4114 usum
483 4073 750 4128 rogassent,
778 4080 868 4112 nec
904 4078 1132 4126 nmquam
1158 4073 1329 4127 postea

1414 2960 1488 2998 rat
1513 2967 1540 2997 a
1574 2950 1814 3006 Fonteio,
1846 2952 1933 3014 qui
1967 2952 2158 3000 Siculus
2182 2954 2289 3018 ipse
2319 2965 2435 3001 erat.

1413 3030 1576 3091 Quare
1608 3031 1711 3090 ejus
1743 3030 1869 3078 furta
1904 3046 2036 3078 nunc
2071 3031 2282 3078 cavillari
2320 3033 2439 3080 mihi

1416 3109 1594 3157 Cicero
1619 3109 1829 3157 videtur.
1859 3110 2068 3157 Μσιιιτ.
2096 3110 2439 3162 —Vietorins

1416 3202 1442 3233 e
1469 3185 1608 3235 libris
1635 3187 1851 3251 antiquis
1867 3225 1882 3249 ,
1930 3187 2282 3235 «hereditatem
2308 3205 2440 3255 saepe

1413 3265 1729 3315 hereditasset
1746 3289 1771 3308 ω
1785 3302 1800 3326 ,
1831 3268 1969 3315 nullo
1994 3281 2154 3316 sensu.
2173 3270 2438 3330 Gruterus,

1421 3369 1443 3390 ι
1460 3350 1606 3396 Hero
1646 3347 1805 3413 (quod
1853 3360 1925 3396 est
1968 3347 2145 3396 Sicilie
2176 3337 2442 3416 oppidum)

1415 3426 1689 3475 aedilitatem
1723 3443 1774 3474 κ
1796 3437 1962 3491 petere
1986 3426 2255 3475 dletitssset
2273 3449 2317 3477 a.
2341 3432 2436 3478 Ju-

1414 3504 1547 3563 nim,
1577 3506 1714 3554 -heri
1733 3505 2012 3553 aedilitatem
2032 3522 2082 3552 se
2104 3522 2210 3568 p.·,
2228 3508 2313 3556 uhi
2333 3508 2438 3560 lteri

1411 3583 1583 3632 eodem
1611 3600 1754 3632 sensu
1787 3600 1887 3648 quo
1915 3600 1986 3647 gr.
2006 3584 2111 3649 χθὲς
2138 3583 2222 3636 καὶ
2241 3587 2432 3655 πρώην,

1413 3665 1490 3710 cui
1531 3662 1740 3711 adsentit
1775 3664 2092 3726 Mongaltius.
2132 3667 2246 3713 Em.
2276 3669 2436 3717 -aedi-

1416 3741 1599 3790 litatem
1625 3758 1753 3807 saepe
1773 3741 1998 3790 dictasset
2020 3768 2059 3789 ιι.
2086 3745 2262 3809 Magus
2283 3759 2355 3796 est
2381 3750 2436 3796 in

1418 3823 1543 3870 MSS
1575 3834 1625 3869 et
1659 3820 1776 3869 edd.
1807 3822 2022 3872 varietas.
2050 3825 2141 3871 En.

1490 3917 1576 3950 22.
1622 3903 1781 3948 Freeo.
1827 3898 2018 3959 Siculo,
2066 3905 2200 3966 qnasi
2238 3909 2437 3970 proprie

1420 3983 1596 4029 foetum
1613 3979 1885 4045 appelletur
1899 3980 2019 4028 illud
2032 4018 2046 4040 ‚
2067 3983 2202 4046 quod
2219 3996 2291 4033 est
2311 3987 2438 4035 inter

1417 4059 1652 4120 Siciliam,
1683 4069 1733 4107 et
1750 4057 1952 4109 Italiam.
1981 4062 2223 4113 Contu».
