3023 4773
610 416 745 491 352
846 418 944 485 M.
983 418 1062 485 T.
1109 417 1283 486 clo.
1328 417 1601 485 EPIST.
1650 417 1776 483 AD
1824 419 2263 503 A'rrlcUM,
2310 420 2376 503 1,
2419 443 2531 489 20.

607 539 909 621 amicos,
937 538 1267 624 clientes,
1287 537 1613 634 hospites
1629 591 1650 625 ,
1679 537 1975 609 libertos
1999 537 2353 636 denique,
2378 563 2460 610 ac
2488 565 2731 612 servos

603 665 807 738 tuoS‚
852 664 938 719 ut
973 646 1244 719 scida²4
1291 672 1380 719 ne
1426 672 1574 744 qua
1608 647 1969 743 depereat.
2019 652 2200 721 Nam
2233 665 2306 720 et
2340 652 2585 746 graecis
2620 651 2732 721 his

605 759 842 846 libris,
886 782 1073 855 quos
1108 758 1471 854 suspicor,
1524 770 1597 827 et
1634 755 1908 844 latinis,
1963 782 2150 854 quos
2189 759 2337 829 scio
2378 758 2580 829 illum
2618 785 2731 831 re-

604 870 931 966 liquisse,
966 866 1146 938 mihi
1167 866 1637 937 vehementer
1669 891 1857 964 opus
1884 881 2010 937 est.
2037 872 2189 964 Ego
2221 882 2459 938 autem
2491 873 2729 965 quoti-

604 980 721 1049 die
744 978 966 1073 magis
981 1031 1001 1064 ‚
1033 974 1234 1074 quod
1252 974 1430 1045 mihi
1449 974 1541 1046 de
1564 974 1834 1048 sorensi
1853 975 2101 1048 labore
2124 992 2264 1048 tem
2274 980 2470 1074 poris
2494 978 2730 1065 datur,

603 1089 791 1159 iniis
829 1086 1084 1158 studiis
1107 1086 1569 1182 conquiesco.
1597 1089 1731 1157 Per
1759 1086 1978 1174 mihi,
2017 1112 2183 1184 per,
2214 1087 2541 1183 inquam,
2577 1112 2734 1184 gra-

604 1212 762 1267 tum
791 1194 1046 1267 feceris
1065 1249 1084 1282 ‚
1124 1196 1184 1265 si
1211 1197 1288 1264 in
1326 1193 1468 1266 hoc
1496 1209 1641 1265 tam
1670 1194 1983 1291 ‚diligens
2009 1196 2260 1280 fueris,
2295 1221 2515 1293 quam
2546 1196 2731 1268 soles

603 1310 676 1375 in
715 1304 826 1375 his
874 1301 1127 1390 rebus,
1169 1327 1349 1399 quas
1391 1328 1508 1374 me
1549 1304 1757 1376 valde
1797 1304 1980 1375 velle
2024 1303 2437 1376 arbitraris:
2471 1310 2726 1404 ipsius·

597 1436 746 1510 que
783 1414 953 1482 Paeti
996 1410 1129 1482 tibi
1172 1414 1458 1509 negotia
1493 1412 1968 1501 commendo,
2015 1412 2108 1484 de
2146 1413 2413 1512 quibus
2445 1416 2579 1486 tibi
2613 1416 2731 1488 ille

601 1524 746 1620 agit
782 1522 1122 1593 maximas
1159 1523 1456 1618 gratias3
1493 1536 1567 1592 et
1601 1538 1685 1593 ut
1712 1524 1861 1618 jam
1906 1525 2169 1596 invisas
2211 1549 2382 1612 n03‚
2423 1551 2575 1598 non
2611 1551 2731 1597 so-

604 1633 755 1706 lum
789 1656 1002 1729 rogo,
1043 1630 1174 1703 sed
1215 1633 1430 1702 etiam
1469 1631 1761 1703 suadeo.

673 1851 757 1898 πά.
799 1840 965 1889 Scida.
1008 1841 1107 1888 Alii
1152 1840 1325 1888 volunt
1370 1839 1556 1888 scheda
1597 1858 1626 1889 ι
1713 1842 1874 1890 loenm
1926 1842 2139 1907 appellat
2154 1879 2170 1905 ,
2229 1853 2509 1891 constanter
2556 1844 2734 1908 legitur

599 1936 757 1986 graeeo
789 1914 942 1984 σχίὸη
958 1956 972 1978 ,
999 1931 1047 1966 et
1073 1920 1169 1967 hoe
1196 1935 1222 1966 a
1251 1912 1422 1983 σχεδὸν
1441 1955 1455 1979 ,
1494 1920 1626 1968 unde
1714 1921 1910 1979 scheda,
1944 1938 2118 1984 nempe
2143 1938 2169 1968 a
2194 1937 2355 1985 graeco
2378 1916 2537 1984 σχέδη
2600 1936 2650 1971 et
2675 1941 2729 1971 ea

599 2012 648 2048 et
674 1994 865 2064 σχέδιον
884 2035 898 2057 ,
929 1998 1194 2047 schedium.
1210 1998 1338 2047 Vide
1358 2001 1553 2048 Festum
1572 2000 1625 2046 in
1715 2011 1817 2058 est,
1846 2010 1903 2048 nt
1926 2000 2213 2048 arbitramur
2229 2037 2244 2060 ,
2273 2002 2571 2064 frequentior
2597 2003 2727 2067 apud

600 2078 822 2127 Schedia.
838 2081 1013 2128 Gnav.
1033 2104 1104 2114 -—
1120 2077 1292 2135 Scida,
1322 2079 1402 2126 vel
1425 2079 1623 2134 scheda,
1715 2081 1944 2143 antiquos
1968 2080 2224 2143 scriptura.
2263 2082 2417 2127 Vetus
2455 2080 2590 2144 apnd
2625 2084 2730 2130 Ste-

601 2169 673 2206 est
709 2158 901 2223 plagula
940 2159 1119 2205 chartae
1147 2174 1209 2205 ex
1235 2174 1383 2222 scapo
1413 2158 1627 2212 revulsa.
1718 2159 1864 2222 phun.
1882 2157 1996 2206 cod.
2012 2156 2210 2223 sclqicla,
2234 2158 2341 2206 scil.
2362 2175 2389 2205 a
2410 2156 2552 2223 σχίζω
2567 2194 2583 2218 ,
2606 2162 2732 2207 κίει-

601 2237 781 2300 quibne
802 2236 1169 2285 committebant
1184 2248 1370 2284 veteres
1388 2236 1628 2300 quidquid
1718 2236 1857 2294 dere,
1905 2253 2049 2300 qnam
2084 2238 2221 2283 vocis
2249 2237 2483 2300 originem
2518 2238 2599 2285 alii
2629 2256 2731 2286 mn-

601 2333 665 2362 ex
677 2326 894 2379 tempore
910 2316 1380 2375 commenubantnt,
1392 2327 1449 2363 nt
1459 2332 1626 2363 emen·
1714 2315 1852 2374 lunt3
1878 2325 1927 2362 nt
1945 2315 2129 2363 Charis.
2150 2331 2201 2380 p.
2225 2316 2427 2365 Puuch.
2452 2319 2533 2373 81,
2547 2317 2733 2377 scribit,

602 2394 770 2442 datum
793 2405 961 2458 postea
979 2430 994 2453 ,
1011 2395 1223 2459 limnqne
1241 2396 1473 2443 severiori
1491 2395 1621 2460 poli-
1711 2405 1768 2442 nt
1785 2409 1890 2452 nos,
1907 2395 2044 2442 scida
2060 2431 2075 2456 ,
2099 2411 2125 2442 a
2157 2395 2308 2442 latino
2334 2395 2566 2444 scindere.
2588 2398 2732 2445 Conf.

605 2485 708 2520 tum
729 2488 855 2536 opus
882 2475 931 2520 in
952 2474 1255 2522 mundiorem
1278 2474 1491 2521 chartam
1510 2474 1624 2521 scri-
1708 2474 1919 2536 Quintil.
1944 2477 1967 2521 Ι
1982 2509 1996 2533 ,
2021 2491 2079 2537 9,
2106 2487 2213 2522 not.
2239 2476 2295 2534 3,
2324 2487 2442 2524 tom.
2462 2478 2513 2535 1,
2530 2494 2583 2540 p.
2604 2492 2730 2533 2⁸03

604 2549 814 2599 berctus.
838 2553 1057 2600 sumn.
1091 2578 1162 2588 —
1196 2552 1520 2600 Contu-ovem
1549 2561 1621 2599 est
1707 2555 1924 2601 etum.
1942 2552 2031 2600 lib.
2060 2555 2153 2613 lv,
2182 2570 2269 2618 91,
2300 2563 2352 2617 4,
2377 2566 2415 2604 t.
2440 2557 2490 2610 Ι,
2522 2572 2575 2621 p.
2602 2557 2733 2616 489,

604 2630 738 2681 vocis
764 2629 1126 2695 orthographia.
1155 2629 1326 2694 Apud.
1355 2630 1490 2680 Rob.
1522 2633 1626 2679 Ste-
1717 2630 1834 2680 edit.
1854 2642 2052 2681 nostre.
2076 2633 2169 2681 En.

600 2707 818 2771 phanum
834 2742 850 2767 ,
879 2709 965 2774 qni
1003 2709 1134 2757 hunc
1170 2709 1332 2773 ipsum
1375 2710 1626 2759 Ciceronis
