3023 4773
684 376 824 450 558
1306 385 1403 453 M.
1455 385 1535 452 Τ.
1588 387 2151 458 CICERONIS

680 503 1100 577 manebunt.
1139 504 1335 577 Nihil
1388 506 1584 577 enim
1635 530 1679 577 a
1735 532 1851 578 me
1912 505 2066 580 fieri
2129 510 2227 579 ita
2279 508 2669 596 videbunt,
2731 529 2811 583 ut

678 615 816 688 sibi
863 619 952 688 sit
995 615 1467 713 delinquendi
1515 617 1743 687 locus.
1802 619 1926 690 Sin
1978 618 2050 688 id
2104 644 2359 716 parum
2406 619 2810 717 profuerit,

675 727 801 799 fiet
834 726 1105 825 aliquid
1135 753 1175 798 a
1220 727 1429 799 nobis
1467 728 1804 798 severius.
1840 734 2020 802 Nam
2059 729 2295 801 adhuc
2328 731 2619 801 lenitate
2646 732 2808 803 dul-

676 863 794 911 ces
821 862 1110 925 sumus;
1141 853 1249 924 et,
1289 853 1374 909 ut
1410 863 1661 935 spero,
1706 838 2128 936 proficimus
2157 840 2625 938 aliquantum.
2664 844 2806 915 Sed

675 970 812 1042 ego
845 944 1060 1031 hane,
1095 961 1179 1017 ut
1214 945 1475 1041 singuli
1517 944 1803 1033 dicunt,
1844 943 2127 1029 ἀνεξίαν9
2157 949 2233 1017 in
2264 972 2497 1018 unum
2530 973 2804 1019 annum

669 1057 1057 1129 meditatus
1087 1081 1272 1128 sum.
1316 1055 1627 1127 Proinde
1664 1082 1941 1155 pugna,
1974 1084 2103 1144 ne,
2147 1058 2416 1155 siquid
2451 1085 2801 1157 proroga·

673 1183 829 1239 tum
857 1169 981 1253 sit,
1016 1167 1249 1262 turpis
1273 1168 1622 1237 inveniar.

764 1283 978 1348 Nunc
1018 1275 1241 1348 redeo
1284 1275 1375 1347 ad
1419 1301 1582 1374 quae
1634 1275 1813 1346 mihi
1866 1276 2186 1348 mandas.
2226 1277 2319 1348 Ni
2366 1274 2806 1374 praefectis¹⁰

669 1386 1110 1460 excusationi
1156 1390 1251 1457 sis
1279 1439 1298 1473 ‚
1348 1410 1536 1482 quos
1591 1386 1828 1473 voles,
1892 1384 2194 1457 deserto,
2254 1389 2418 1457 Non
2470 1412 2597 1458 ero
2656 1402 2804 1459 tam

667 1500 968 1590 μετέωρος
990 1504 1075 1582 ¹¹,
1110 1518 1331 1591 quam
1365 1495 1441 1563 in
1474 1491 1783 1590 Apuleio
1810 1489 1934 1563 fui.
1969 1498 2352 1565 Xenonem
2380 1509 2529 1564 tam
2556 1492 2808 1592 diligo,

665 1627 885 1701 quam
916 1619 1036 1674 tu:
1068 1602 1269 1700 quod
1294 1603 1532 1699 ipsum
1561 1603 1830 1673 sentire
1861 1617 2062 1673 certo
2097 1605 2272 1674 scio.
2310 1602 2524 1700 Apud
2557 1608 2808 1676 Patro—

668 1739 835 1785 nem
861 1725 918 1757 ¹²
953 1729 1027 1786 et
1062 1715 1381 1810 reliquos
1415 1708 1802 1782 barones¹³
1844 1727 1915 1784 te
1952 1715 2028 1783 in
2069 1715 2376 1785 maxima
2407 1716 2637 1810 gratia
2667 1739 2806 1812 po·

663 1826 832 1895 sui:
878 1839 952 1895 et
999 1823 1292 1894 hercule
1346 1822 1604 1891 merito
1657 1834 1787 1892 tuo
1840 1820 1997 1893 feci.
2050 1828 2233 1894 Nam
2289 1824 2465 1894 mihi
2512 1827 2610 1912 is,
2651 1841 2807 1913 ter,

662 1932 881 2018 dixit,
941 1948 1011 2004 te
1054 1932 1416 2028 scripsisse
1469 1929 1560 2001 ad
1615 1955 1721 2020 se,
1776 1932 1955 2002 mihi
2006 1957 2096 2004 ex
2141 1932 2334 2004 illius
2374 1933 2600 2006 literis
2645 1962 2807 2007 rem

657 2046 850 2116 illam
874 2043 935 2099 ¹⁴
957 2068 1147 2115 curae
1176 2042 1430 2128 fuisse3
1452 2042 1654 2141 quod
1680 2045 1744 2113 ei
1764 2057 2178 2140 pergratum
2200 2058 2373 2114 erat.
2403 2043 2543 2115 Sed
2563 2071 2807 2144 quum

657 2161 922 2227 Patron
951 2178 1237 2225 mecum
1262 2155 1550 2251 egisset,
1585 2169 1666 2225 ut
1696 2169 2014 2252 peterem
2049 2180 2088 2224 a
2115 2170 2356 2226 vestro
2378 2161 2806 2255 Areopago,

656 2261 1202 2357 ὑπομνηματισμόν
1225 2257 1287 2303 ¹⁵
1324 2260 1696 2349 tollerent,
1732 2285 1954 2357 quem
1978 2260 2449 2357 Polycharmo
2479 2280 2805 2360 praetore

657 2369 1017 2457 fecerant3
1059 2369 1511 2442 commodius
1563 2372 1793 2441 visum
1842 2384 1949 2442 est
1997 2386 2069 2442 et
2125 2375 2446 2459 Xenoni,
2501 2388 2578 2445 et
2629 2393 2806 2473 post

655 2484 792 2579 ipsi
833 2483 1163 2569 Patroni,
1216 2506 1331 2552 me
1367 2480 1457 2552 ad
1490 2483 1911 2552 Memmium
1957 2482 2307 2571 scribere,
2345 2485 2474 2582 qui
2511 2485 2801 2583 pridie,

655 2616 875 2688 quam
918 2616 1055 2688 ego
1082 2591 1396 2663 Athenas
1424 2594 1620 2680 veni,
1661 2593 2040 2690 Mitylenas
2075 2592 2444 2692 profectus
2477 2612 2670 2681 erat,
2713 2613 2799 2669 ut

655 2705 714 2772 is
752 2702 844 2774 ad
880 2727 1050 2774 suos
1086 2702 1463 2791 scriberet,
1503 2728 1716 2802 posse
1754 2702 1827 2773 id
1856 2727 1984 2774 sua
2008 2705 2382 2776 voluntate
2409 2704 2796 2781 fieti-Non

723 3010 775 3057 9.
806 2979 1016 3049 Ᾰνιξίαν.
1038 2990 1411 3039 Abstinendum.
1440 2993 1560 3039 Hoec
1583 3005 1674 3053 ego
1764 2988 1939 3039 Cicero
1974 2991 2189 3054 reliquo·
2226 2992 2449 3041 Patronis
2481 2994 2704 3055 sodales,
2733 3014 2797 3044 ec

649 3090 752 3125 non
769 3072 947 3122 dubito
964 3088 1054 3138 per
1066 3074 1232 3133 iocum
1251 3090 1279 3120 a
1300 3072 1538 3122 Cioerone
1555 3070 1676 3117 scri·
1761 3070 1977 3131 ejusdem
2005 3083 2150 3120 uecta
2166 3074 2299 3121 velut
2324 3074 2655 3125 contubernio
2675 3080 2796 3140 jum-

652 3155 721 3204 bi.
748 3156 969 3202 muer.
1763 3161 1870 3198 ctos
1898 3154 2136 3200 Patr-ones
2177 3165 2336 3203 vocet.
2365 3158 2433 3203 Ea
2473 3155 2604 3203 enim
2629 3155 2798 3222 figm

728 3250 806 3283 ιο.
833 3236 895 3281 In
906 3229 1172 3297 prefectis.
1197 3228 1430 3292 Vulgata,
1454 3227 1675 3290 quamvis
1762 3241 1949 3280 veteres
1965 3233 2018 3279 in
2046 3234 2227 3281 tnlibns
2251 3233 2324 3281 uti
2342 3236 2610 3287 solennlta
2629 3240 2797 3286 Juve—

651 3322 881 3378 corrupta
903 3312 966 3359 sit
981 3344 997 3370 ,
1021 3310 1189 3374 potius
1213 3319 1583 3371 servetur‚quae
1595 3318 1675 3356 tot
1762 3310 1913 3372 nulia,
1929 3313 2031 3360 Sat.
2049 3313 2112 3370 V,
2129 3322 2251 3377 149,
2277 3315 2505 3365 Virronis
2520 3334 2799 3383 congerm-

652 3397 705 3444 in
730 3393 867 3443 libris
892 3400 1073 3449 exstat,
1096 3403 1242 3452 quam
1265 3403 1330 3435 ex
1354 3387 1523 3452 paucis
1539 3387 1673 3436 dete·
1758 3406 1871 3450 nes,
1908 3407 2115 3454 quorum
2143 3392 2224 3441 ille
2263 3395 2496 3444 sodalitio
2531 3399 2581 3444 in
2613 3397 2800 3462 primis

654 3476 758 3525 rior
780 3472 1118 3522 substituatur.
1146 3469 1326 3516 Gnaev.
1356 3493 1425 3504 —
1453 3467 1522 3514 Ni
1533 3483 1672 3532 prae-
1759 3471 2120 3533 delectabatur,
2139 3489 2363 3538 quotque
2380 3493 2485 3540 pra·
2504 3479 2678 3524 ceteris
2699 3478 2802 3524 ad-

638 3555 803 3621 finxit.
833 3553 914 3599 Sic
939 3551 1030 3598 MS
1069 3548 1218 3597 Bodi-
1246 3549 1431 3611 Popm
1459 3549 1591 3608 conj.
1618 3546 1671 3596 in
1758 3552 1975 3614 amabat,
2013 3552 2241 3600 Vin-ones
2269 3567 2434 3604 vocat.
2462 3580 2487 3597 κ
2505 3557 2656 3604 Virro
2687 3557 2798 3604 sihi

647 3632 891 3699 pmfecee's
916 3629 1166 3678 excusatio
1184 3627 1242 3675 πί
1262 3628 1340 3675 sit.
1359 3629 1408 3676 J.
1436 3631 1498 3676 V.
1525 3631 1574 3675 L.
1758 3642 1806 3679 et
1833 3631 2031 3695 reliquie
2050 3631 2344 3680 Virronibus
2366 3634 2449 3683 ill·
2469 3635 2667 3694 jubebit
2683 3640 2798 3685 1²0-

728 3730 809 3763 11.
835 3710 1099 3777 Μιτίωρος.
1122 3709 1391 3773 Suspensus
1406 3741 1421 3765 ‚
1438 3707 1666 3755 incertus.
1755 3712 1832 3757 ina
1859 3710 1961 3757 dari
1976 3731 2018 3758 ι.
2042 3712 2214 3759 Horat.
2232 3711 2325 3759 lib.
2345 3715 2395 3759 11
2410 3750 2426 3775 ,
2448 3710 2549 3762 Sat.
2576 3717 2802 3775 111,61‚

727 3808 807 3842 ιο.
825 3795 1107 3840 Patronem.
1130 3788 1485 3853 Philooophnm
1504 3789 1671 3852 epicu-
1758 3790 1943 3839 Catieni
1982 3789 2190 3854 collegas
2207 3792 2378 3839 eadem
2405 3795 2594 3841 ratione
2623 3795 2801 3844 catie-

652 3889 803 3920 reum.
1758 3885 1850 3916 nos
1865 3880 2023 3917 vocat.
2031 3872 2080 3918 J.
2093 3872 2380 3934 Rutgersins
2397 3876 2797 3924 Venusinua.

726 3952 810 3998 13.
840 3953 1071 3998 Bar-ones.
1099 3950 1355 4014 Eleganter
1380 3947 1549 4011 «apud
1579 3949 1669 3996 Pa·
1760 3948 2064 4010 23.--Alii‚
2090 3952 2327 3998 Vettones.
2346 3953 2396 4000 J.
2415 3956 2482 4001 V.
2504 3956 2561 4002 1..

651 4045 841 4081 tronem
853 4040 903 4076 et
914 4030 1126 4093 reliquos
1141 4026 1672 4078 Paiones-emendare
1835 4036 1916 4083 ¹4·
1943 4030 2058 4075 Rem
2085 4027 2236 4078 illam.
2254 4031 2372 4079 vid.
2399 4032 2460 4079 nd
2481 4034 2701 4087 Ditm,
2735 4052 2783 4083 1.

649 4110 768 4163 mihi
809 4109 941 4158 visun
981 4124 1104 4156 mn.
1141 4108 1473 4158 Urbaniuime
1508 4118 1668 4157 nutem
1836 4109 1914 4157 15.
1940 4096 2384 4177 Ῠπομνηματιῳόν.
2410 4114 2695 4161 Decretum.
