3023 4773
667 399 807 484 642
1311 401 1406 467 M.
1461 401 1539 466 T.
1588 400 2151 468 CICERONIS

670 523 800 620 qui
836 521 1012 591 mihi
1042 519 1376 592 decretus
1407 534 1630 605 esset,
1669 544 1787 591 me
1817 526 1896 591 C.
1938 520 2166 592 Coelio
2204 523 2539 617 quaestori
2579 521 2804 592 relin-

671 656 898 730 quere
929 655 1286 719 annuum,
1329 627 1596 701 referre
1628 632 1704 702 in
1738 632 2066 700 aerarium
2112 630 2203 701 ad
2237 635 2386 702 H-s
2422 642 2662 718 010193
2703 632 2806 701 in-

671 747 944 844 gemuit
997 761 1243 817 nostra
1294 744 1596 832 cohors,
1649 768 1869 815 omne
1922 743 2102 815 illud
2150 758 2413 842 putans
2468 744 2802 816 distribui

671 856 809 928 sibi
849 870 1229 953 oportere3
1282 871 1364 927 ut
1401 881 1538 953 ego
1583 856 1881 926 amicior
1926 857 2289 927 invenirer
2325 855 2693 954 Phrygum
2732 871 2806 927 et

671 965 975 1037 Cilicum
1015 966 1274 1036 aerariis
1294 1020 1313 1053 ,
1342 989 1561 1062 quam
1593 979 1866 1035 nostro.
1900 964 2038 1036 Sed
2064 989 2180 1036 me
2208 990 2359 1037 non
2392 982 2803 1038 moverunt.

670 1079 848 1145 Nam
890 1090 962 1147 et
999 1099 1157 1146 mea
1194 1075 1347 1145 laus
1387 1074 1587 1173 apud
1632 1100 1749 1146 me
1795 1075 2186 1172 plurimum
2230 1076 2497 1147 valuit:
2542 1102 2680 1149 nec
2706 1093 2805 1148 ta-

674 1210 841 1256 men
881 1184 1278 1281 quidquam
1317 1183 1721 1255 honorifice
1759 1188 1835 1255 in
1866 1208 2308 1283 quemquam
2346 1184 2504 1257 fieri
2533 1188 2806 1285 potuit,

671 1296 869 1392 quod
918 1296 1517 1391 praetermiserim.
1568 1295 1707 1367 Sed
1757 1294 1909 1365 haec
1949 1293 2206 1382 fuerit,
2253 1310 2337 1365 ut
2384 1297 2482 1366 ait
2526 1297 2807 1393 Thucy·

671 1401 917 1487 dides,
964 1398 1185 1480 ἐκὸολὴ
1219 1407 1414 1499 λόγου
1436 1412 1503 1445 ²0
1551 1425 1696 1472 non
1739 1401 2026 1472 inutilis.

767 1516 878 1582 Tu
915 1525 1153 1581 autem
1198 1510 1289 1583 de
1326 1525 1581 1582 nostro
1618 1525 1806 1581 statu
1838 1508 2231 1607 cogitabis:
2263 1512 2620 1608 primum,
2660 1538 2809 1609 quo

671 1619 974 1691 artificio
1025 1636 1357 1693 tueamur
1403 1619 1969 1696 benivolentiam
2018 1621 2351 1708 Caesaris3
2405 1621 2676 1693 deinde
2722 1621 2811 1693 de

672 1732 828 1828 ipso
865 1730 1239 1827 triumpho
1262 1785 1281 1818 ,
1325 1754 1542 1827 quem
1577 1726 1823 1816 vide0,
1864 1730 2000 1799 nisi
2035 1731 2445 1827 reipublicae
2478 1748 2813 1831 tempora

675 1835 1108 1932 impedient,
1148 1841 1498 1932 εὐπόριστον
1520 1845 1612 1904 ⁰¹.
1651 1834 1911 1906 Judico
1938 1849 2181 1906 autem
2210 1862 2442 1934 quum
2471 1865 2561 1910 ex
2592 1840 2817 1911 literis

674 1947 1074 2015 amicorum
1097 1999 1116 2032 ,
1153 1959 1309 2016 tum
1345 1968 1435 2015 ex
1467 1946 2036 2044 supplicatione3
2073 1972 2292 2044 quam
2329 1951 2458 2045 qui
2498 1975 2654 2020 non
2692 1951 2818 2022 de·

670 2058 931 2142 crevit,
1003 2055 1164 2153 plus
1227 2055 1656 2144 decrevit22,
1721 2080 1943 2153 quam
2013 2059 2070 2126 si
2140 2081 2396 2130 omnes
2451 2058 2821 2133 decresset

677 2164 1107 2264 triumphos
1169 2170 1250 2238 Ei
1311 2191 1534 2265 porro
1593 2192 1921 2239 assensus
1985 2181 2094 2238 est
2151 2193 2387 2258 unus,
2444 2169 2824 2242 familiaris

681 2302 920 2362 meus,
965 2278 1359 2366 Favonius3
1401 2277 1580 2348 alter
1624 2280 1881 2365 iratus,
1919 2279 2188 2350 Hirrus,
2232 2284 2414 2351 Cato
2456 2296 2710 2353 autem
2753 2299 2824 2354 et

681 2385 1068 2460 scribendo
1100 2385 1342 2472 affuit,
1384 2404 1460 2459 et
1493 2385 1583 2459 ad
1613 2412 1731 2458 me
1769 2388 1858 2458 de
1895 2392 2252 2461 sententia
2291 2416 2417 2462 sua
2446 2392 2829 2487 jucundis·

682 2502 892 2570 simas
938 2497 1180 2568 literas
1226 2501 1442 2569 misit.
1491 2498 1628 2569 Sed
1667 2511 1911 2568 tamen
1949 2499 2315 2595 gratulans
2360 2502 2541 2571 mihi
2591 2508 2832 2574 Caesar

683 2609 772 2680 de
831 2606 1406 2703 supplicatione,
1468 2607 1873 2704 triumphat
1930 2607 2020 2678 de
2077 2616 2430 2681 sententia
2485 2615 2835 2696 Catonis;

683 2733 826 2790 nec'
849 2715 1094 2789 scribit
1117 2772 1137 2804 ,
1173 2714 1435 2815 quid²³
1464 2718 1585 2789 ille
1618 2720 1987 2789 sententiae
2022 2719 2279 2817 djxerit
2300 2778 2318 2809 ,
2353 2722 2477 2793 sed
2510 2738 2835 2807 tantum,

684 2829 1287 2927 supplicationem
1343 2853 1509 2899 eum
1555 2827 1732 2898 mihi
1783 2853 1934 2899 non
1981 2829 2398 2904 decrevisse.
2445 2832 2706 2905 Redeo
2747 2834 2838 2905 ad

688 2945 1000 3011 Hirrum.
1051 2944 1396 3038 Coeperas
1438 2964 1608 3011 eum
1656 2939 1829 3009 mihi
1874 2939 2198 3037 placare:
2244 2943 2533 3041 perfice.
2585 2945 2841 3017 Haboe

689 3052 1047 3137 Scrofam,
1071 3049 1295 3123 habes
1319 3052 1591 3122 Silium.
1626 3049 1738 3119 Ad
1761 3075 1885 3120 eos
1915 3075 2051 3147 ego
2076 3055 2284 3124 etiam
2307 3072 2517 3127 antea
2548 3061 2842 3182 scripsi,

688 3176 759 3231 et
812 3162 903 3231 ad
957 3164 1198 3259 ipsum
1256 3167 1574 3232 Hirrum.
1631 3165 2016 3257 Loquutus
2066 3167 2257 3235 enim
2311 3181 2464 3237 erat
2518 3191 2698 3236 cum
2753 3169 2847 3237 iis

689 3271 1114 3359 commode,
1153 3296 1228 3343 se
1264 3272 1585 3369 potuisse
1617 3270 2011 3369 impedire,
2045 3274 2171 3347 sed
2202 3276 2554 3365 noluisse;
2592 3302 2848 3348 assen-

768 3511 846 3557 ¹9·
875 3494 1098 3543 Graevius
1125 3494 1327 3559 corrigit
1348 3512 1405 3553 x,
1440 3493 1712 3543 sestertium

693 3573 869 3622 decies.
890 3576 941 3621 J.
961 3576 1028 3625 V.
1058 3577 1113 3623 L.

761 3669 843 3702 ao.
856 3643 1040 3708 ὲκῧολὴ
1052 3652 1211 3723 λόγου.
1223 3652 1472 3701 Orationis
1487 3653 1711 3718 egressio.

698 3792 705 3797 ⁸
761 3746 844 3779 αι.
872 3731 1177 3801 Εΰπόριστον.
1214 3732 1499 3781 Parabilem.
1529 3742 1544 3755 ⁰

762 3826 845 3859 aa.
873 3814 989 3860 Plus
1010 3812 1233 3863 decrevit.
1249 3812 1373 3875 Quia
1390 3847 1404 3869 ,
1420 3828 1570 3875 quum
1591 3810 1710 3858 mihi

690 3889 1095 3951 supplicationem
1112 3908 1213 3940 non
1228 3891 1509 3940 decerneret
1520 3925 1535 3949 ,
1555 3903 1711 3939 tamen

690 3966 739 4011 in
768 3972 1002 4016 sententia
1044 3988 1128 4019 sua
1157 3971 1356 4019 summis
1383 3985 1459 4016 me
1486 3969 1711 4018 laudibus

689 4047 883 4093 ornavit
898 4064 911 4101 ;
927 4065 1077 4109 quum
1101 4049 1285 4098 diceret
1297 4088 1313 4113 ,
1332 4051 1613 4097 innocentia
1631 4066 1714 4114 po-

688 4126 802 4187 tius,
818 4136 861 4172 et
882 4128 1250 4176 mansuetudine
1264 4144 1544 4190 mea‚quam
1565 4131 1613 4175 vi
1630 4130 1711 4177 mi-

1800 3493 1969 3554 litum,
1993 3510 2081 3546 aut
2108 3498 2407 3563 benignitate
2444 3500 2687 3557 deorum,
2717 3518 2848 3566 pro·

1801 3576 2011 3625 vinciam
2041 3594 2143 3625 esse
2179 3590 2429 3626 servatam.
2468 3581 2515 3625 Is
2542 3591 2715 3626 autem
2747 3582 2848 3627 suit

1799 3656 1872 3702 Μ.
1888 3654 2037 3714 Cato,
2058 3656 2190 3704 ntad
2218 3657 2333 3705 Div.
2357 3657 2496 3721 epist.
2523 3657 2701 3715 5‚1i.b
2723 3660 2851 3709 XV.

1800 3733 1948 3781 Mur.

1874 3813 1960 3860 23.
1993 3810 2139 3873 Quid.
2164 3811 2396 3873 Iniuriam
2421 3813 2664 3863 Catonis
2647 3830 2706 3860 m
2719 3829 2850 3878 sup-

1798 3889 2059 3953 plicatione
2071 3907 2175 3937 non
2190 3890 2487 3938 decernenda
2512 3892 2686 3939 Cesar
2699 3908 2847 3938 com·

1800 3980 2061 4027 memorat,
2109 3969 2299 4026 laudes,
2351 3986 2470 4034 quas
2523 3971 2650 4017 mihi
2705 3972 2845 4018 idem

1799 4049 1920 4095 Cato
1938 4065 2026 4096 sua
2047 4050 2281 4098 sententia
2303 4050 2473 4097 tribuit
2488 4084 2503 4108 ,
2538 4050 2846 4099 dissimulat.

1806 4132 1956 4177 lusu.
