3023 4773
560 403 703 501 396
1207 411 1301 477 M.
1354 409 1430 474 T.
1485 404 2035 474 CICERONIS

554 527 680 622 qui
710 524 1004 623 quidem
1037 526 1250 597 etiam
1283 528 1467 597 istuc
1500 520 1835 594 adduci¹³
1871 523 2208 619 potuerit.
2236 523 2418 592 Nam
2443 519 2687 592 adhuc
2740 608 2753 619 ·

555 630 698 702 hoc
746 627 1053 726 ἐσοφίζετο
1074 634 1160 719 ¹⁴,
1214 655 1291 702 se
1330 631 1521 728 leges
1565 630 1853 701 Caesaris
1895 623 2308 724 probare¹⁵,
2363 627 2688 698 actiones

552 742 794 837 ipsum
821 756 1154 838 praestare
1178 738 1482 827 debere3
1511 742 1856 835 agrariam
1882 735 2112 833 legem
2140 733 2277 806 sibi
2296 733 2676 833 placuisse·
2662 790 2684 821 ,

552 848 884 947 potuerit
913 848 1287 934 intercedi,
1330 872 1467 919 nec
1504 871 1640 933 ne,
1678 844 1858 916 nihil
1894 844 1985 915 ad
2028 869 2104 917 se
2148 846 2548 941 pertinere3
2587 841 2682 913 de

554 983 722 1055 rege
774 956 1336 1031 Alexandrino¹⁶
1382 955 1735 1053 placuisse
1789 953 1923 1026 sibi
1962 951 2350 1049 aliquando
2387 948 2675 1025 confici·
2657 1004 2680 1037 ,

557 1067 855 1140 Bibulus
887 1069 978 1141 de
1014 1070 1185 1141 caelo
1228 1082 1383 1139 tum
1420 1080 1797 1154 servasset,
1835 1090 1971 1137 nec
2007 1088 2101 1135 ne
2123 1118 2143 1151 ,
2178 1061 2315 1134 sibi
2352 1086 2677 1159 quaeren-

553 1174 729 1247 dum
779 1202 931 1249 non
983 1176 1245 1265 fuisse3
1289 1174 1381 1247 de
1441 1175 1879 1273 publicanis,
1934 1172 2247 1245 voluisse
2294 1171 2398 1241 illi
2444 1169 2676 1242 ordini

555 1286 1053 1375 commodare3
1090 1286 1267 1384 quid
1304 1285 1634 1358 futurum
1673 1284 1926 1372 fuerit,
1976 1285 2035 1355 si
2071 1281 2367 1353 Bibulus
2412 1297 2565 1353 tum
2605 1282 2679 1350 in

555 1394 793 1466 forum
817 1407 875 1451 ¹⁷
912 1395 1431 1485 descendisset,
1471 1420 1547 1466 se
1574 1395 1892 1466 divinare
1921 1417 2071 1463 non
2101 1395 2442 1489 potuisse.
2468 1393 2683 1460 Nunc

554 1528 763 1592 vern,
799 1507 1392 1602 Sampsicerame,
1431 1504 1609 1602 quid
1650 1502 1891 1575 dices?
1925 1502 2226 1598 vectigal
2260 1515 2332 1571 te
2367 1497 2579 1570 nobis
2606 1500 2680 1567 in

555 1628 804 1686 monte
835 1613 1324 1687 Antilibano¹⁸
1361 1616 1815 1686 constituisse
1836 1668 1856 1702 ,
1886 1613 2036 1708 agri
2065 1611 2411 1707 Campani
2443 1606 2681 1679 abstu—

554 1724 767 1794 lisse?
800 1724 976 1821 quid
994 1779 1013 1813 ,
1049 1726 1191 1797 hoc
1217 1722 1833 1822 quemadmodum
1862 1718 2224 1792 obtinebis
2240 1728 2300 1774 ¹9
2321 1718 2349 1787 Ρ
2373 1722 2685 1816 Oppres-

556 1857 674 1904 sos
706 1859 870 1921 vos,
908 1837 1170 1932 inquit,
1203 1833 1472 1907 tenebo
1507 1836 1828 1905 exercitu
1851 1830 2165 1903 Caesaris.
2202 1832 2367 1901 Non
2398 1827 2682 1897 meher-

558 1943 719 2013 cule
759 1969 875 2015 me
919 1959 1000 2015 tu
1042 1944 1342 2041 quidem
1380 1958 1525 2014 tam
1567 1945 1705 2014 isto
1744 1942 2098 2023 exercitu,
2132 1962 2352 2036 quam
2389 1938 2685 2034 ingratis

555 2055 808 2124 animis
853 2080 1106 2126 eorum
1153 2055 1570 2140 hominum,
1627 2055 1750 2150 qui
1804 2049 2258 2149 appellantur
2292 2045 2467 2119 boni
2499 2075 2515 2117 ε
2552 2046 2682 2142 qui

554 2163 734 2233 mihi
761 2189 910 2235 non
927 2165 1148 2236 modo
1170 2167 1628 2263 praemiorum
1645 2218 1664 2251 ,
1689 2162 1816 2233 sed
1836 2187 1927 2233 ne
1945 2183 2362 2232 sermonum
2388 2156 2679 2255 quidem

553 2296 904 2368 umquam
928 2272 1243 2345 fructum
1273 2274 1532 2360 ullum,
1552 2276 1990 2371 autgratiam
2014 2269 2442 2341 retulerunt.
2463 2266 2678 2358 Quod

555 2379 617 2450 si
650 2383 725 2449 in
758 2406 912 2452 eam
947 2409 1062 2454 me
1081 2378 2174 2481 partem²⁰incitarem,profecto
2196 2380 2343 2475 jam
2366 2378 2678 2475 aliquam

553 2492 945 2587 reperirem
986 2493 1366 2564 resistendi
1404 2496 1609 2564 viam.
1654 2496 1868 2565 Nunc
1906 2516 2201 2589 prorsus
2244 2489 2386 2560 hoc
2429 2490 2682 2573 statui,

555 2612 671 2684 ut,
710 2603 1050 2695 quoniam
1090 2616 1287 2673 tanta
1323 2605 1813 2675 controversia·
1847 2617 1956 2673 est
1992 2599 2445 2682 Dicaearcho,
2483 2596 2684 2669 fami·

552 2709 707 2779 liari
754 2724 917 2798 tuo,
958 2735 1125 2782 cum
1167 2714 1696 2812 TheophrastO,
1732 2713 1963 2782 amico
1998 2736 2201 2798 meo,
2235 2724 2319 2780 ut
2354 2708 2473 2780 ille
2512 2722 2681 2779 tuus

553 2822 662 2886 τὸν
688 2822 1016 2911 πρακτικὸν
1037 2829 1098 2862 ²¹
1144 2821 1272 2907 βίον
1311 2818 1526 2916 longe
1558 2816 1893 2891 omnibus
1925 2831 2355 2914 anteponat,
2393 2814 2513 2886 hic
2550 2839 2678 2886 au-

553 3010 665 3058 qnae
698 3007 782 3044 sut
820 2997 931 3044 ferri
963 3014 1068 3046 non
1101 3000 1319 3065 possint,
1345 3008 1431 3047 snt
1465 2998 1571 3063 ipse
1660 2996 1884 3044 stercoris
1909 2995 2193 3062 superfusus
2218 3005 2310 3044 est.
2334 2995 2465 3044 Plut.
2492 2996 2547 3044 in
2572 2995 2679 3044 Cst.

551 3090 655 3123 non
675 3076 832 3140 possit
856 3078 1109 3141 consequi.
1134 3080 1354 3127 Enntsr.
1658 3077 1823 3126 eon.

627 3157 708 3204 13.
740 3159 873 3203 Istuc
896 3157 1093 3205 adduci·
1119 3157 1343 3214 Adduci,
1375 3167 1432 3203 ut
1467 3155 1571 3218 agri
1736 3156 1814 3202 18.
1851 3158 1912 3202 In
1944 3165 2107 3201 monte
2138 3151 2441 3201 Antilibano.
2477 3156 2539 3201 In
2571 3152 2682 3200 lon-

553 3235 787 3298 Campani
836 3235 1125 3283 divisionem
1139 3269 1154 3293 ‚
1200 3251 1299 3281 rem
1344 3233 1568 3298 turpissi-
1658 3233 1852 3297 ginqnis
1870 3233 2147 3296 regionibus
2167 3230 2372 3295 vectigal
2389 3232 2578 3281 dedisse
2596 3247 2682 3296 po·

553 3326 704 3370 mam,
717 3324 764 3361 et
782 3313 1062 3377 reipublicae
1075 3312 1281 3359 maxime
1297 3312 1570 3371 exitiosam,
1657 3311 1779 3377 pulo
1806 3328 2030 3370 romano,
2049 3311 2369 3359 domesticum
2390 3311 2642 3359 abstulisse
2661 3314 2682 3358 ἓ

553 3390 726 3442 Caesari
743 3390 1017 3456 gratificans
1039 3390 1284 3455 probaret.
1311 3393 1460 3440 Mur.
1657 3392 1732 3437 De
1777 3403 1943 3440 monte
1984 3390 2275 3440 Antilibano
2318 3391 2448 3440 Plin.
2484 3393 2549 3448 V,
2592 3406 2679 3439 πο.

630 3478 711 3525 14.
729 3461 994 3536 ἐσοφίζετο.
1012 3470 1357 3531 cavillabatur,
1369 3480 1418 3519 et
1433 3481 1567 3519 astn-
1659 3470 1835 3518 Strabo
1861 3470 1949 3519 lib.
1974 3471 2115 3519 XVI.
2148 3470 2246 3518 Hic
2271 3469 2485 3534 intellige
2509 3470 2572 3517 de
2598 3485 2680 3518 ve-

551 3549 615 3596 tis
637 3550 1032 3598 excusationibus
1053 3549 1300 3598 utebatur.
1657 3549 1820 3613 ctigali
1836 3554 1867 3600 J
1871 3550 2019 3598 udaeis
2036 3561 2086 3598 et
2104 3551 2380 3614 Coelesyriae
2399 3551 2651 3615 imposito.

627 3630 708 3677 15.
726 3630 913 3678 Victor.
934 3651 955 3673 ι
969 3630 1073 3679 si...
1087 3628 1365 3695 probaret».
1379 3630 1412 3676 J
1415 3630 1501 3677 .V.
1514 3630 1568 3676 1..
1732 3645 1753 3675 ι
1765 3644 1814 3690 9.
1843 3628 2099 3677 Obtinebt's.
2122 3629 2390 3677 Excusabis
2408 3664 2422 3690 ,
2439 3629 2650 3677 tneberis
2664 3662 2680 3687 ,

626 3708 709 3755 16.
725 3709 1079 3758 Alexandrino.
1090 3709 1157 3756 Ut
1166 3707 1569 3756 rexAlexandriae
1654 3717 1712 3756 ut
1731 3707 1951 3756 homines
1973 3724 2075 3756 non
2094 3708 2464 3773 reprehendant.
2488 3711 2644 3756 luxu.

549 3785 835 3834 Ptolemaeus
877 3788 1169 3852 cognomine
1206 3787 1405 3836 Auletes
1438 3804 1465 3835 s
1493 3805 1566 3835 se-
1726 3802 1811 3835 20.
1836 3789 1897 3834 In
1920 3789 2447 3852 campartem.Cont1-a
2469 3799 2567 3834 tam
2589 3787 2685 3834 ini-

552 3875 670 3912 nstn
695 3874 742 3911 et
766 3865 954 3929 populo
978 3883 1183 3915 romano
1207 3867 1372 3915 socius
1397 3865 1566 3931 appel·
1653 3881 1795 3928 quam
1817 3881 2082 3929 paucorum
2102 3866 2503 3917 dominationem.
2527 3868 2682 3934 Iunas.

549 3944 742 3991 latetur.
762 3944 886 3991 Coes.
909 3944 995 3991 lib.
1018 3948 1091 3992 111
1110 3946 1171 3993 de
1189 3947 1247 3993 B.
1265 3947 1376 3995 civ.
1399 3947 1546 3993 ΜΛΝ.
1655 3969 1721 3981 --
1751 3945 1881 3993 LV.
1904 3946 1957 3991 L.
1983 3945 2034 3992 in
2063 3961 2141 3992 ea.
2166 3944 2428 3993 Mendose.
2444 3945 2536 3992 En.
2612 3935 2615 3936 ⁷

625 4037 702 4082 17.
728 4019 986 4083 Infimtm.
1009 4024 1122 4084 Quo
1146 4023 1456 4073 descendenti
1481 4024 1560 4071 Bi·
1721 4039 1807 4070 21.
1833 4022 1922 4072 Τὸν
1958 4021 2231 4090 πρακτυιόν.
2263 4025 2458 4081 Vitam,
2489 4039 2600 4087 qna:
2629 4025 2682 4071 in

546 4100 665 4150 bulo
701 4100 828 4149 inter
864 4109 1045 4148 ceteras
1086 4102 1284 4162 injurias
1319 4102 1562 4166 cophinus
1651 4101 1797 4150 rebus
1818 4103 2042 4166 gerendis
2069 4114 2300 4151 versatur.
