3023 4773
1947 253 1964 280 ἰ

571 429 698 499 132
1208 427 1303 497 M.
1354 427 1429 495 T.
1490 428 2054 500 CICERONIS

558 551 744 623 forte
782 550 1153 621 accidisset
1176 604 1195 637 ,
1233 552 1473 621 statim
1520 550 1759 620 literas
1813 552 2258 646 nuntiosque
2306 550 2692 621 missurum

562 685 736 732 esse.
777 664 1181 756 Quumque
1211 683 1300 730 eo
1338 661 1581 730 animo
1627 659 2022 748 venissem,
2067 674 2150 730 ut
2192 663 2483 757 utrique
2516 685 2691 758 pro-

558 773 806 842 vinciae
824 825 844 856 ,
861 774 916 840 si
942 772 1041 840 ita
1059 784 1350 867 tempus
1376 767 1600 841 ferret
1619 824 1639 857 ,
1662 768 2118 841 subvenirem
2148 798 2163 839 ε
2193 783 2348 841 tum
2371 770 2470 858 id,
2491 770 2696 867 quod

554 882 703 976 jam
746 895 914 952 ante
958 894 1384 967 statueram,
1421 879 1888 951 vehementer
1930 882 2276 952 interesse
2312 882 2693 978 utriusque

558 994 1020 1089 provinciae9,
1048 1015 1303 1088 pacare
1321 997 1800 1078 Amanum,et
1827 1007 2264 1089 perpetuum
2290 990 2574 1063 hostem
2602 1017 2694 1063 ex

558 1127 646 1172 eo
687 1116 936 1173 monte
973 1101 1266 1189 tollere,
1304 1125 1519 1198 agere
1552 1105 1859 1198 perrexi.
1892 1103 2290 1199 Quumque
2324 1126 2442 1173 me
2482 1102 2694 1174 disce·

555 1211 728 1284 dere
763 1211 856 1283 ab
896 1236 984 1283 eo
1021 1225 1273 1282 monte
1314 1211 1761 1283 simulassem
1784 1265 1804 1298 ,
1848 1224 1920 1281 et
1955 1210 2124 1282 alias
2162 1225 2400 1309 partes
2434 1211 2694 1284 Cilicia:

553 1338 846 1421 petere‚
907 1321 1379 1419 abessemque
1429 1320 1522 1392 ab
1572 1324 1852 1392 Amano
1906 1320 2044 1392 iter
2095 1321 2314 1391 unius
2366 1319 2547 1408 diei,
2621 1336 2697 1391 et

553 1446 780 1503 castra
808 1431 1002 1529 apud
1028 1431 1527 1529 Epiphaneam
1556 1428 1883 1502 fecissem
1912 1458 1926 1499 :
1956 1456 2017 1502 a.
2045 1430 2115 1502 d.
2153 1446 2494 1529 quartum
2531 1430 2708 1503 idus.

552 1539 931 1628 octobres,
988 1564 1221 1637 quum
1266 1539 1929 1638 advesperasceret,
1978 1540 2314 1637 expedito
2370 1541 2696 1611 exercitu

551 1657 650 1722 ita
673 1667 896 1723 noctu
919 1655 1055 1722 iter
1079 1648 1246 1737 feci,
1273 1663 1435 1720 uta.
1468 1649 1535 1719 d.
1567 1649 1855 1720 tertium
1883 1648 2047 1719 idus
2074 1647 2438 1733 octobres,
2462 1671 2692 1747 quum

556 1764 965 1847 lucisceret,
997 1764 1077 1830 in
1122 1769 1481 1832 Amanum
1524 1759 2038 1832 adscenderem
2078 1788 2094 1829 :
2145 1759 2696 1858 distributisque

553 1871 984 1945 cohortibus
1005 1885 1077 1942 et
1097 1869 1401 1957 auxiliis,
1420 1893 1652 1966 quum
1676 1869 1824 1940 aliis
1843 1870 1931 1958 Q.
1950 1867 2194 1954 frater,
2214 1869 2485 1966 legatus
2499 1925 2518 1950 ,
2538 1894 2697 1941 me-

554 2008 721 2054 cum
742 1983 995 2068 simul;
1028 1979 1182 2050 aliis
1203 1983 1280 2050 C.
1296 1980 1778 2077 Pomptinius,
1796 1978 2102 2075 legatus3
2123 1978 2420 2075 reliquis
2439 1983 2536 2050 M.
2560 1984 2698 2051 An-

550 2094 760 2165 neius
778 2146 798 2177 ,
827 2105 900 2163 et
928 2093 1006 2160 L.
1033 2088 1310 2160 Tullius
1332 2100 1418 2176 ¹⁰,
1445 2089 1658 2186 legati
1685 2104 2109 2186 praeessent:
2144 2088 2531 2187 plerosque
2555 2116 2701 2164 nec

549 2205 933 2301 opinantes
971 2203 1465 2299 oppressimus
1487 2254 1506 2287 ,
1544 2200 1674 2296 qui
1709 2201 1926 2272 occisi
1970 2204 2306 2298 captique
2340 2215 2541 2289 sunt,
2586 2202 2703 2271 in-

502 2317 505 2320 ’
553 2312 845 2384 terclusi
882 2308 1070 2409 fuga.
1099 2315 1410 2381 Eranam
1443 2323 1712 2397 autem,
1745 2334 1906 2407 quae
1939 2308 2077 2381 fuit
2105 2336 2257 2382 non
2285 2314 2421 2382 vici
2448 2313 2700 2407 instar,

557 2423 688 2494 sed
729 2421 969 2505 urbis,
1032 2420 1232 2517 quod
1288 2436 1440 2492 erat
1492 2426 1746 2491 Amani
1800 2436 2049 2519 caput,
2099 2423 2419 2519 itemque
2470 2428 2700 2522 Sepy-

555 2558 748 2620 ram,
811 2546 885 2602 et
930 2533 1389 2617 Commorin,
1439 2536 1696 2602 acriter
1735 2546 1811 2603 et
1849 2533 1975 2603 diu
2019 2532 2704 2631 repugnantibus¹¹,

556 2641 969 2742 Pomptinio
997 2640 1190 2710 illam
1219 2656 1500 2738 partem
1514 2644 1768 2712 Amani
1793 2657 2121 2729 tenente,
2145 2667 2238 2714 ex
2265 2642 2703 2716 antelucano

558 2771 930 2851 tempore,
1002 2774 1242 2847 usque
1302 2749 1392 2822 ad
1461 2751 1719 2839 horam
1789 2752 1932 2824 diei
2003 2752 2384 2839 decimam,
2438 2777 2708 2851 magna

559 2860 1031 2935 multitudine
1069 2859 1390 2931 hostium
1424 2865 1656 2931 occisa
1677 2914 1697 2948 ,
1718 2863 2080 2958 cepimus;
2109 2862 2540 2960 castellaque
2573 2887 2705 2933 sex

558 2989 765 3072 capta
786 3000 805 3060 3
823 2970 1197 3070 complura
1216 2969 1693 3042 incendimus.
1716 2973 1840 3041 His
1859 2970 2076 3044 rebus
2100 2977 2197 3044 ita
2214 2974 2452 3071 gestiS,
2469 2987 2708 3045 castra

560 3088 635 3155 in
664 3080 1034 3165 radicibus
1065 3083 1325 3153 Amani
1360 3078 1747 3151 habui-mus
1792 3081 1986 3180 apud
2029 3107 2184 3154 aras
2223 3082 2608 3156 Alexandri
2630 3096 2701 3129 ¹²

557 3192 1076 3293 quatriduumt,
1114 3204 1186 3261 et
1214 3195 1289 3259 in
1316 3190 1637 3288 reliquiis
1668 3192 1924 3261 Amani
1957 3192 2281 3264 delendis
2301 3247 2321 3281 ,
2365 3198 2706 3291 agrisque

554 3303 953 3388 vastandis,
990 3324 1152 3397 quae
1199 3323 1366 3396 pars
1408 3302 1567 3395 ejus
1610 3303 1883 3372 montis
1918 3326 2093 3373 meae
2125 3305 2509 3399 provinciae
2545 3319 2657 3377 est
2680 3362 2703 3394 ,

554 3416 631 3486 id
665 3431 953 3512 tempus
984 3435 1199 3483 omne
1233 3414 1834 3511 consumpsimus.

628 3601 678 3646 9.
720 3582 977 3646 Utriusque
1015 3578 1299 3646 pmvineioe.
1342 3579 1497 3643 Syriae
1533 3592 1583 3629 et
1673 3582 1787 3629 dum
1809 3594 2133 3647 repugnantes
2163 3601 2182 3631 .-
2221 3596 2547 3633 verumtamen
2570 3584 2705 3634 nihil

553 3662 756 3711 Ciliciae.
778 3662 862 3707 Est
875 3660 1004 3707 enim
1019 3661 1251 3708 termium
1264 3658 1389 3706 inter
1401 3670 1583 3707 utram·
1608 3712 1612 3718 ,
1671 3672 1825 3709 muto.
1843 3662 2153 3727 Subintelligi
2176 3665 2490 3729 enimpoteot
2505 3699 2519 3724 ,
2549 3664 2710 3713 hosti-

554 3759 678 3807 que,
713 3751 762 3788 et
791 3739 984 3802 utrique
1012 3739 1317 3800 communis,
1349 3754 1583 3801 aquarum
1672 3742 1789 3801 bus,
1817 3741 1898 3789 vel
1922 3742 2111 3806 aliquid
2133 3744 2243 3792 tale.
2265 3747 2426 3793 Lnn.
2447 3771 2519 3782 —
2537 3747 2706 3809 Repu-

553 3822 770 3873 divortio
791 3819 993 3867 divisus.
1016 3820 1105 3882 Ep.
1128 3836 1188 3868 xo
1208 3818 1298 3867 lib.
1320 3821 1385 3867 11.
1402 3821 1549 3867 Mu«.
1667 3820 1953 3885 guantibus.
1987 3822 2100 3871 Sela.
2143 3834 2257 3888 post
2296 3822 2514 3871 Lambin.
2556 3840 2707 3889 mpu-

629 3917 709 3949 ro.
734 3900 776 3945 T
774 3897 931 3946 allisas.
957 3896 1180 3961 Plerique
1202 3899 1317 3959 alii,
1353 3899 1583 3948 Tulleius,
1670 3911 1899 3965 gnanus.
1930 3903 2026 3951 En.
2699 3940 2704 3949 .

549 3984 850 4045 ——Sepyram
868 3987 917 4023 et
942 3977 1234 4027 Commorin,
1251 3980 1326 4026 De
1344 3979 1418 4027 his
1440 3979 1583 4039 locis,
1748 3996 1826 4027 ια.
1856 3983 1986 4030 Aras
2015 3982 2309 4031 Alexandri.
2328 3981 2493 4045 Vulgo
2522 3985 2662 4033 Issus
2684 4004 2704 4033 .-

548 4062 680 4127 apud
701 4067 885 4105 veteres
908 4056 1233 4120 geographos,
1254 4057 1377 4105 nihil
1397 4070 1573 4108 exstat.
1668 4075 1768 4124 quo
1789 4059 1849 4108 de
1871 4062 2060 4126 oppido
2082 4059 2256 4110 Strabo
2272 4061 2363 4110 lib.
2385 4064 2475 4112 IV.
2499 4063 2707 4116 Curtius

621 4158 641 4188 ι
661 4156 700 4189 ι.
724 4133 1134 4202 Repugnamibus.
1160 4137 1368 4184 Videtur
1404 4137 1573 4201 legen·
1664 4139 1750 4188 lib.
1778 4141 1873 4189 111.
