3023 4773
699 430 1239 499 LEONARDI
1302 431 1957 500 MALAESPINAE.
2257 428 2394 502 255

269 550 744 618 admonendum
768 549 1044 632 videtur,
1074 572 1195 613 nos
1222 549 1515 615 officium
1547 550 1814 637 quidem
1846 552 2260 633 correctoris,
2282 553 2400 616 sed

266 656 458 721 sicubi
491 654 655 743 quid
685 654 848 717 mihi
874 670 986 717 aut
1014 654 1144 718 mei
1175 655 1493 718 similibus
1529 653 1887 719 dilucidum
1927 656 2142 721 minus
2175 673 2273 722 est
2301 658 2397 720 vi-

264 786 400 826 sum
426 810 444 843 ,
475 762 580 824 vel
619 760 699 824 ab
734 760 872 823 aliis
905 760 1220 824 omissum
1253 759 1278 847 (
1303 782 1521 848 neque
1546 759 1720 823 enim
1755 776 1971 824 actum
2006 784 2193 849 agere
2226 763 2401 826 vole-

261 867 559 954 bamus),
613 867 716 931 vel
767 867 951 930 aliter
996 888 1071 929 ac
1114 867 1276 930 mihi
1319 866 1649 931 videretur
1699 865 2112 954 explanatum
2132 915 2151 949 ‚
2206 870 2397 932 etiam

260 974 639 1063 expositoris
655 987 1047 1059 exsequutos
1068 992 1225 1036 esse.
1253 975 1656 1061 Argumenta
1675 972 1744 1035 in
1767 971 1967 1067 libros
1987 972 2276 1062 singulos
2295 997 2401 1037 ea-

259 1102 401 1143 rum
429 1101 684 1159 rerum,
710 1100 854 1165 quae
875 1076 1214 1141 historiam
1241 1093 1499 1142 tantum
1533 1077 1794 1141 illorum
1827 1093 2201 1165 temporum
2220 1102 2243 1153 ,’
2263 1101 2398 1143 non

259 1185 448 1248 etiam
480 1206 583 1248 res
616 1184 895 1270 privatas
929 1180 1447 1271 domesticasque
1489 1183 1897 1264 contineant,
1946 1183 2350 1248 confecimus
2382 1207 2397 1247 ε

257 1290 487 1354 moniti
515 1289 581 1352 in
615 1289 844 1377 primis
868 1337 887 1371 ,
924 1289 1209 1352 Cornelii
1228 1289 1504 1376 Nepotis
1538 1289 1788 1370 verbis,
1820 1311 1965 1376 quae
1994 1304 2150 1353 sunt
2180 1289 2248 1353 in
2272 1290 2398 1353 vita

259 1396 473 1477 Attici,
499 1393 582 1459 de
606 1418 688 1459 eo
716 1396 806 1458 sic
829 1394 1094 1484 scripta¹
1118 1416 1135 1459 ε
1173 1427 1193 1447 κ
1214 1396 1632 1482 Quamquam
1656 1418 1807 1458 eum
1832 1396 2156 1484 proecipue
2178 1394 2402 1460 dilexit

252 1532 277 1557 ι
306 1504 569 1583 CicerO,
619 1517 697 1565 ut
723 1524 808 1565 ne
831 1501 1031 1566 frater
1056 1501 1323 1590 quidem
1353 1502 1412 1565 ei
1439 1502 1732 1584 Quintus
1762 1504 1972 1566 carior
2002 1503 2198 1566 fuerit
2218 1552 2235 1584 ‚
2285 1520 2401 1568 aut

251 1641 277 1665 ι
302 1610 697 1675 familiarior.
730 1610 808 1674 Ei
839 1612 932 1673 rei
961 1626 1118 1676 sunt
1141 1608 1407 1688 indicio,
1428 1626 1662 1698 praeter
1692 1596 1805 1675 eo's
1829 1611 2133 1694 libros,in
2156 1613 2396 1700 quibus

253 1749 280 1772 a
312 1717 396 1781 de
416 1740 497 1780 eo
527 1716 679 1780 facit
705 1717 1136 1798 mentionem,
1153 1717 1267 1805 qui
1296 1716 1364 1779 in
1389 1718 1623 1805 vulgus
1642 1717 1775 1798 jam
1799 1734 1955 1781 sunt
1970 1717 2148 1799 editi,
2174 1717 2395 1782 sexde-

252 1855 277 1877 «ι
307 1825 432 1886 cim
456 1822 791 1887 volumina
814 1822 1239 1910 epistolarum
1279 1822 1362 1886 ab
1395 1824 1737 1887 consulatu
1774 1822 1913 1902 ejus
1944 1845 2154 1911 usque
2180 1822 2264 1888 ad
2287 1847 2398 1888 ex-

249 1962 275 1998 ει
301 1946 588 1994 tremum
614 1944 874 2017 tempus
897 1928 979 1992 ad
999 1929 1289 1993 Atticum
1322 1929 1698 1993 missarum:
1727 1952 1870 2017 quae
1898 1925 2013 2016 qui
2043 1929 2232 2018 legat,
2262 1953 2395 1993 non

249 2067 275 2091 ι
303 2035 587 2099 multum
635 2033 961 2099 desideret
1007 2035 1347 2099 historiam
1395 2050 1767 2098 contextam
1820 2035 2081 2098 illorum
2146 2051 2398 2124 tempo·

247 2173 275 2197 «ι
302 2163 476 2205 rum.
510 2141 617 2205 Sic
646 2141 823 2204 enim
854 2141 1076 2205 omnia
1102 2141 1187 2205 de
1221 2140 1452 2206 studiis
1478 2140 1849 2227 principum
1869 2186 1887 2220 ,
1919 2140 2088 2205 vitiis
2116 2139 2357 2204 ducum
2378 2190 2397 2222 ,

248 2280 274 2305 α
300 2248 776 2314 mutationibus
821 2248 1191 2337 reipublicae
1237 2230 1592 2335 perscripta
1634 2263 1825 2329 sunt,
1867 2263 1942 2310 ut
1981 2247 2145 2310 nihil
2189 2249 2257 2312 in
2296 2248 2400 2312 his

245 2384 270 2411 a
300 2377 438 2442 non
465 2370 802 2444 appareat3
831 2370 898 2419 et
927 2354 1109 2420 facile
1137 2354 1486 2419 existimari
1513 2354 1718 2442 possit
1738 2401 1756 2436 ,
1784 2352 2196 2442 prudentiam
2230 2376 2401 2442 quo-

247 2491 272 2517 «
297 2460 661 2527 dammodo
692 2484 833 2526 esse
871 2460 1358 2527 divinationem.
1374 2461 1435 2525 N
1439 2483 1526 2525 on
1562 2462 1740 2525 enim
1770 2461 1999 2526 Cicero
2036 2482 2111 2524 ea
2145 2461 2393 2542 solum,

243 2599 268 2623 ·
290 2591 443 2656 quae
476 2568 625 2632 vivo
658 2589 728 2632 se
760 2568 1140 2633 acciderunt
1160 2615 1178 2648 ,
1215 2567 1435 2632 futura
1468 2565 1798 2655 praedixit,
1833 2565 1951 2631 sed
1981 2566 2207 2649 etiam,
2248 2589 2394 2654 quae

243 2704 266 2729 α
294 2697 482 2738 nunc
518 2695 646 2737 usu
682 2674 995 2756 veniunt,
1030 2674 1290 2756 cecinit,
1316 2690 1393 2737 ut
1423 2687 1600 2736 vates
1619 2661 1666 2736 κ’.
1705 2673 1856 2737 Haec
1897 2673 2043 2754 ille3
2088 2695 2234 2760 quae
2267 2671 2400 2736 huc

243 2803 324 2843 eo
367 2779 680 2843 libentius
710 2762 1053 2861 transtuli,
1099 2794 1178 2844 ut
1226 2777 1307 2843 ad
1354 2780 1594 2842 horum
1643 2778 1987 2843 lectionem
2034 2777 2354 2842 librorum
2378 2824 2398 2857 ‚

241 2887 571 2950 animatus
605 2886 1056 2950 vehementius
1091 2887 1214 2968 sis,
1250 2886 1488 2966 lector,
1537 2882 1714 2948 unde
1747 2883 2063 2973 intelligas
2098 2900 2198 2966 te,
2257 2905 2394 2946 non

241 2990 449 3056 modo
476 2991 909 3079 eloquentiam
929 3038 949 3071 ,
977 2992 1291 3079 latinique
1324 2989 1643 3055 sermonis
1674 2987 2060 3077 puritatem,
2091 2988 2203 3053 sed
2232 3011 2393 3076 pru-

238 3098 534 3162 dentiam
556 3120 823 3186 quoque
854 3114 919 3162 et
945 3097 1324 3185 sapientiam
1345 3120 1536 3187 posse
1567 3095 1825 3160 referre.
1848 3096 2061 3181 Atque
2086 3094 2194 3157 hic
2223 3092 2382 3156 mih1

144 3235 147 3239 “
237 3203 484 3268 modus
518 3202 798 3292 finisque
839 3205 924 3269 sit
956 3203 1349 3292 praefationis
1384 3226 1568 3269 meae.
1612 3205 1803 3268 Anno
1843 3201 2216 3278 MDLXIII.

318 3430 366 3463 ι.
400 3414 527 3477 Cap.
549 3413 699 3471 xv1,
724 3427 837 3476 pag.
853 3427 981 3474 277,
1002 3420 1181 3460 nostra
1206 3409 1463 3469 editionis,
1489 3422 1540 3460 et
1564 3410 1768 3473 hujusce
1790 3411 1892 3462 vol.
1913 3426 2025 3476 pag.
2049 3416 2147 3465 aaa
2169 3423 2281 3472 sup,
2303 3408 2397 3455 En.
