3023 4773
615 424 750 507 324

1251 409 1345 488 M.
1393 416 1468 486 T.
1527 421 2084 489 CICERONIS

609 550 837 644 legem
881 543 972 613 de
1026 540 1306 613 ambitu
1355 538 1618 624 serret3
1663 536 1878 635 q'uam
1931 541 2049 612 ille
2088 540 2287 611 bono
2310 538 2375 596 ‘⁷⁶
2418 543 2742 637 auspicio

607 655 907 729 claudus
929 653 1153 724 homo
1176 650 1680 748 promulgavit.
1703 655 1807 719 Ita
1827 652 2113 721 comitia
2140 652 2215 720 in
2251 666 2416 720 ante
2442 649 2632 720 diem
2666 678 2737 719 vi

604 768 740 837 kal.
791 778 968 836 sext.
1019 761 1237 832 dilata
1286 774 1477 831 sunt.
1531 762 1715 831 Novi
1761 775 1868 831 est
1915 765 1990 829 in
2038 762 2193 857 lege
2240 760 2416 848 hoe,
2456 776 2572 846 ut,
2611 766 2741 856 qui

606 898 940 946 nummos
989 873 1063 942 in
1122 870 1431 941 tribusw
1491 867 2083 965 pronuntiarit⁷⁸‚
2130 871 2188 940 si
2232 895 2384 940 non
2422 868 2740 955 dederit,

603 988 901 1081 impune
937 984 1063 1066 sit3
1100 983 1208 1051 sin
1245 978 1557 1064 dederit,
1595 994 1712 1067 ut,
1752 979 1994 1076 quoad
2025 983 2248 1067 vivat,
2284 980 2573 1087 siugulis
2604 985 2737 1050 tri-

603 1211 804 1272 gratiam
845 1217 1122 1255 senatorum
1159 1204 1333 1252 multas
1370 1204 1498 1267 ieges
1538 1204 1634 1250 fer·

601 1300 710 1336 rent
732 1323 747 1348 ,
793 1302 903 1349 quae
957 1284 1133 1349 populi
1179 1284 1479 1343 majestatem
1526 1298 1629 1330 non

603 1366 728 1415 nihil
751 1377 955 1413 atterere
979 1364 1286 1412 viderentur.
1307 1364 1531 1409 Testatur
1553 1377 1632 1407 au-

603 1456 700 1493 tem
718 1444 896 1492 Cicero
919 1438 971 1491 in
992 1443 1216 1491 Pisonem
1240 1454 1341 1489 uon
1367 1458 1469 1488 esse
1486 1441 1630 1488 valde

603 1524 828 1586 antiquas
854 1522 962 1570 illas
989 1522 1139 1585 leges,
1169 1533 1226 1569 ut
1263 1528 1372 1585 quae
1409 1519 1631 1567 nondum

605 1613 798 1649 centum
837 1617 993 1648 annos
1026 1600 1296 1665 durassent.
1325 1599 1465 1662 Legis
1493 1598 1633 1646 AEliae

604 1684 762 1744 capita
802 1680 893 1728 tria
937 1680 1152 1726 fuerunt.
1198 1672 1250 1724 1⁰
1278 1679 1349 1725 Ut
1374 1674 1628 1741 auspicato

601 1761 765 1810 omnia
812 1758 985 1808 fierent
1023 1759 1076 1806 in
1107 1758 1334 1806 comitiis.
1365 1748 1421 1804 2⁶
1443 1758 1510 1803 Ut
1541 1756 1631 1804 ob-

605 1840 915 1888 nuntiatione
949 1839 1075 1887 facta
1107 1837 1447 1884 dirimerentur
1472 1836 1628 1882 eomi-

603 1922 685 1968 tia.
733 1915 788 1967 3⁰
823 1920 889 1966 Ut
922 1917 1127 1966 liberum
1153 1928 1278 1964 esset
1304 1914 1630 1975 intercedere,

603 1999 783 2063 quibus
808 1996 1141 2046 intercedendi
1163 1996 1243 2056 jus
1267 2006 1389 2043 erat.
1407 1995 1523 2041 Erat
1544 2004 1627 2041 au·

605 2092 702 2126 tem
729 2075 1060 2125 intercedendi
1078 2074 1231 2140 juspd
1252 2073 1489 2138 populum
1514 2071 1630 2120 solis

600 2158 807 2208 tribunis
843 2156 1003 2221 plebis
1038 2154 1228 2219 legibus
1272 2153 1472 2201 sacratis
1514 2169 1630 2199 con-

604 2248 810 2285 cessum.
824 2235 962 2299 Legis
979 2232 1128 2282 Fufiae
1146 2243 1294 2296 caput
1311 2246 1461 2279 unum
1484 2231 1631 2279 fuisse

606 2316 742 2364 docti
762 2316 1039 2363 existimant
1054 2347 1070 2374 ,
1090 2329 1152 2360 ne
1172 2313 1307 2360 fastis
1331 2309 1500 2358 diebus
1517 2322 1629 2357 eum

606 2394 794 2462 populo
811 2406 1050 2460 ageretur.
1061 2393 1306 2456 Quoniam
1326 2392 1476 2454 igitur
1492 2391 1631 2438 vitle-

603 2476 685 2523 bat
741 2477 935 2522 senatus
981 2473 1253 2536 urgendum
1299 2486 1400 2518 esse
1448 2470 1629 2517 malum

608 2554 743 2602 istud
765 2538 1046 2601 ambitionis
1065 2586 1080 2608 ‚
1104 2563 1153 2599 et
1178 2555 1381 2598 nascens
1405 2560 1507 2599 esse
1537 2567 1626 2597 cu-

608 2632 812 2681 randum
832 2666 847 2691 ,
875 2631 941 2680 ob
977 2630 1192 2694 pericula
1221 2630 1350 2676 varia
1378 2644 1488 2692 qun
1515 2644 1629 2677 mo-

605 2723 703 2760 ra‘m
729 2709 869 2774 sequi
893 2709 1183 2758 videbantur
1197 2741 1213 2765 ‚
1236 2707 1422 2772 placuit
1440 2710 1628 2756 senatui

606 2792 686 2840 illa
701 2791 866 2838 omnia
885 2789 1057 2837 toliere
1068 2823 1083 2848 ,
1099 2803 1210 2851 qun
1229 2786 1470 2834 latoribus
1487 2799 1628 2834 nove

603 2872 724 2935 legis
752 2871 813 2918 de
837 2867 1026 2915 ambitu
1052 2866 1262 2930 aliquam
1290 2881 1474 2913 momm
1500 2864 1631 2912 vide-

605 2952 784 3000 bantur
808 2957 953 3012 posse
976 2947 1164 2995 afferte.
1183 2946 1343 3008 Quam
1363 2944 1630 3008 prudenter

603 3033 700 3080 hoc
718 3048 745 3078 a
769 3031 939 3076 senatu
957 3027 1021 3077 sit
1035 3026 1212 3073 factum
1234 3025 1376 3073 mitto
1395 3038 1627 3087 quarere.

608 3110 737 3158 mad
766 3108 881 3156 dieo
901 3139 918 3166 ,
946 3117 1166 3154 senatum
1193 3104 1438 3168 poeivim
1462 3106 1626 3149 e'xem·

606 3189 693 3254 plo
733 3204 824 3236 suo
865 3185 1075 3235 tribunis
1115 3181 1303 3247 plebis,
1332 3182 1416 3243 qui
1451 3190 1506 3226 ut
1535 3180 1629 3226 im-

608 3267 787 3333 probas
809 3265 939 3330 leges
968 3264 1179 3318 ferrent,
1213 3259 1387 3306 imitati
1418 3268 1536 3305 sunt
1555 3258 1628 3304 sa-

609 3360 741 3396 ctum
782 3346 878 3393 hoc
931 3351 1140 3390 senatus.
1183 3340 1290 3385 Imo
1338 3336 1466 3402 leges
1498 3338 1631 3402 ipsas

610 3427 783 3474 AElism
815 3433 868 3471 ‘et
902 3420 1087 3470 Fufiam
1127 3415 1428 3466 sustuierunt
1453 3432 1465 3465 ι
1492 3416 1631 3481 quod

608 3523 634 3553 a
666 3504 845 3556 Clodio
875 3505 1046 3567 postea
1073 3499 1254 3546 factum
1284 3506 1375 3545 est.
1399 3495 1455 3543 In
1485 3509 1630 3560 quem

609 3587 783 3633 Cicero
808 3593 905 3629 tam
931 3579 1106 3628 acriter
1121 3610 1137 3637 ,
1162 3578 1263 3624 'tam
1289 3585 1417 3639 sepe
1440 3575 1505 3623 ob
1535 3575 1630 3624 hoc

613 3669 770 3728 ipsum
817 3660 1054 3708 invehens
1073 3692 1089 3716 ,
1131 3670 1234 3704 non
1287 3654 1462 3702 dubito
1508 3657 1629 3718 quin

611 3757 738 3805 sepe
765 3754 1051 3803 responsum
1071 3735 1238 3782 tulerit
1254 3750 1281 3780 a
1303 3731 1505 3789 Clodio,
1526 3734 1633 3780 imi-

613 3820 799 3870 tatione
826 3828 1018 3865 senatus
1044 3832 1096 3863 se
1121 3812 1229 3861 illas
1265 3812 1394 3876 leges
1418 3813 1631 3876 primum

613 3898 880 3962 neglexisse
897 3930 911 3954 ,
960 3893 1137 3942 deinde
1176 3893 1440 3940 sustulisse.
1486 3893 1631 3939 Tanti

614 3990 685 4027 est
712 3979 764 4025 in
793 3973 1040 4039 republica
1075 3972 1198 4019 nibil
1235 3972 1520 4027 admittere,
1554 3970 1632 4017 vei

614 4058 748 4124 quod
788 4056 852 4101 sit
889 4052 1139 4099 minimum
1177 4061 1349 4098 eontra
1391 4051 1538 4116 leges.
1567 4048 1631 4096 Τὸ

611 4139 706 4212 γὰρ
746 4129 883 4202 παρὰ
914 4128 1102 4197 μικρὸν,
1128 4139 1185 4175 ut
1212 4129 1390 4192 passim
1420 4128 1632 4175 incolent

1724 1204 2080 1269 Philosophus,
2116 1203 2198 1258 τὴν
2227 1200 2444 1253 διάνοιαν
2469 1205 2741 1272 παραλογί-

1721 1280 1871 1337 ζεται.
1900 1286 1983 1331 Est
2009 1295 2168 1332 autem
2191 1284 2273 1332 hie
2296 1283 2571 1351 σαρκασμὸς
2604 1285 2743 1347 quasi

1723 1352 1998 1420 Ciceronis,
2016 1363 2100 1425 qui
2126 1362 2267 1410 laude
2284 1364 2543 1410 immortali
2565 1361 2743 1427 dignus

1720 1451 1819 1499 est,
1853 1441 1990 1504 quod
2021 1441 2244 1505 peccanti
2264 1440 2355 1488 hac
2374 1442 2428 1489 in
2451 1452 2586 1505 parte
2604 1458 2741 1488 sena·

1724 1520 1820 1582 tui,
1843 1520 1962 1568 dum
1989 1520 2109 1569 odio
2132 1521 2309 1569 ductus
2335 1523 2461 1570 Cato
2483 1532 2740 1586 properat,

1721 1611 1770 1647 et
1805 1609 1942 1663 urget
1992 1601 2302 1665 propositum
2352 1601 2708 1648 inconsiderate
2729 1634 2744 1657 ,

1719 1677 1825 1741 ipse
1853 1680 2081 1727 comitem
2112 1680 2297 1743 peccati
2330 1696 2382 1727 se
2420 1695 2523 1726 non
2559 1680 2741 1740 adjun-

1718 1759 1822 1819 git,
1846 1767 1896 1805 et
1934 1758 2114 1806 bonam
2143 1775 2335 1808 causam
2376 1758 2564 1807 mavult
2601 1759 2739 1807 dese-

1721 1852 1844 1893 rere,
1856 1853 2001 1899 quam
2020 1838 2188 1901 inique
2206 1848 2254 1885 et
2273 1850 2443 1886 contra
2463 1837 2589 1901 leges
2611 1838 2740 1885 illam

1721 1916 1863 1963 tueri.
1900 1917 2105 1964 Jocatur
2149 1918 2295 1979 igitur
2340 1917 2389 1963 in
2436 1919 2709 1964 Lurconem
2727 1953 2743 1973 ,

1720 1994 1807 2058 qui
1820 2010 1969 2057 quum
1983 1995 2182 2041 servatis
2193 1996 2421 2059 auspiciis
2434 2013 2496 2044 ex
2514 1995 2743 2059 legeAElia

1720 2075 1876 2122 factus
1914 2084 2040 2121 esset
2071 2074 2295 2121 tribunus
2328 2075 2516 2137 plebia,
2541 2092 2644 2122 eam
2667 2076 2739 2123 le·

1721 2169 1857 2217 gem,
1882 2168 1970 2216 per
2003 2168 2150 2215 quam
2190 2154 2293 2216 ipse
2329 2164 2453 2201 esset
2487 2153 2741 2211 tribunus,

1719 2231 1878 2278 solvat
1922 2246 1937 2278 ε
1972 2247 2075 2279 non
2103 2242 2199 2278 tatu
2226 2231 2332 2294 ipse
2368 2231 2570 2294 quidem
2596 2248 2741 2295 quam

1720 2321 1936 2367 senatus,
1974 2311 2062 2373 qui
2097 2322 2145 2359 et
2180 2310 2286 2373 lege
2309 2303 2516 2374 utraque
2547 2312 2667 2358 AElia
2694 2323 2743 2360 et

1719 2389 1855 2438 Fufia
1883 2390 2102 2438 solverit.
2129 2390 2347 2439 Castus.

1795 2472 1877 2531 76.
1910 2473 2045 2517 Bono
2067 2469 2305 2534 auspicio.
2326 2469 2609 2537 Βίρωνικῶς.
2630 2472 2745 2519 Non

1719 2551 1849 2597 enim
1874 2548 2059 2597 bouum
2092 2559 2285 2613 poterat
2313 2565 2415 2597 esse
2443 2551 2549 2610 ejus
2584 2553 2747 2614 auspi-

1721 2630 1880 2686 cium,
1919 2630 2062 2689 eujus
2101 2629 2154 2676 in
2193 2643 2435 2692 corpore,
2475 2641 2560 2676 aut
2599 2632 2745 2677 etiam

1719 2708 1919 2755 nomine
1965 2709 2138 2754 vitium
2182 2719 2322 2755 esset.
2374 2710 2542 2755 Innuit
2582 2720 2745 2756 autem

1718 2786 1941 2844 Clodios,
1955 2787 2059 2833 sive
2082 2787 2322 2837 Claudios
2340 2804 2366 2835 s
2391 2787 2579 2835 claudis
2597 2788 2743 2851 pedi·

1718 2863 1812 2912 bus
1834 2879 2013 2912 nomen
2042 2863 2265 2912 habuisse
2281 2900 2295 2922 ‚
2318 2881 2477 2929 eaque
2504 2867 2565 2913 de
2602 2883 2745 2914 causa

1719 2945 1884 2991 nescio
1914 2943 2034 3007 quid
2059 2944 2173 2991 mali
2215 2945 2394 2992 ominis
2421 2948 2659 2993 exstitisse
2693 2948 2747 2994 in

1720 3038 1889 3071 eornm
1908 3024 2123 3071 nomine.
2136 3024 2372 3072 vitabant
2385 3026 2514 3072 enim
2534 3028 2747 3074 Romani

1720 3101 2020 3166 inauspicata
2051 3103 2275 3159 nomina,
2316 3114 2397 3159 et,
2432 3115 2491 3152 ut
2524 3104 2751 3167 loquitur

1720 3181 1981 3239 Horatius,
2021 3202 2045 3222 σι
2084 3181 2207 3228 male
2262 3182 2472 3229 ominata
2498 3203 2522 3221 ι·
2569 3181 2740 3230 verba.

1720 3261 1920 3308 Bostus.
1953 3286 2023 3296 --
2064 3260 2299 3308 Dissentit
2331 3271 2487 3307 autem
2514 3262 2743 3309 Gronov.

1722 3349 1770 3386 et
1788 3338 2016 3387 claudum
2033 3339 2180 3387 fuisse
2196 3342 2458 3388 Lurconem
2478 3342 2748 3404 opinatur:

1720 3435 1833 3466 nam
1849 3418 1931 3466 lex
1952 3418 2148 3469 Aufidia
2166 3421 2347 3486 perlata
2368 3421 2612 3479 nonsuit,
2628 3421 2745 3469 Clo·

1722 3491 1791 3546 dii
1817 3509 1939 3546 vero
1962 3498 2039 3547 lex
2058 3499 2242 3563 perlata
2271 3505 2359 3548 est.
2388 3501 2564 3548 Joeose
2590 3500 2746 3564 igitur

1719 3578 1896 3626 Cicero
1921 3581 2068 3626 etiam
2094 3579 2186 3628 hac
2207 3580 2396 3628 ratione
2412 3579 2621 3628 solutum
2640 3596 2747 3628 esse

1721 3656 1847 3704 AElia
1864 3656 1971 3720 lege
1986 3659 2257 3706 Lurconem
2277 3660 2362 3719 ait,
2388 3659 2523 3722 quod
2542 3658 2749 3707 claudus

1720 3734 1918 3782 auderet
1944 3735 2101 3798 legem
2120 3736 2183 3784 de
2209 3737 2398 3785 ambitu
2416 3737 2558 3786 ferre.
2581 3740 2676 3787 En.

1792 3830 1877 3875 77.
1904 3814 2034 3875 Alii,
2071 3816 2169 3863 -in
2192 3807 2325 3864 tribu
2344 3839 2386 3863 ι.
2422 3819 2550 3865 J.V.
2572 3821 2625 3865 L.

1795 3893 1877 3952 78.
1910 3894 2267 3942 pronunciarit.
2296 3895 2628 3942 manantium
2653 3897 2749 3943 fre·

1721 3986 1875 4034 quens
1912 3973 1964 4019 in
2005 3972 2096 4020 bae
2139 3985 2193 4020 re
2236 3974 2465 4034 verbum,
2490 3985 2563 4022 est
2586 3986 2747 4023 autem

1722 4050 1849 4098 idem
1891 4065 1947 4099 at:
1985 4051 2352 4116 pollicet-Sed
2379 4071 2532 4118 quum
2558 4055 2751 4119 legibus

1720 4130 2032 4179 interdictum
2058 4142 2183 4179 esset
2210 4133 2511 4195 puemitia-e,
2531 4145 2619 4182 aut
2640 4134 2751 4197 pol-
