3023 4773
1258 399 1354 463 M.
1407 399 1483 463 T.
1540 399 2096 466 CICERONIS

615 520 876 589 blicam
917 521 1331 586 immissum.
1373 520 1619 601 Erra5‚
1655 517 1899 587 Clodi:
1939 543 2087 587 non
2128 533 2196 588 te
2231 519 2507 614 judices
2540 523 2745 613 urbi,

617 630 739 699 sed
771 629 1034 698 carceri
1066 640 1567 709 reservarunt3
1603 650 1841 722 neque
1879 641 1946 697 te
1976 628 2287 698 retinere
2321 631 2394 699 in
2429 626 2742 719 civitate,

615 739 741 810 sed
796 736 1044 808 exsilio
1099 737 1382 832 privare
1438 734 1850 806 voluerunt.
1914 735 2452 825 Quamobrem,
2509 757 2751 837 patres

615 847 1026 943 conscripti,
1043 847 1287 941 erigite
1309 846 1607 933 animos»,
1628 846 1933 917 retinete
1956 861 2264 917 vestram
2296 847 2740 945 dignitatem.

615 963 863 1028 Manet
913 955 1030 1025 illa
1086 957 1160 1024 in
1214 953 1587 1050 republica
1636 953 2000 1026 bonorum
2056 962 2484 1028 consensio:
2536 960 2748 1032 ‹lolor

617 1070 911 1139 accessit
941 1065 1156 1136 bonis
1185 1065 1357 1134 viris
1376 1119 1395 1151 ,
1420 1066 1647 1134 virtus
1675 1091 1824 1136 non
1856 1082 1963 1137 est
1996 1068 2392 1138 imminuta.
2423 1070 2607 1140 Nihil
2637 1088 2748 1143 est

619 1178 862 1248 damni
897 1174 1164 1245 factum
1198 1175 1408 1259 novi3
1449 1174 1575 1245 sed
1616 1176 1817 1270 quod
1861 1193 2011 1247 erat
2036 1231 2054 1261 ,
2094 1177 2469 1248 inventum
2507 1198 2632 1251 est.
2663 1187 2745 1253 111

619 1288 835 1358 unius
889 1284 1203 1353 hominis
1257 1283 1517 1381 perditi
1567 1284 1842 1378 judicio
1895 1287 2137 1384 plures
2184 1290 2444 1360 similes
2486 1296 2751 1391 reperti

620 1411 809 1467 suut.
843 1394 982 1465 Sed
1022 1393 1200 1490 quid
1238 1396 1422 1491 ago?
1460 1420 1664 1493 paene
1700 1398 2201 1467 orationem-in
2239 1400 2612 1496 epistolam
2646 1405 2751 1472 in-

621 1503 901 1578 ctusi52.
957 1504 1199 1575 Redeo
1254 1504 1341 1574 ad
1386 1505 1940 1575 altercationem.
1989 1512 2227 1603 Surgit
2267 1508 2667 1604 pulchellus
2686 1508 2746 1553 ⁵3

619 1642 842 1716 puer:
883 1614 1135 1708 objicit
1170 1613 1393 1698 mihi,
1439 1640 1556 1685 me
1605 1613 1695 1683 ad
1738 1616 1934 1686 Baias
1978 1613 2217 1687 fuisse.
2266 1619 2580 1707 Falsum;
2626 1621 2748 1691 sed

621 1745 862 1799 tamen
918 1729 1045 1822 qui
1101 1725 1287 1795 hoc?
1339 1724 1584 1794 Simile
1636 1738 1779 1810 est,
1827 1725 2162 1821 inquam,
2209 1729 2414 1823 quasi
2452 1728 2641 1799 dicas
2677 1731 2748 1799 iu

622 1851 877 1935 operto
940 1832 1182 1904 fuisse.
1247 1831 1475 1921 Quid,
1541 1835 1817 1929 inquit,
1880 1833 2157 1904 homini
2209 1838 2532 1933 Arpinati
2585 1864 2749 1909 cum

623 1950 830 2043 aquis
867 1942 1133 2015 caldis?
1169 1945 1392 2015 Narra
1416 1996 1435 2030 ,
1469 1947 1767 2041 inquam
1792 1998 1811 2030 ,
1847 1960 2154 2041 patrono
2187 1960 2347 2033 tu0,
2389 1951 2511 2043 qui
2553 1953 2755 2048 Arpi—

627 2071 829 2128 nates
853 2077 1074 2151 aquas
1092 2049 1151 2104 ⁵4
1182 2055 1635 2149 concupivit:
1657 2055 1850 2123 nosti
1876 2056 2069 2124 enim
2096 2056 2424 2125 marinas.
2461 2059 2753 2145 Quous-

619 399 758 467 320

622 2232 780 2290 latus,
816 2228 1028 2277 Paediani
1072 2228 1354 2275 testimonio
1392 2226 1643 2290 probatur.

627 2309 760 2372 Quid
781 2309 962 2372 igitur?
996 2324 1060 2354 an
1082 2307 1145 2354 ab
1181 2307 1384 2354 historia
1426 2307 1650 2354 dissentit

626 2391 828 2440 Cicero?
857 2389 1084 2436 minime:
1106 2386 1190 2434 sed
1206 2404 1356 2450 quum
1377 2385 1648 2442 Catilinam,

628 2470 743 2515 item
765 2479 819 2515 ut
844 2467 1070 2516 Clodium
1084 2501 1098 2524 ,
1119 2477 1288 2513 contra
1311 2466 1439 2528 leges
1457 2465 1653 2513 absolu·

628 2560 732 2594 tum
763 2545 876 2592 velit
909 2543 1208 2608 significare,
1243 2543 1302 2591 de
1330 2544 1485 2592 tribus
1510 2545 1652 2592 abso·

629 2624 900 2674 lutionibus
931 2639 1076 2669 unam
1119 2625 1331 2680 omittit,
1371 2625 1423 2670 in
1450 2624 1652 2671 crimine

628 2705 815 2752 scilicet
842 2704 1075 2755 incestus,
1100 2718 1160 2748 ne
1186 2702 1374 2763 rabian,
1415 2703 1653 2750 Terentia!

630 2783 801 2830 uxoris
827 2798 926 2829 suae
954 2782 1138 2837 sorori,
1167 2792 1356 2854 turpem
1394 2782 1654 2846 impudici-

630 2865 710 2910 tiae
746 2871 912 2908 notam
956 2861 1202 2908 inureret:
1229 2878 1372 2924 quam
1427 2862 1569 2909 etiam
1600 2863 1651 2908 iu

631 2942 851 2989 oratione
887 2951 1056 2986 eontra
1096 2941 1439 3004 competitores
1483 2956 1655 3004 exper-

631 3032 726 3067 tem
756 3019 912 3082 culpae
948 3018 1066 3064 dicit
1110 3019 1271 3065 fuisse.
1304 3019 1541 3081 Loquitur
1565 3020 1653 3081 igi-

631 3115 710 3149 tur
735 3101 796 3148 de
819 3101 876 3145 iis
890 3097 1115 3157 judiciis,
1141 3099 1190 3144 in
1218 3097 1395 3159 quibus
1420 3098 1647 3155 Catilina,

627 3197 779 3244 quum
806 3178 997 3241 culpam
1027 3177 1372 3232 commisisset,
1400 3176 1653 3224 absolutus

630 3273 789 3307 tamen
829 3269 925 3312 est,
952 3255 1326 3319 repetundarum
1371 3256 1555 3303 scilicet
1590 3275 1651 3304 ex

631 3339 795 3385 Africa
819 3348 867 3383 et
895 3336 1020 3382 inter
1046 3335 1259 3380 sicarios.
1278 3335 1469 3398 Quibus
1487 3336 1653 3382 crimi-

533 3425 539 3432 '
634 3419 779 3465 uibus
805 3416 1056 3463 manifeste
1090 3413 1355 3461 tenebatur.
1378 3416 1591 3463 Mutum.

702 3500 781 3544 52.
812 3499 869 3543 In
898 3494 1150 3558 epistolam
1173 3493 1359 3539 inclusi.
1382 3495 1492 3541 Alia
1519 3512 1653 3557 quae-

630 3575 739 3621 dam
772 3575 1005 3622 orationis
1040 3574 1092 3619 in
1133 3572 1358 3620 Clodium
1396 3571 1502 3620 loca
1540 3574 1653 3621 vide

629 3655 755 3701 inter
774 3653 1056 3716 fragmenta.
1079 3654 1173 3700 En.

705 3734 790 3780 53.
821 3731 1104 3779 Pulchellus.
1133 3731 1184 3778 Ρ.
1219 3731 1421 3779 Clodius
1446 3748 1473 3778 e
1506 3743 1647 3793 gente

632 3809 944 3858 Claudiorum
972 3845 986 3868 ,
1024 3810 1110 3872 qui
1154 3811 1354 3857 Pulchri
1393 3810 1643 3860 dicuntur.

633 3889 896 3936 Altercatio
949 3889 1167 3936 mordax.
1224 3889 1426 3938 Clodius
1472 3889 1643 3951 objicit

628 3965 746 4013 mihi
765 3982 840 4012 me
857 3966 918 4013 ad
942 3968 1079 4013 Baias
1105 3968 1265 4016 fuisse.
1293 3968 1387 4014 Sed
1408 3967 1527 4031 quid
1550 3968 1643 4015 hoc

623 4044 792 4106 flagitii
820 4046 926 4090 est?
951 4044 1098 4090 Estne
1122 4048 1277 4094 simile
1297 4083 1311 4105 ‚
1340 4047 1534 4109 inquam
1551 4080 1565 4103 ,
1589 4065 1644 4093 ac

626 4126 664 4170 si
688 4125 816 4171 dicas
837 4140 910 4170 me
935 4123 985 4168 in
1027 4135 1199 4185 operto
1225 4126 1371 4172 Bonae
1399 4127 1510 4173 Deae
1532 4127 1644 4172 suis-

1736 2243 1813 2282 se,
1852 2226 1940 2273 ubi
1984 2236 2037 2273 tu
2075 2227 2400 2290 deprehensus
2436 2245 2486 2275 es
2517 2229 2566 2275 in
2605 2230 2754 2278 domo

1736 2305 1973 2354 Caesaris?
2008 2306 2173 2368 Quid,
2212 2306 2398 2369 inquit,
2442 2308 2530 2354 tibi
2571 2309 2758 2358 homini

1737 2385 1962 2449 Arpinati
1982 2419 1996 2442 ‚
2043 2384 2252 2449 agresti,
2300 2389 2600 2436 semirustico
2645 2406 2758 2437 cum

1739 2465 1907 2512 calidis
1945 2474 1992 2511 et
2034 2464 2322 2527 voluptariis
2358 2467 2497 2529 aquis
2533 2469 2760 2516 Baianis?

1741 2544 1918 2599 Narra,
1958 2543 2190 2605 inquam,
2240 2543 2336 2590 hoc
2389 2558 2600 2609 patrono
2640 2560 2758 2604 tue,

1741 2622 1926 2669 scilicet
1954 2622 2116 2668 sorori
2148 2633 2260 2676 tuae,
2277 2640 2405 2685 quae,
2431 2626 2762 2676 nobilissimo-

1743 2717 1850 2748 rum
1871 2700 2250 2748 adolescentium
2290 2715 2533 2762 scortum,
2561 2717 2607 2753 te
2627 2707 2761 2771 apud

1741 2796 1855 2841 eos,
1886 2793 1940 2827 ut
1972 2791 2232 2844 patronus,
2260 2799 2387 2845 saepe
2417 2784 2647 2835 defendit.
2670 2787 2758 2834 ma

1742 2860 2024 2922 concupivit
2039 2861 2296 2922 Arpinates
2312 2879 2463 2926 aquas
2474 2900 2488 2922 ,
2510 2883 2658 2929 quum
2672 2884 2763 2914 nu·

1742 2938 1867 3001 ptias
1895 2955 2021 2986 meas
2049 2950 2262 3002 peteret,
2289 2952 2341 2987 ut
2368 2944 2527 2992 virum
2564 2959 2760 3009 experta

1743 3016 1838 3063 illis
1865 3034 1915 3064 se
1942 3018 2139 3065 lavaret.
2167 3019 2307 3067 Nosti
2332 3023 2462 3069 enim
2482 3026 2586 3087 ipse
2613 3027 2763 3072 mari-

1742 3112 1850 3152 nas,
1863 3097 2041 3160 quibus
2054 3107 2099 3143 te
2108 3099 2360 3159 perfudisti
2374 3118 2523 3165 quum
2538 3116 2763 3168 stuprum

1742 3190 1909 3237 passus
1956 3194 2007 3223 es
2052 3193 2076 3223 a
2119 3177 2304 3240 piratis.
2326 3182 2438 3229 vid.
2468 3183 2527 3229 de
2550 3186 2758 3248 Harusp.

1742 3271 1867 3318 resp.
1914 3273 1998 3303 20.
2040 3257 2113 3302 De
2149 3257 2277 3303 Baiis
2320 3259 2419 3321 ipse
2464 3261 2559 3322 agit
2581 3262 2759 3309 Cicero

1741 3349 1833 3396 pro
1854 3335 2026 3395 Coelio,
2046 3350 2088 3381 c.
2118 3352 2134 3380 ι
2149 3337 2177 3382 5
2197 3351 2208 3384 ε
2236 3359 2259 3377 «ι
2278 3336 2533 3398 Libidines,
2549 3356 2760 3398 amores,

1741 3413 1972 3461 adulteria
1995 3450 2008 3473 ,
2067 3418 2292 3464 convivia
2311 3451 2325 3474 ‚
2352 3421 2725 3468 comessationes
2740 3457 2756 3481 ,

1742 3505 1941 3552 cantus,
1986 3496 2302 3560 symphonias
2340 3497 2519 3556 jactant
2542 3521 2582 3546 ιι.
2627 3501 2759 3560 Quia

1741 3583 1898 3619 antem
1918 3574 2089 3621 Cicero
2109 3576 2268 3623 villam
2291 3576 2497 3623 habebat
2516 3579 2731 3626 Puteolis
2745 3615 2760 3637 ,

1740 3667 1907 3712 parum
1949 3668 1976 3697 a
2016 3654 2143 3700 Baiis
2185 3656 2471 3711 distantem,
2511 3658 2596 3704 ubi
2634 3675 2763 3722 saepe

1738 3729 2029 3792 diverteret,
2060 3735 2366 3797 amplectitur
2390 3739 2438 3783 J.
2458 3740 2519 3783 V.
2550 3739 2607 3787 1..
2644 3755 2763 3785 con-

1728 3810 1965 3868 jecturam
1980 3813 2187 3860 Munatii
2214 3816 2395 3862 saltum
2424 3833 2517 3879 pro
2534 3816 2724 3880 falsum
2747 3853 2761 3874 ,

1732 3888 1864 3951 quod
1887 3889 2000 3936 satis
2027 3892 2252 3940 Ciceroni
2279 3898 2528 3943 convenit.
2558 3898 2651 3945 En.

1807 3969 1886 4023 54.
1940 3969 2204 4032 Arpinates
2257 3992 2437 4038 aquas.
2497 3978 2605 4022 Hoc
2658 3988 2731 4022 est
2750 4012 2765 4030 .

1735 4049 1925 4110 nuptias
1966 4065 2109 4098 meas.
2149 4052 2233 4098 Sic
2272 4056 2403 4102 enim
2439 4055 2654 4119 appellat
2684 4055 2766 4108 τήν

1735 4126 1977 4177 dovrae-:w
2000 4165 2012 4180 .
2051 4130 2275 4180 alludens
2312 4136 2373 4182 act
2406 4147 2616 4184 veterem
2656 4153 2765 4184 mu-
