3023 4773
651 424 1168 495 EPISTOLAE
1224 426 1355 492 AD
1407 425 1895 512 ATTICUM,
1947 431 2018 510 1,
2083 449 2185 518 17.
2340 422 2464 496 331

363 561 510 619 tes9
549 572 749 646 paene
785 572 823 617 a
859 558 1111 617 senatu
1148 570 1301 617 esse
1334 547 1769 641 disjunctos3
1805 551 1931 644 qui
1961 553 2274 646 primum
2308 546 2483 617 illud

361 656 562 727 valde
617 657 925 753 graviter
984 655 1343 739 tulerunt,
1408 656 1942 753 promulgatum
2006 682 2094 729 ex
2160 671 2486 728 senatus-

362 767 689 838 consulto
733 765 991 850 fuisse,
1037 780 1120 836 ut
1160 766 1252 836 de
1293 769 1419 850 iis,
1459 768 1586 863 qui
1634 765 1729 836 ob
1755 765 2225 862 judicandum
2265 788 2485 865 pecu-

357 878 548 946 niam
586 878 1055 973 accepissent,
1097 890 1563 973 quaereretur.
1601 878 1760 965 Qua
1795 879 1871 946 in
1914 901 1996 946 re
2037 876 2488 947 decernenda

355 1011 589 1083 quum
615 1011 749 1083 ego
775 1010 944 1058 casu
974 1011 1124 1058 non
1151 986 1515 1058 affuissem
1535 1043 1555 1074 ,
1605 989 2130 1082 sensissemque
2167 985 2239 1056 id
2277 1011 2492 1082 eque-

356 1112 578 1168 strem
626 1096 954 1167 ordinem
1013 1095 1198 1167 ferre
1246 1097 1586 1182 moleste,
1637 1122 1874 1193 neque
1911 1112 2156 1193 aperte
2201 1095 2486 1166 dicere:

355 1207 731 1304 objurgavi
776 1222 1142 1291 senatum,
1192 1202 1277 1277 ut
1325 1207 1501 1276 mihi
1546 1209 1733 1277 visus
1773 1230 1973 1292 sum,
2012 1230 2287 1279 summa
2324 1230 2489 1276 cum

359 1319 825 1405 auctoritate3
862 1333 934 1389 et
970 1319 1044 1386 in
1094 1340 1307 1387 causa
1336 1341 1484 1387 non
1532 1316 1939 1388 verecunda
1966 1329 2050 1401 ¹⁰,
2096 1314 2488 1387 admodum

356 1432 586 1525 gravis
638 1444 709 1499 et
761 1431 1101 1524 copiosus
1150 1426 1277 1498 fui.
1336 1432 1521 1498 Ecce
1566 1427 1716 1497 aliae
1762 1427 2106 1499 deliciae¹¹
2160 1429 2487 1522 equitum

352 1540 473 1608 vix
512 1536 855 1623 ferendae,
896 1562 1076 1635 quas
1115 1560 1252 1635 ego
1295 1560 1442 1607 non
1486 1536 1723 1608 solum
1757 1537 1925 1621 tuli,
1967 1536 2094 1607 sed
2132 1539 2347 1606 etiam
2375 1559 2491 1604 or-

358 1649 540 1718 navi.
605 1649 954 1735 Asiani¹²‚
1028 1649 1154 1743 qui
1225 1647 1317 1717 de
1388 1644 1900 1718 censoribus¹³
1956 1645 2489 1730 conduxerant,

357 1760 592 1854 questi
636 1775 808 1829 sunt
851 1760 926 1827 in
975 1772 1269 1843 senatu,
1319 1780 1433 1843 se,
1483 1759 1877 1855 cupiditate
1932 1758 2342 1854 prolaps05‚
2386 1757 2494 1825 ni-

355 1873 583 1940 mium
601 1893 861 1963 magno
878 1868 1307 1939 conduxisse
1325 1895 1343 1953 3
1362 1883 1443 1938 ut
1462 1868 1931 1939 induceretur
1946 1866 2230 1952 locatio,
2256 1880 2495 1963 postu-

357 1978 717 2049 laverunt.
775 1982 928 2072 Ego
982 1978 1316 2072 princeps
1369 1980 1443 2046 in
1492 1977 1983 2072 adjutoribu5‚
2038 1992 2255 2073 atque
2310 1975 2491 2047 adeo

358 2085 758 2157 secund-us:
785 2109 953 2154 nam
975 2138 992 2171 ‚
1022 2098 1104 2153 ut
1131 2083 1233 2153 illi
1254 2083 1601 2163 auderent
1623 2085 1765 2155 hoc
1794 2086 2495 2184 postulare,Crassus

359 2220 484 2266 eos
522 2194 827 2289 impulit.
867 2192 1223 2264 Invidiosa
1265 2218 1378 2266 res
1401 2247 1420 2280 ‚
1465 2198 1697 2290 turpis
1732 2196 2122 2290 postulatio
2148 2250 2167 2278 ,
2212 2211 2285 2266 et
2324 2220 2495 2267 con-

362 2304 577 2375 fessio
634 2305 1067 2374 temeritatis.
1120 2308 1497 2374 Summum
1558 2317 1709 2374 erat
1764 2306 2206 2402 periculum,
2254 2330 2385 2392 ne,
2436 2308 2490 2375 si

359 2415 535 2488 nihil
578 2416 1122 2512 impetrassent,
1167 2415 1378 2512 plane
1408 2415 1892 2487 alienarentur
1918 2442 1959 2487 a
1991 2433 2269 2492 senatu.
2311 2417 2496 2488 Huic

357 2551 657 2623 quoque
706 2528 809 2596 rei
855 2526 1297 2600 subventum
1333 2541 1447 2596 est
1498 2530 1809 2598 maxime
1862 2552 1900 2597 a
1966 2527 2213 2610 nobis;
2259 2527 2493 2627 perfe-

359 2651 824 2736 ctumque,ut
846 2635 1431 2734 frequentissimo
1461 2652 1713 2706 senatu
1744 2651 1812 2708 et
1842 2637 2323 2710 libentissimo
2352 2652 2497 2708 ute-

361 2763 642 2834 rentum
681 2745 1053 2844 multaque
1086 2771 1128 2820 a
1160 2771 1273 2818 me
1311 2747 1402 2818 de
1439 2744 1779 2817 ordinum
1820 2748 2169 2843 dignitate
2205 2764 2278 2820 et
2313 2774 2495 2819 con·

359 2856 603 2928 cordia
656 2856 845 2927 dicta
891 2872 1062 2927 sunt
1118 2856 1257 2927 kal.
1312 2856 1635 2927 decemb.
1692 2872 1763 2927 et
1815 2859 2183 2954 postridie.
2239 2861 2493 2955 Neque

359 2966 596 3038 adhuc
657 2993 772 3037 res
826 2965 1152 3039 confecta
1204 2982 1350 3052 est,
1411 2966 1536 3037 sed
1601 2953 1932 3038 voluntas
1992 2984 2281 3040 senatus
2331 2993 2490 3065 per·

359 3096 600 3178 specta
620 3082 704 3149 14,
748 3084 955 3151 Unus
991 3084 1184 3150 enim
1223 3093 1474 3152 contra
1508 3077 1790 3151 dixerat
1829 3077 2198 3166 Metellus»,
2238 3079 2491 3150 consul

427 3287 480 3332 9.
501 3268 719 3333 Equites.
739 3269 810 3316 Ex
830 3268 906 3315 his
922 3268 1052 3314 enim
1070 3267 1378 3330 potissimum

359 3360 492 3397 erant
517 3348 735 3410 judices,
771 3346 857 3410 qui
887 3345 1117 3395 Clodium
1160 3344 1378 3395 absolve-

355 3440 481 3476 rant.
509 3430 601 3476 En.

433 3524 514 3556 ιο.
561 3509 673 3555 Non
702 3505 1000 3554 verecunda.
1026 3503 1224 3560 Λιτότης
1243 3541 1257 3560 ,
1297 3504 1376 3551 vel

359 3583 681 3652 ἑξουοινισμός.
729 3586 884 3650 Igitur
923 3585 1246 3632 inverecunda
1266 3621 1280 3644 ,
1326 3596 1375 3631 et

357 3666 505 3729 turpi.
535 3665 670 3727 Quid
703 3665 831 3712 enim
872 3663 1095 3728 turpius,
1115 3675 1260 3726 quam
1298 3663 1372 3709 di·

359 3762 495 3803 eere,
529 3759 633 3792 non
657 3759 758 3792 esse
784 3745 1096 3808 quarendum
1117 3742 1178 3790 de
1203 3741 1264 3790 iis
1284 3745 1370 3806 qui

359 3825 423 3871 ob
434 3825 755 3886 judicandum
772 3825 1029 3888 pecuniam
1047 3824 1345 3889 accepissent
1356 3825 1378 3869 ἓ

358 3905 516 3952 Coun.

435 4000 455 4030 ι
472 4002 512 4032 ι.
551 3983 766 4031 Delieiae.
799 3986 862 4033 Η.
886 4000 927 4031 e.
951 3983 1208 4032 insolentia
1239 4000 1372 4046 quae·

359 4063 465 4111 dam
491 4076 542 4111 et
569 4064 793 4126 {niquitas
813 4064 864 4110 in
884 4064 1196 4127 postulando.
1219 4062 1335 4113 sen.

437 4159 515 4190 ιο.
545 4142 734 4191 Asiani.
754 4144 883 4191 Asiae
900 4141 1147 4206 publiani
1164 4178 1178 4202 ‚
1199 4143 1248 4190 id
1274 4153 1346 4190 est
1362 4178 1375 4198 ‚

1467 3267 1673 3330 equites.
1699 3268 1823 3315 Nam
1850 3275 1987 3314 erant
2013 3282 2182 3314 omnes
2202 3266 2490 3330 publicano-

1465 3362 1574 3394 rum
1627 3345 1898 3396 societates
1932 3363 1993 3394 ex
2043 3345 2217 3394 ordine
2261 3348 2489 3409 equestri.

1465 3428 1609 3474 Mn«.

1544 3505 1625 3552 13.
1666 3507 1741 3551 De
1773 3504 2066 3552 censoribus.
2094 3504 2218 3551 Nam
2257 3504 2487 3554 locando-

1466 3598 1573 3630 rum
1601 3584 1909 3647 vectignlium
1933 3599 2049 3631 cura
2086 3600 2235 3647 penes
2262 3602 2487 3635 censores

1465 3672 1581 3709 erat.
1604 3665 1755 3710 Insn.

1546 3753 1621 3799 14.
1654 3746 1924 3807 Pet-specta.
1957 3745 2015 3789 In
2055 3759 2159 3790 enm
2196 3757 2408 3808 partem,
2436 3757 2489 3794 ut

1465 3823 1687 3888 equitum
1713 3825 1836 3870 ratio
1866 3823 2144 3881 ducet-etun
2171 3825 2304 3888 quod
2328 3836 2486 3875 tamen

1470 3905 1649 3952 sactum
1676 3921 1775 3952 nou
1800 3917 1868 3952 est
1885 3941 1898 3962 ‚
1918 3906 2103 3953 Catone
2124 3918 2292 3954 contra
2312 3910 2488 3955 acerri-

1464 3999 1541 4030 me
1586 3995 1864 4048 pugnante:
1911 3997 1987 4043 et,
2036 3996 2087 4034 ut
2137 3987 2315 4044 dicam,
2353 3987 2487 4050 qnod

1466 4062 1584 4109 mihi
1621 4064 1671 4110 in
1702 4076 1909 4112 mentem
1943 4066 2104 4122 veuit,
2134 4067 2183 4113 in
2221 4080 2301 4113 eas
2327 4081 2490 4113 causas

1466 4142 1774 4206 inspicienti,
1809 4145 1986 4207 quibus
2015 4144 2190 4193 afflicta
2216 4143 2487 4208 respublica
