3023 4773
602 375 741 489 49'2

1240 393 1335 460 M.
1387 394 1464 460 T.
1519 393 2101 464 CICERONIS

599 511 914 585 vendere
948 514 1153 583 aiunt
1174 513 1602 610 oportuisse.
1638 511 1780 585 Sed
1805 513 1981 610 quid
2009 513 2101 585 ad
2132 514 2404 585 hoen?
2437 517 2532 596 si,
2569 517 2735 610 qui-

597 622 739 694 bus
772 623 1143 694 sententiis
1168 622 1350 709 dixi,
1377 621 1579 719 quod
1600 636 1672 693 et
1690 625 1825 720 ipsi
1858 623 2288 723 probarent,
2325 625 2534 695 laetati
2553 640 2735 695 sunt

598 748 870 820 tamen,
898 759 1013 804 me
1034 748 1284 804 contra
1298 735 1625 831 Pompeii
1644 733 2088 805 voluntatem
2107 734 2404 805 dixisse?
2429 735 2690 805 Finis¹²
2706 763 2729 804 :

592 843 720 914 sed
755 845 1138 939 quoniam,
1171 845 1299 940 qui
1335 843 1515 916 nihil
1545 857 1885 940 possunt,
1924 847 1975 914 ii
2005 870 2123 916 me
2150 846 2416 916 nolunt
2445 869 2724 932 amare,

599 950 854 1025 demus
909 978 1242 1051 operam,
1295 967 1381 1023 ut
1422 952 1515 1023 ab
1565 952 1689 1039 iis,
1743 955 1872 1048 qui
1926 969 2262 1051 possunt,
2321 953 2726 1049 diligamur.

599 1065 855 1133 Dices:
884 1062 1142 1133 vellem
1166 1061 1624 1158 jampridem.
1662 1065 1826 1134 Scio
1861 1078 1933 1134 te
1961 1062 2305 1150 voluisse,
2339 1079 2411 1133 et
2443 1088 2560 1134 me
2590 1065 2729 1133 asi-

602 1195 780 1242 num
818 1195 1244 1269 germanum
1276 1169 1514 1242 fuisse.
1552 1170 1690 1242 Sed
1709 1170 1857 1265 jam
1889 1186 2309 1269 tempusest
2340 1197 2457 1242 me
2483 1175 2728 1270 ipsum

599 1305 643 1351 a
679 1304 795 1350 me
831 1280 1082 1366 amari,
1122 1279 1418 1376 quando
1454 1280 1546 1352 ab
1578 1281 1716 1351 illis
1741 1281 1948 1352 nullo
1986 1280 2203 1352 modo
2228 1306 2541 1380 possum.
2579 1287 2734 1354 Do-

597 1414 798 1460 mum
826 1413 1085 1477 meam,
1105 1390 1305 1486 quod
1336 1389 1595 1462 crebro
1623 1391 1865 1461 invisis
1884 1386 1971 1478 ¹³,
2008 1405 2115 1462 est
2137 1390 2316 1461 mihi
2342 1391 2544 1463 valde
2573 1417 2735 1488 gra-

602 1517 778 1572 tum.
823 1500 1185 1572 Viaticum
1233 1502 1673 1598 Crassipes¹⁴
1714 1501 2054 1598 praeripit.
2094 1505 2204 1572 Tu
2242 1499 2333 1572 de
2373 1503 2486 1571 via
2532 1517 2736 1574 recta

596 1609 672 1679 in
698 1608 971 1680 hortos
993 1608 1298 1684 Videtur
1317 1607 1377 1654 ¹⁵
1401 1607 1879 1681 commodius.
1920 1608 2032 1681 Ad
2059 1624 2132 1681 te
2150 1663 2170 1698 ,
2211 1610 2560 1708 postridie
2588 1615 2730 1683 sci-

594 1823 631 1854 a
672 1805 832 1854 Vettio
851 1840 867 1862 ,
930 1805 1068 1870 quod
1111 1816 1185 1853 est
1226 1822 1254 1854 e
1297 1807 1388 1854 MS
1429 1806 1616 1856 Faemi.

596 1888 645 1936 J.
661 1889 730 1935 V.
756 1888 815 1934 L.

671 1981 693 2013 x
710 1981 752 2013 ι.
780 1963 881 2010 Sed
910 1961 1034 2026 quid
1053 1961 1128 2009 ad
1147 1962 1279 2010 hoo?
1311 1964 1618 2027 Quamquam

595 2060 651 2093 ea
670 2059 780 2107 quae
798 2040 946 2097 modo
963 2042 1153 2094 narravi
1168 2042 1229 2089 de
1243 2042 1357 2090 villa
1373 2054 1421 2091 et
1438 2043 1616 2100 domo,

598 2124 713 2172 satis
734 2138 977 2187 superque
997 2120 1215 2170 indicant
1229 2123 1422 2170 illorum
1439 2123 1620 2170 malum

599 2203 652 2250 in
672 2218 749 2249 me
767 2201 1010 2260 animum,
1031 2201 1205 2264 exigua
1229 2213 1389 2249 tamen
1412 2213 1552 2260 sunt,
1571 2214 1620 2250 et

598 2298 756 2347 prope
792 2279 1145 2329 contemnenda
1181 2296 1282 2344 prae
1309 2297 1363 2328 ea
1389 2297 1439 2328 re
1473 2297 1620 2343 quam

598 2377 718 2410 mox
751 2361 968 2409 referam.
997 2362 1123 2423 Quia
1159 2361 1289 2407 enim
1319 2376 1348 2408 a
1381 2361 1620 2424 Pompelo

599 2439 864 2506 aliquando
893 2438 1231 2488 dissentiebant
1256 2440 1310 2486 in
1337 2439 1541 2487 dicenda
1569 2441 1621 2486 in

598 2533 771 2570 senatu
792 2520 1028 2570 sententia
1041 2555 1056 2581 ,
1075 2537 1176 2584 quo
1192 2519 1340 2568 fiebat
1363 2530 1420 2568 ut
1438 2520 1479 2568 is
1501 2520 1624 2568 mihi

596 2599 961 2664 quodammodo
983 2599 1200 2649 infensus
1222 2609 1371 2656 esset,
1399 2600 1619 2663 quamvis

592 2678 668 2726 illi
695 2693 798 2725 non
823 2678 1087 2742 probarent
1111 2693 1221 2742 quae
1239 2694 1266 2724 a
1289 2680 1522 2743 Pompeio
1548 2680 1621 2728 di-

596 2766 841 2813 cerentur,
858 2755 945 2805 sed
965 2767 1131 2803 eontra
1150 2773 1339 2805 meeum
1356 2759 1619 2822 sentirent,

596 2846 758 2884 tamen
783 2834 1072 2884 latabantur
1097 2851 1175 2883 me
1201 2852 1256 2884 ea
1288 2836 1350 2884 de
1375 2854 1519 2885 causa
1544 2840 1621 2886 in-

599 2931 793 2964 currere
805 2915 856 2962 in
870 2914 1039 2963 odium
1054 2916 1290 2979 Pompeii.
1310 2919 1434 2979 Quae
1451 2917 1621 2965 laetitia

599 3010 703 3042 non
725 2993 921 3048 aliunde
949 2991 1365 3058 proficiscebatur,
1391 3013 1535 3059 quam
1562 3012 1621 3045 ex

598 3073 758 3132 malo,
783 3083 834 3121 et
861 3072 1032 3120 invido
1056 3073 1255 3122 illorum
1281 3076 1464 3122 animo.
1493 3077 1622 3123 Prae·

598 3153 782 3216 positio
798 3186 812 3209 ,
833 3152 925 3211 ad,
947 3151 1029 3207 hio
1047 3153 1458 3215 comparationem
1475 3153 1623 3215 signi-

597 3232 714 3279 ficat
728 3266 742 3290 ,
764 3243 820 3279 ut
837 3230 971 3294 apud
986 3231 1266 3278 Terentium
1287 3231 1336 3278 in
1354 3231 1620 3290 Eunucho,

597 3334 623 3353 α
640 3323 775 3359 estne
801 3321 857 3357 nt
891 3311 1042 3365 fertur
1065 3310 1249 3360 forma?
1275 3312 1328 3358 P.
1350 3312 1487 3364 Sane.
1510 3313 1618 3360 CH.

598 3412 624 3432 ιι
635 3393 701 3438 At
715 3389 908 3437 nihilad
923 3400 1135 3443 nostram
1147 3388 1297 3436 hane:
1316 3411 1340 3431 ιο
1354 3388 1405 3436 id
1418 3401 1506 3451 est,
1519 3407 1622 3455 pm

600 3482 766 3518 nostra
783 3469 891 3518 hac.
911 3470 1100 3521 Bos.—
1114 3467 1309 3517 Schiitz.
1328 3481 1472 3532 negat
1488 3471 1621 3519 huno

598 3549 760 3597 locum
776 3565 920 3614 posse
933 3549 1220 3613 comparari,
1230 3559 1279 3597 et
1286 3551 1398 3610 conj
1406 3584 1419 3597 .
1435 3570 1455 3594 ι
1466 3549 1590 3613 quid
1600 3551 1623 3598 ι’

596 3628 640 3675 si
667 3629 869 3693 quibus,
900 3639 996 3676 etc.
1018 3650 1043 3672 a
1070 3630 1159 3678 En.

677 3723 756 3756 ια.
775 3707 907 3754 Finis
920 3708 1056 3756 abest
1069 3709 1132 3756 ab
1150 3708 1231 3757 ed.
1254 3711 1399 3767 Rom.
1419 3708 1622 3771 aliisque

600 3785 870 3843 veteribus3
899 3802 989 3834 nec
1016 3788 1268 3851 quomodo
1293 3786 1391 3836 huc
1418 3789 1622 3851 irrepse-

600 3864 696 3921 rit,
739 3865 789 3911 in
832 3877 1040 3914 mentem
1091 3869 1226 3923 venit
1268 3868 1484 3915 Graevio.
1526 3866 1622 3921 Sed

601 3958 754 4006 quum
797 3942 846 3987 in
893 3945 1016 3990 MSS
1056 3946 1284 3993 omnibus
1318 3956 1622 4011 compareat,

604 4038 705 4070 non
744 4019 1004 4068 delendum
1039 4024 1252 4081 videtur,
1291 4025 1427 4088 quod
1462 4035 1621 4073 tamen

600 4101 736 4151 Oliv.
754 4109 804 4147 et
832 4098 937 4147 aliis
960 4100 1116 4148 visum
1141 4114 1229 4149 est.
1254 4105 1416 4153 Graev.
1438 4105 1623 4168 optime

1705 1808 2027 1869 conjiciebat,
2067 1808 2158 1866 sie,
2191 1807 2459 1874 quosdam,-
2488 1809 2732 1860 Tunstall.

1704 1902 1817 1951 pag.
1842 1903 1862 1934 ι
1877 1901 1898 1935 1
1912 1905 1957 1945 ι,
1977 1887 2115 1935 Sinis.
2138 1890 2330 1937 Ernest.
2352 1888 2601 1953 vulgatum
2621 1907 2734 1937 me-

1704 1965 1799 2013 lius
1825 1976 1979 2030 putat.
2005 1965 2202 2015 Schiitz.
2230 1967 2447 2026 dubitat,
2467 1979 2516 2017 et
2537 1969 2730 2017 mallet:

1706 2066 1732 2086 α
1747 2045 1844 2092 Sed
1868 2046 1974 2093 sani
1998 2046 2172 2104 simus,
2194 2057 2244 2095 et
2268 2049 2504 2110 quoniam
2523 2070 2566 2095 υ.

1784 2140 1802 2170 ι
1816 2125 1866 2174 3.
1887 2122 2078 2174 Invisis.
2101 2126 2234 2188 Quid
2254 2127 2323 2185 si,
2342 2126 2548 2174 invises?
2567 2138 2619 2174 ut
2639 2128 2732 2186 sit,

1706 2205 1777 2251 Te
1790 2203 2057 2252 invisurum
2071 2205 2244 2253 scribis
2257 2222 2405 2270 quum
2426 2206 2518 2253 eris
2540 2208 2726 2255 Romae.

1707 2277 1834 2330 Nam
1867 2294 1997 2331 certe
2029 2284 2253 2333 nondum
2288 2285 2486 2333 Atticus
2524 2288 2729 2333 Romam

1707 2372 2004 2426 pervenerat.
2024 2362 2176 2426 Quod
2195 2362 2317 2411 illud
2336 2362 2546 2411 declarat
2562 2364 2731 2429 proxi-

1709 2458 1784 2490 me
1812 2441 2163 2506 subscriptum:
2190 2445 2304 2492 «Tu
2328 2443 2388 2491 de
2415 2443 2494 2490 via
2519 2454 2649 2491 recta
2677 2444 2727 2490 in

1709 2523 1883 2570 hortos
1904 2543 1951 2570 a.
1978 2523 2127 2572 Mu.

1781 2607 1863 2656 ¹4·
1915 2600 2158 2649 Viaeicum
2209 2600 2453 2665 Crassipes
2483 2600 2725 2665 prat-ipit.

1704 2680 1876 2729 Cicero
1892 2715 1906 2739 ,
1938 2692 2053 2745 post
2087 2690 2293 2728 mortem
2320 2683 2375 2730 P.
2402 2681 2618 2740 Pisonis,
2646 2692 2729 2728 σο-

1706 2770 1971 2823 guomento
2031 2761 2175 2825 Frugi
2196 2796 2212 2822 ‚
2264 2759 2526 2808 Tulliolam
2583 2762 2729 2809 Furio

1707 2839 1976 2901 Crassipedi
2002 2875 2018 2901 ‚
2065 2839 2352 2888 Marcellino
2402 2851 2452 2887 et
2499 2838 2732 2904 Philippo

1708 2933 1832 2966 coss.
1857 2916 2133 2965 collocavit.
2173 2918 2229 2966 Ei
2256 2935 2350 2983 pro
2377 2917 2497 2966 dote
2523 2921 2731 2981 pecunia

1707 3006 1808 3044 erat
1833 2996 2126 3045 numeranda
2146 3010 2160 3046 ε
2184 3008 2241 3046 ιιι
2261 2998 2488 3046 Ciceroni
2513 2996 2576 3044 ad
2598 2998 2730 3044 voti-

1706 3091 1817 3122 vam
1841 3074 2157 3139 legationem,
2188 3075 2249 3123 de
2270 3092 2367 3139 qua
2393 3074 2622 3123 obeunda
2649 3090 2736 3123 oo-

1708 3153 1918 3216 gitabat,
1945 3154 2171 3206 viaticum
2193 3156 2552 3219 praeriperetur.
2579 3155 2736 3212 Nam,

1708 3231 1844 3294 quod
1875 3232 2015 3280 villas
2047 3234 2254 3280 invisere
2287 3234 2463 3290 vellet3
2501 3234 2734 3296 quoniam

1707 3311 1762 3357 id
1778 3328 2042 3375 paucorum
2062 3312 2246 3360 dierum
2266 3312 2494 3360 viaticum
2514 3314 2735 3360 futurum

1709 3400 1835 3444 erat,
1868 3400 1921 3436 ut
1947 3390 1998 3436 in
2017 3407 2095 3453 ep.
2119 3398 2148 3445 4
2167 3424 2181 3448 ,
2208 3389 2299 3438 lib.
2324 3393 2371 3437 11
2387 3425 2403 3450 ,
2424 3391 2486 3438 ad
2507 3392 2588 3439 Fr.
2617 3392 2733 3439 ideo

1709 3469 1876 3531 potius
1897 3468 2233 3533 accipiendum
2254 3469 2447 3517 videtur
2467 3470 2529 3517 de
2550 3470 2733 3518 viatico

1710 3547 1992 3610 legationis,
2038 3564 2138 3611 quo
2191 3547 2390 3611 quidem
2437 3565 2562 3613 opus
2607 3559 2734 3597 esset

1705 3625 1838 3674 haud
1858 3626 2025 3691 paullo
2047 3628 2227 3687 majore
2249 3628 2302 3674 in
2317 3627 2581 3677 multorum
2602 3645 2736 3676 men·

1707 3705 1832 3753 sium
1855 3708 2304 3770 peregrinationem.
2325 3710 2475 3756 Intx.

1787 3785 1866 3833 15.
1892 3784 2111 3832 Videtur.
2132 3784 2291 3833 Aliter
2315 3786 2569 3852 distinguit
2593 3790 2732 3839 Mun.

1709 3864 1826 3910 «Tu
1860 3862 1921 3911 de
1957 3864 2035 3913 via
2067 3875 2196 3917 recta
2228 3865 2282 3912 in
2306 3866 2496 3914 hortos.
2523 3866 2735 3915 Videtur

1709 3943 2015 3991 commodius
2047 3945 2109 3991 ad
2148 3955 2212 3992 te.
2253 3946 2494 3993 Postridie
2525 3947 2729 3996 seilicet.

1709 4023 1839 4086 Quid
1872 4025 2001 4072 euim
2036 4035 2113 4071 tua
2130 4025 2152 4072 Ρ
2168 4047 2193 4066 ιο
2220 4026 2442 4089 Explana
2457 4027 2559 4074 sic:
2586 4025 2734 4072 Corn-

1710 4103 1903 4160 modins
1929 4103 2129 4152 domum
2151 4113 2282 4152 tuam
2308 4120 2527 4170 pergere.
2554 4103 2614 4151 Id
2635 4104 2730 4150 sei·
