3023 4773
549 433 1062 503 EPISTOLAE
1112 434 1248 503 AD
1299 433 1796 520 ATTICUM,
1846 437 1936 522 V,
1996 457 2102 530 17.
2241 431 2382 529 569

251 560 439 643 NoS,
470 557 799 628 tametsi²
838 555 980 627 hoc
1011 570 1083 626 te
1117 581 1204 627 ex
1239 555 1391 628 aliis
1426 554 1674 627 audire
1712 556 1940 642 ma10,
1979 557 2081 627 sic
2114 558 2190 626 in
2219 581 2385 654 pro-

250 667 483 737 vincia
519 692 653 739 nos
690 669 1043 763 gerimus,
1086 666 1282 765 quod
1317 666 1409 738 ad
1446 665 1951 738 abstinentiam
1979 670 2271 755 attinet,
2301 680 2383 737 ut

254 774 499 846 nullus
530 779 898 847 teruncius
925 778 1329 848 insumatur
1354 778 1429 847 in
1459 801 1923 873 quemquam.
1951 776 2034 848 Id
2057 775 2140 856 fit
2169 779 2384 856 etiam

252 898 326 957 et
353 884 785 982 legatorum,
822 900 895 956 et
922 885 1387 958 tribunorum
1404 939 1423 969 ‚
1451 900 1523 957 et
1555 884 2058 984 praefectorum
2086 885 2386 983 diligen-

250 993 369 1062 tia.
413 995 592 1064 Nam
631 1015 886 1063 omnes
915 990 1213 1064 mirifice
1249 987 1831 1089 συμφιλοδοξοῦσιν3
1876 992 2119 1089 gloriae
2173 1016 2370 1062 meae.

248 1104 478 1198 Lepta
524 1116 769 1172 noster
808 1099 1156 1173 mirificus
1184 1116 1333 1174 ‘est.
1385 1101 1525 1174 Sed
1570 1121 1768 1172 nunc
1813 1101 2155 1199 propero.
2211 1102 2384 1184 Per.-

249 1209 555 1280 scribam
588 1211 674 1281 ad
711 1227 780 1282 te
817 1213 1064 1308 paucis
1091 1209 1349 1282 diebus
1375 1216 1641 1282 omnia.
1681 1211 2064 1301 Cicerones
2092 1225 2379 1282 nostros

249 1319 630 1415 Dejotarus
680 1319 912 1410 filius,
971 1325 1101 1418 qui
1154 1347 1283 1393 rex
1333 1321 1426 1392 ab
1475 1336 1729 1392 senatu
1776 1318 2170 1418 appellatus
2232 1332 2377 1408 est,

248 1451 492 1528 secum
528 1430 605 1499 in
635 1453 963 1527 regnum.
1004 1435 1198 1506 Dum
1228 1434 1304 1500 in
1334 1432 1594 1502 aestivis
1625 1455 1760 1502 nos
1786 1453 2138 1516 essemus,
2170 1427 2372 1499 illum

248 1539 491 1633 pueris
530 1537 771 1609 locum
819 1564 973 1611 esse
1023 1539 1491 1612 bellissimum
1548 1538 1903 1610 duximus.
1957 1542 2239 1610 Sextius
2282 1538 2375 1609 ad

248 1669 365 1718 me
391 1649 674 1746 scripsit
690 1702 710 1735 ,
734 1672 895 1745 quae
921 1662 1162 1748 tecum
1184 1663 1369 1721 esset
1394 1649 1485 1720 de
1508 1674 1669 1721 mea
1696 1649 2088 1721 domestica
2117 1661 2189 1718 et
2216 1671 2367 1717 ma-

248 1758 441 1850 xima
476 1782 648 1854 cura
684 1759 1058 1856 loquutuS,
1096 1772 1169 1828 et
1211 1759 1387 1854 quid
1425 1759 1560 1830 tibi
1585 1774 1772 1830 esset
1806 1762 2062 1829 visum.
2098 1755 2380 1827 Amabo

248 1857 355 1955 te,
408 1868 750 1944 incumbe
786 1874 862 1939 in
900 1893 1054 1940 eam
1096 1893 1287 1953 rem,
1336 1882 1409 1939 et
1443 1869 1535 1941 ad
1581 1893 1698 1941 me
1753 1867 2024 1956 scribe,
2075 1865 2248 1964 quid
2302 1881 2376 1936 et

248 1979 506 2073 possit,
560 1989 633 2047 et
681 1992 764 2048 tu
799 1981 1148 2060 censeas4.
1202 1975 1403 2048 Idem
1446 1980 1731 2076 scripsit
1777 1980 2242 2050 Hortensium
2282 1977 2372 2047 de

244 2086 714 2185 propaganda
734 2102 983 2160 nostra
1013 2088 1380 2185 provincia
1402 2087 1666 2159 dixisse
1687 2090 1931 2160 nescio
1956 2086 2153 2185 quid.
2187 2084 2364 2156 Mihi

246 2198 326 2269 in
362 2200 690 2268 Cumano
734 2197 1268 2294 diligentissime
1307 2220 1416 2285 se,
1463 2211 1550 2267 ut
1585 2199 1808 2268 annui
1853 2211 2199 2284 essemus,
2244 2194 2372 2266 de·-

245 2305 619 2411 fensurum
656 2323 1042 2408 receperat.
1083 2309 1154 2379 Si
1187 2307 1589 2407 quidquam
1625 2333 1740 2380 me
1762 2331 1987 2409 amaS,
2024 2307 2222 2378 hunc
2260 2305 2365 2377 lo-

244 2444 412 2507 cum
446 2424 681 2492 muni.
732 2423 890 2492 Dici
937 2445 1086 2491 non
1138 2428 1412 2517 potest,
1475 2444 1698 2517 quam
1748 2420 2015 2490 invitus
2067 2442 2108 2489 a
2161 2417 2368 2489 vobis

244 2529 495 2604 absim.
547 2536 637 2602 Et
667 2530 881 2603 simul
918 2529 1104 2601 hanc
1147 2529 1448 2626 gloriam
1473 2531 1764 2625 justitiae
1808 2544 1881 2602 et
1921 2528 2368 2601 abstinentiae

244 2639 401 2714 fore
425 2641 883 2714 illustriorem
915 2664 1131 2738 spero
1151 2694 1170 2728 ,
1203 2641 1262 2711 si
1299 2642 1444 2711 cito
1464 2639 1983 2712 decesserimus
2012 2667 2028 2710 ε
2060 2638 2131 2709 id
2161 2639 2364 2736 quod

243 2751 569 2823 Scaevolae
599 2752 936 2848 contigit,
978 2753 1105 2848 qui
1134 2750 1327 2821 solos
1356 2775 1620 2821 novem
1651 2775 1932 2823 menses
1967 2754 2146 2850 Asiae
2184 2773 2366 2847 prae·

241 2860 406 2933 fuit.
432 2863 702 2959 Appius
734 2877 1008 2949 noster,
1045 2885 1274 2958 quum
1305 2886 1422 2931 me
1450 2860 1834 2933 adventare
1866 2861 2173 2945 videret,
2205 2884 2369 2957 pro-

243 2971 479 3044 fectus
520 2985 626 3041 est
674 2975 974 3041 Tarsum
1029 2997 1263 3069 usque
1316 2971 1688 3043 Laodicea.
1735 2970 1846 3041 Ibi
1903 2968 2144 3040 forum
2192 2972 2371 3067 agit,

240 3107 475 3185 quum
512 3105 646 3178 ego
680 3083 814 3151 sim
845 3084 920 3151 in
956 3086 1365 3179 provincia;
1399 3108 1620 3179 quam
1651 3083 1807 3178 ejus
1847 3080 2181 3179 injuriam
2218 3106 2366 3179 non

240 3196 577 3266 insector.
616 3196 797 3264 Satis
831 3196 1027 3264 enim
1068 3192 1305 3263 habeo
1341 3195 1610 3291 negotii
1645 3195 1716 3263 in
1752 3191 2086 3263 sanandis
2122 3190 2371 3262 vulne-

241 3304 483 3392 ribus,
530 3328 691 3401 quae
727 3317 898 3374 sunt
938 3304 1272 3400 imposita
1313 3305 1697 3399 provincias
1738 3330 1753 3372 ε
1794 3301 2025 3399 quod,
2069 3301 2164 3371 do
2191 3325 2369 3398 ope-

240 3438 433 3503 ram,
471 3429 556 3485 ut
603 3412 855 3483 faciam
907 3436 1128 3509 quam
1170 3415 1464 3485 minima
1500 3412 1691 3485 illius
1728 3411 2184 3483 contumelia.
2226 3411 2366 3482 Sed

240 3523 386 3597 hoc
416 3531 639 3595 Bruto
677 3538 930 3595 nostro
954 3522 1172 3594 velim
1207 3522 1433 3613 dicaS,
1467 3512 1669 3594 illum
1693 3521 1943 3594 fecisse
1969 3514 2119 3593 non
2148 3520 2367 3607 belle,

238 3802 390 3870 poni,
432 3802 567 3866 quod
611 3818 728 3850 mox
765 3804 1120 3868 praeteriturum
1164 3802 1252 3859 sit,
1350 3818 1467 3849 meae
1479 3801 1777 3849 servium.-
1793 3801 2070 3847 Domestica
2084 3812 2131 3847 et
2147 3802 2365 3861 maa-ima

238 3882 410 3931 multis
448 3881 682 3946 exemplis
715 3884 828 3931 satis
864 3893 1083 3940 constat,
1127 3881 1264 3947 quod
1350 3898 1487 3930 cura.
1508 3884 1583 3930 De
1600 3880 1886 3929 collocanda
1907 3879 2025 3930 filia.
2049 3884 2140 3946 Ep.
2161 3890 2188 3939 4
2210 3894 2260 3931 et
2285 3891 2364 3938 14.

241 3962 362 4020 βοὴ.
386 3961 524 4008 vidit.
550 3963 646 4010 Eo.
1066 4022 1073 4027 Δ
1350 3964 1498 4010 Mu«.

315 4059 367 4091 a.
392 4041 477 4091 Al.
506 4041 770 4089 tamenetsi.
795 4044 845 4093 J.
864 4045 926 4092 V.
949 4045 1005 4090 L.
1427 4049 1477 4097 4.
1510 4040 1627 4088 Ern.
1649 4040 1870 4100 conjicit,
1896 4062 1919 4080 υ
1937 4039 2055 4103 quid
2090 4039 2170 4089 ille
2189 4037 2370 4103 possit,

314 4123 368 4170 3.
413 4114 853 4187 Σδμφιλοὸοξοῦσιν.
903 4121 1056 4169 Simul
1102 4122 1267 4184 gloriae
1354 4131 1404 4168 et
1430 4130 1481 4168 tu
1510 4136 1705 4167 censeas
1723 4142 1762 4169 ιι.
1789 4121 1841 4168 J.
1867 4121 1926 4166 V.
1952 4121 2006 4168 1..
