<?xml version="1.0" encoding="UTF-8"?>
<!DOCTYPE html PUBLIC "-//W3C//DTD XHTML 1.0 Transitional//EN"
    "http://www.w3.org/TR/xhtml1/DTD/xhtml1-transitional.dtd">
<html xmlns="http://www.w3.org/1999/xhtml" xml:lang="en" lang="en">
 <head>
  <title>
</title>
<meta http-equiv="Content-Type" content="text/html;charset=utf-8" />
  <meta name='ocr-system' content='tesseract 3.04.00' />
  <meta name='ocr-capabilities' content='ocr_page ocr_carea ocr_par ocr_line ocrx_word'/>
</head>
<body>
  <div class='ocr_page' id='page_1' title='image "./mtciceronisquae01bouigoog_0511.png"; bbox 0 0 3023 4773; ppageno 0'>
   <div class='ocr_carea' id='block_1_1' title="bbox 521 366 2092 457">
    <p class='ocr_par' dir='ltr' id='par_1_1' title="bbox 521 366 2092 457">
     <span class='ocr_line' id='line_1_1' title="bbox 521 366 2092 457; baseline -0.001 -19"><span class='ocrx_word' id='word_1_1' title='bbox 521 366 1035 438; x_wconf 87' lang='lat' dir='ltr'>EPISTOLAE</span> <span class='ocrx_word' id='word_1_2' title='bbox 1086 368 1224 434; x_wconf 84' lang='lat' dir='ltr'><strong>AD</strong></span> <span class='ocrx_word' id='word_1_3' title='bbox 1276 369 1795 455; x_wconf 84' lang='lat' dir='ltr'><strong>ATTICUM,</strong></span> <span class='ocrx_word' id='word_1_4' title='bbox 1844 370 1976 457; x_wconf 88' lang='lat' dir='ltr'><strong>IV,</strong></span> <span class='ocrx_word' id='word_1_5' title='bbox 2029 372 2092 438; x_wconf 80' lang='lat'><strong>8.</strong></span> 
     </span>
    </p>
   </div>
   <div class='ocr_carea' id='block_1_2' title="bbox 560 488 1672 570">
    <p class='ocr_par' dir='ltr' id='par_1_2' title="bbox 560 488 1672 570">
     <span class='ocr_line' id='line_1_2' title="bbox 560 488 1672 570; baseline -0.003 -18"><span class='ocrx_word' id='word_1_6' title='bbox 560 501 697 570; x_wconf 73' lang='grc' dir='ltr'><strong>Σὺκῳ</strong></span> <span class='ocrx_word' id='word_1_7' title='bbox 709 488 777 563; x_wconf 70' lang='lat'><strong>⁸⁸,</strong></span> <span class='ocrx_word' id='word_1_8' title='bbox 804 498 878 570; x_wconf 75' lang='grc' dir='ltr'><strong>μὰ</strong></span> <span class='ocrx_word' id='word_1_9' title='bbox 900 498 988 554; x_wconf 67' lang='grc' dir='ltr'><strong>τὴν</strong></span> <span class='ocrx_word' id='word_1_10' title='bbox 1024 498 1288 568; x_wconf 63' lang='grc' dir='ltr'><strong>Δήμητρα,</strong></span> <span class='ocrx_word' id='word_1_11' title='bbox 1325 501 1465 550; x_wconf 54' lang='lat' dir='ltr'><strong>eum*</strong></span> <span class='ocrx_word' id='word_1_12' title='bbox 1489 494 1603 550; x_wconf 72' lang='grc' dir='ltr'><strong>οὐδί</strong></span> <span class='ocrx_word' id='word_1_13' title='bbox 1628 500 1672 549; x_wconf 65' lang='grc' dir='ltr'><strong>ἔν</strong></span> 
     </span>
    </p>
   </div>
   <div class='ocr_carea' id='block_1_3' title="bbox 2230 369 2357 441">
    <p class='ocr_par' dir='ltr' id='par_1_3' title="bbox 2230 369 2357 441">
     <span class='ocr_line' id='line_1_3' title="bbox 2230 369 2357 441; baseline -0.016 0"><span class='ocrx_word' id='word_1_14' title='bbox 2230 369 2357 441; x_wconf 83' lang='lat'><strong>501</strong></span> 
     </span>
    </p>
   </div>
   <div class='ocr_carea' id='block_1_4' title="bbox 559 592 1134 663">
    <p class='ocr_par' dir='ltr' id='par_1_4' title="bbox 559 592 1134 663">
     <span class='ocr_line' id='line_1_4' title="bbox 559 592 1134 663; baseline -0.012 -16"><span class='ocrx_word' id='word_1_15' title='bbox 559 594 704 646; x_wconf 80' lang='grc' dir='ltr'><strong>Οὕτω</strong></span> <span class='ocrx_word' id='word_1_16' title='bbox 731 593 892 663; x_wconf 75' lang='grc' dir='ltr'>ὅμοιον</span> <span class='ocrx_word' id='word_1_17' title='bbox 920 592 1134 661; x_wconf 76' lang='grc' dir='ltr'><strong>γέγονιν,</strong></span> 
     </span>
    </p>
   </div>
   <div class='ocr_carea' id='block_1_5' title="bbox 240 734 2417 2372">
    <p class='ocr_par' dir='ltr' id='par_1_5' title="bbox 240 734 2379 2038">
     <span class='ocr_line' id='line_1_5' title="bbox 246 734 2367 834; baseline 0 -26"><span class='ocrx_word' id='word_1_18' title='bbox 246 760 465 834; x_wconf 84' lang='lat' dir='ltr'><strong>quam</strong></span> <span class='ocrx_word' id='word_1_19' title='bbox 494 750 601 808; x_wconf 87' lang='lat' dir='ltr'><strong>est</strong></span> <span class='ocrx_word' id='word_1_20' title='bbox 639 737 771 806; x_wconf 83' lang='lat' dir='ltr'><strong>ista</strong></span> <span class='ocrx_word' id='word_1_21' title='bbox 800 736 1148 828; x_wconf 83' lang='grc' dir='ltr'>περίστασις</span> <span class='ocrx_word' id='word_1_22' title='bbox 1170 744 1232 791; x_wconf 84' lang='lat'><strong>¹9</strong></span> <span class='ocrx_word' id='word_1_23' title='bbox 1260 748 1561 804; x_wconf 83' lang='lat' dir='ltr'><strong>nostrae:</strong></span> <span class='ocrx_word' id='word_1_24' title='bbox 1592 735 1707 805; x_wconf 85' lang='lat' dir='ltr'><strong>vel</strong></span> <span class='ocrx_word' id='word_1_25' title='bbox 1733 734 1933 831; x_wconf 88' lang='lat' dir='ltr'><strong>quod</strong></span> <span class='ocrx_word' id='word_1_26' title='bbox 1961 734 2051 805; x_wconf 83' lang='lat' dir='ltr'><strong>ab</strong></span> <span class='ocrx_word' id='word_1_27' title='bbox 2079 736 2331 808; x_wconf 87' lang='lat' dir='ltr'><strong>iisdem</strong></span> <span class='ocrx_word' id='word_1_28' title='bbox 2349 794 2367 826; x_wconf 91' lang='lat'><strong>,</strong></span> 
     </span>
     <span class='ocr_line' id='line_1_6' title="bbox 242 843 2368 944; baseline 0.001 -29"><span class='ocrx_word' id='word_1_29' title='bbox 242 847 357 917; x_wconf 86' lang='lat' dir='ltr'><strong>vel</strong></span> <span class='ocrx_word' id='word_1_30' title='bbox 390 846 589 944; x_wconf 92' lang='lat' dir='ltr'><strong>quod</strong></span> <span class='ocrx_word' id='word_1_31' title='bbox 634 860 889 944; x_wconf 79' lang='lat' dir='ltr'><strong>praeter</strong></span> <span class='ocrx_word' id='word_1_32' title='bbox 925 844 1342 941; x_wconf 86' lang='lat' dir='ltr'>opinionem</span> <span class='ocrx_word' id='word_1_33' title='bbox 1365 898 1383 931; x_wconf 92' lang='lat'><strong>,</strong></span> <span class='ocrx_word' id='word_1_34' title='bbox 1424 843 1539 913; x_wconf 85' lang='lat' dir='ltr'><strong>vel</strong></span> <span class='ocrx_word' id='word_1_35' title='bbox 1574 843 1773 940; x_wconf 89' lang='lat' dir='ltr'><strong>quod</strong></span> <span class='ocrx_word' id='word_1_36' title='bbox 1807 847 1938 914; x_wconf 86' lang='lat' dir='ltr'><strong>viri</strong></span> <span class='ocrx_word' id='word_1_37' title='bbox 1980 843 2156 915; x_wconf 89' lang='lat' dir='ltr'><strong>boni</strong></span> <span class='ocrx_word' id='word_1_38' title='bbox 2202 871 2368 917; x_wconf 88' lang='lat' dir='ltr'><strong>nus-</strong></span> 
     </span>
     <span class='ocr_line' id='line_1_7' title="bbox 246 952 2373 1052; baseline -0 -26"><span class='ocrx_word' id='word_1_39' title='bbox 246 980 484 1052; x_wconf 82' lang='lat' dir='ltr'><strong>quam.</strong></span> <span class='ocrx_word' id='word_1_40' title='bbox 539 959 784 1027; x_wconf 89' lang='lat' dir='ltr'><strong>Unum</strong></span> <span class='ocrx_word' id='word_1_41' title='bbox 827 952 1207 1038; x_wconf 86' lang='lat' dir='ltr'><strong>dissimile,</strong></span> <span class='ocrx_word' id='word_1_42' title='bbox 1253 952 1450 1050; x_wconf 93' lang='lat' dir='ltr'><strong>quod</strong></span> <span class='ocrx_word' id='word_1_43' title='bbox 1508 953 1678 1023; x_wconf 89' lang='lat' dir='ltr'><strong>huic</strong></span> <span class='ocrx_word' id='word_1_44' title='bbox 1728 955 2010 1024; x_wconf 81' lang='lat' dir='ltr'><strong>merito.</strong></span> <span class='ocrx_word' id='word_1_45' title='bbox 2065 958 2244 1024; x_wconf 87' lang='lat' dir='ltr'><strong>Nam</strong></span> <span class='ocrx_word' id='word_1_46' title='bbox 2284 955 2373 1025; x_wconf 87' lang='lat' dir='ltr'><strong>de</strong></span> 
     </span>
     <span class='ocr_line' id='line_1_8' title="bbox 245 1062 2370 1163; baseline 0 -30"><span class='ocrx_word' id='word_1_47' title='bbox 245 1066 403 1163; x_wconf 88' lang='lat' dir='ltr'><strong>ipso</strong></span> <span class='ocrx_word' id='word_1_48' title='bbox 446 1089 612 1136; x_wconf 88' lang='lat' dir='ltr'><strong>casu</strong></span> <span class='ocrx_word' id='word_1_49' title='bbox 643 1066 912 1149; x_wconf 85' lang='lat' dir='ltr'><strong>nescio,</strong></span> <span class='ocrx_word' id='word_1_50' title='bbox 941 1088 1030 1132; x_wconf 87' lang='lat' dir='ltr'><strong>an</strong></span> <span class='ocrx_word' id='word_1_51' title='bbox 1064 1062 1245 1132; x_wconf 91' lang='lat' dir='ltr'><strong>illud</strong></span> <span class='ocrx_word' id='word_1_52' title='bbox 1277 1063 1552 1133; x_wconf 85' lang='lat' dir='ltr'><strong>melius.</strong></span> <span class='ocrx_word' id='word_1_53' title='bbox 1594 1063 1789 1155; x_wconf 89' lang='lat' dir='ltr'><strong>Quid</strong></span> <span class='ocrx_word' id='word_1_54' title='bbox 1821 1065 2011 1134; x_wconf 81' lang='lat' dir='ltr'><strong>enim</strong></span> <span class='ocrx_word' id='word_1_55' title='bbox 2054 1064 2196 1136; x_wconf 87' lang='lat' dir='ltr'><strong>hoc</strong></span> <span class='ocrx_word' id='word_1_56' title='bbox 2240 1066 2370 1134; x_wconf 75' lang='lat' dir='ltr'><strong>mi·‘</strong></span> 
     </span>
     <span class='ocr_line' id='line_1_9' title="bbox 245 1173 2375 1272; baseline -0 -27"><span class='ocrx_word' id='word_1_57' title='bbox 245 1179 504 1262; x_wconf 87' lang='lat' dir='ltr'><strong>serius,</strong></span> <span class='ocrx_word' id='word_1_58' title='bbox 560 1198 780 1272; x_wconf 89' lang='lat' dir='ltr'><strong>quam</strong></span> <span class='ocrx_word' id='word_1_59' title='bbox 834 1196 1037 1258; x_wconf 89' lang='lat' dir='ltr'><strong>eum,</strong></span> <span class='ocrx_word' id='word_1_60' title='bbox 1079 1174 1207 1268; x_wconf 91' lang='lat' dir='ltr'><strong>qui</strong></span> <span class='ocrx_word' id='word_1_61' title='bbox 1254 1187 1372 1242; x_wconf 80' lang='lat' dir='ltr'><strong>tot</strong></span> <span class='ocrx_word' id='word_1_62' title='bbox 1422 1198 1653 1244; x_wconf 83' lang='lat' dir='ltr'><strong>annos</strong></span> <span class='ocrx_word' id='word_1_63' title='bbox 1707 1189 1889 1271; x_wconf 87' lang='lat' dir='ltr'><strong>quot</strong></span> <span class='ocrx_word' id='word_1_64' title='bbox 1933 1173 2186 1264; x_wconf 85' lang='lat' dir='ltr'><strong>habet,</strong></span> <span class='ocrx_word' id='word_1_65' title='bbox 2252 1174 2375 1245; x_wconf 90' lang='lat' dir='ltr'><strong>de·</strong></span> 
     </span>
     <span class='ocr_line' id='line_1_10' title="bbox 244 1280 2379 1383; baseline 0 -29"><span class='ocrx_word' id='word_1_66' title='bbox 244 1285 560 1382; x_wconf 87' lang='lat' dir='ltr'><strong>signatus</strong></span> <span class='ocrx_word' id='word_1_67' title='bbox 616 1283 871 1355; x_wconf 89' lang='lat' dir='ltr'><strong>consul</strong></span> <span class='ocrx_word' id='word_1_68' title='bbox 925 1280 1183 1369; x_wconf 86' lang='lat' dir='ltr'><strong>fuerit,</strong></span> <span class='ocrx_word' id='word_1_69' title='bbox 1253 1281 1411 1353; x_wconf 87' lang='lat' dir='ltr'><strong>fieri</strong></span> <span class='ocrx_word' id='word_1_70' title='bbox 1472 1284 1841 1354; x_wconf 85' lang='lat' dir='ltr'><strong>consulem</strong></span> <span class='ocrx_word' id='word_1_71' title='bbox 1905 1310 2058 1355; x_wconf 90' lang='lat' dir='ltr'><strong>non</strong></span> <span class='ocrx_word' id='word_1_72' title='bbox 2120 1286 2379 1383; x_wconf 86' lang='lat' dir='ltr'><strong>posse?</strong></span> 
     </span>
     <span class='ocr_line' id='line_1_11' title="bbox 242 1393 2371 1492; baseline -0 -27"><span class='ocrx_word' id='word_1_73' title='bbox 242 1395 627 1492; x_wconf 81' lang='lat' dir='ltr'><strong>praesertirn</strong></span> <span class='ocrx_word' id='word_1_74' title='bbox 660 1418 888 1490; x_wconf 88' lang='lat' dir='ltr'><strong>quum</strong></span> <span class='ocrx_word' id='word_1_75' title='bbox 927 1406 1051 1462; x_wconf 86' lang='lat' dir='ltr'><strong>aut</strong></span> <span class='ocrx_word' id='word_1_76' title='bbox 1088 1393 1317 1480; x_wconf 82' lang='lat' dir='ltr'><strong>soluS,</strong></span> <span class='ocrx_word' id='word_1_77' title='bbox 1345 1407 1467 1462; x_wconf 86' lang='lat' dir='ltr'><strong>aut</strong></span> <span class='ocrx_word' id='word_1_78' title='bbox 1501 1407 1694 1463; x_wconf 83' lang='lat' dir='ltr'><strong>certe</strong></span> <span class='ocrx_word' id='word_1_79' title='bbox 1732 1418 1880 1463; x_wconf 89' lang='lat' dir='ltr'><strong>non</strong></span> <span class='ocrx_word' id='word_1_80' title='bbox 1911 1393 2111 1490; x_wconf 92' lang='lat' dir='ltr'><strong>plus,</strong></span> <span class='ocrx_word' id='word_1_81' title='bbox 2154 1420 2371 1491; x_wconf 87' lang='lat' dir='ltr'><strong>quam</strong></span> 
     </span>
     <span class='ocr_line' id='line_1_12' title="bbox 245 1500 2373 1600; baseline -0 -26"><span class='ocrx_word' id='word_1_82' title='bbox 245 1527 408 1574; x_wconf 88' lang='lat' dir='ltr'><strong>cum</strong></span> <span class='ocrx_word' id='word_1_83' title='bbox 444 1504 669 1575; x_wconf 83' lang='lat' dir='ltr'><strong>altero</strong></span> <span class='ocrx_word' id='word_1_84' title='bbox 696 1517 916 1600; x_wconf 85' lang='lat' dir='ltr'><strong>petat.</strong></span> <span class='ocrx_word' id='word_1_85' title='bbox 959 1502 1029 1571; x_wconf 91' lang='lat' dir='ltr'><strong>Si</strong></span> <span class='ocrx_word' id='word_1_86' title='bbox 1058 1527 1228 1573; x_wconf 84' lang='lat' dir='ltr'><strong>vero</strong></span> <span class='ocrx_word' id='word_1_87' title='bbox 1271 1500 1341 1571; x_wconf 91' lang='lat' dir='ltr'><strong>id</strong></span> <span class='ocrx_word' id='word_1_88' title='bbox 1379 1517 1520 1588; x_wconf 85' lang='lat' dir='ltr'><strong>est,</strong></span> <span class='ocrx_word' id='word_1_89' title='bbox 1576 1501 1775 1598; x_wconf 90' lang='lat' dir='ltr'><strong>quod</strong></span> <span class='ocrx_word' id='word_1_90' title='bbox 1815 1506 2056 1572; x_wconf 83' lang='lat' dir='ltr'><strong>nescio</strong></span> <span class='ocrx_word' id='word_1_91' title='bbox 2106 1528 2196 1572; x_wconf 87' lang='lat' dir='ltr'><strong>an</strong></span> <span class='ocrx_word' id='word_1_92' title='bbox 2249 1505 2373 1591; x_wconf 86' lang='lat' dir='ltr'><strong>sit,</strong></span> 
     </span>
     <span class='ocr_line' id='line_1_13' title="bbox 246 1609 2373 1708; baseline -0.001 -24"><span class='ocrx_word' id='word_1_93' title='bbox 246 1628 329 1684; x_wconf 89' lang='lat' dir='ltr'><strong>ut</strong></span> <span class='ocrx_word' id='word_1_94' title='bbox 354 1641 501 1686; x_wconf 88' lang='lat' dir='ltr'><strong>non</strong></span> <span class='ocrx_word' id='word_1_95' title='bbox 535 1617 777 1684; x_wconf 88' lang='lat' dir='ltr'><strong>minus</strong></span> <span class='ocrx_word' id='word_1_96' title='bbox 814 1613 1064 1708; x_wconf 84' lang='lat' dir='ltr'><strong>longas</strong></span> <span class='ocrx_word' id='word_1_97' title='bbox 1101 1613 1248 1705; x_wconf 86' lang='lat' dir='ltr'><strong>jam</strong></span> <span class='ocrx_word' id='word_1_98' title='bbox 1292 1612 1368 1681; x_wconf 90' lang='lat' dir='ltr'><strong>in</strong></span> <span class='ocrx_word' id='word_1_99' title='bbox 1404 1611 1899 1682; x_wconf 79' lang='lat' dir='ltr'><strong>codiciilorum</strong></span> <span class='ocrx_word' id='word_1_100' title='bbox 1947 1609 2139 1681; x_wconf 86' lang='lat' dir='ltr'><strong>fastis</strong></span> <span class='ocrx_word' id='word_1_101' title='bbox 2175 1611 2373 1682; x_wconf 84' lang='lat' dir='ltr'><strong>futu-</strong></span> 
     </span>
     <span class='ocr_line' id='line_1_14' title="bbox 240 1717 2372 1819; baseline -0 -27"><span class='ocrx_word' id='word_1_102' title='bbox 240 1717 492 1794; x_wconf 73' lang='lat' dir='ltr'><strong>rorum</strong></span> <span class='ocrx_word' id='word_1_103' title='bbox 520 1721 903 1794; x_wconf 88' lang='lat' dir='ltr'><strong>consulum</strong></span> <span class='ocrx_word' id='word_1_104' title='bbox 942 1721 1313 1819; x_wconf 81' lang='lat' dir='ltr'><strong>paginulas</strong></span> <span class='ocrx_word' id='word_1_105' title='bbox 1340 1718 1707 1808; x_wconf 67' lang='lat' dir='ltr'><strong>habeatw,</strong></span> <span class='ocrx_word' id='word_1_106' title='bbox 1737 1745 1953 1818; x_wconf 83' lang='lat' dir='ltr'><strong>quam</strong></span> <span class='ocrx_word' id='word_1_107' title='bbox 1981 1719 2372 1808; x_wconf 85' lang='lat' dir='ltr'><strong>factorum;</strong></span> 
     </span>
     <span class='ocr_line' id='line_1_15' title="bbox 244 1830 2373 1931; baseline -0 -28"><span class='ocrx_word' id='word_1_108' title='bbox 244 1833 421 1931; x_wconf 91' lang='lat' dir='ltr'><strong>quid</strong></span> <span class='ocrx_word' id='word_1_109' title='bbox 460 1833 581 1902; x_wconf 90' lang='lat' dir='ltr'><strong>illo</strong></span> <span class='ocrx_word' id='word_1_110' title='bbox 622 1832 985 1919; x_wconf 79' lang='lat' dir='ltr'><strong>miseriuS,</strong></span> <span class='ocrx_word' id='word_1_111' title='bbox 1028 1834 1167 1900; x_wconf 90' lang='lat' dir='ltr'><strong>nisi</strong></span> <span class='ocrx_word' id='word_1_112' title='bbox 1204 1830 1656 1926; x_wconf 81' lang='lat' dir='ltr'><strong>respublica?</strong></span> <span class='ocrx_word' id='word_1_113' title='bbox 1705 1834 1780 1902; x_wconf 87' lang='lat' dir='ltr'><strong>in</strong></span> <span class='ocrx_word' id='word_1_114' title='bbox 1825 1857 1970 1928; x_wconf 86' lang='lat' dir='ltr'><strong>qua</strong></span> <span class='ocrx_word' id='word_1_115' title='bbox 2005 1857 2099 1903; x_wconf 86' lang='lat' dir='ltr'><strong>ne</strong></span> <span class='ocrx_word' id='word_1_116' title='bbox 2138 1857 2373 1930; x_wconf 82' lang='lat' dir='ltr'><strong>spera·</strong></span> 
     </span>
     <span class='ocr_line' id='line_1_16' title="bbox 244 1939 1452 2038; baseline -0.003 -25"><span class='ocrx_word' id='word_1_117' title='bbox 244 1959 365 2013; x_wconf 83' lang='lat' dir='ltr'><strong>tur</strong></span> <span class='ocrx_word' id='word_1_118' title='bbox 395 1940 693 2038; x_wconf 88' lang='lat' dir='ltr'><strong>quidem</strong></span> <span class='ocrx_word' id='word_1_119' title='bbox 736 1939 990 2008; x_wconf 85' lang='lat' dir='ltr'><strong>melius</strong></span> <span class='ocrx_word' id='word_1_120' title='bbox 1031 1940 1452 2036; x_wconf 84' lang='lat' dir='ltr'><strong>quidquam.</strong></span> 
     </span>
    </p>

    <p class='ocr_par' dir='ltr' id='par_1_6' title="bbox 244 2049 2417 2372">
     <span class='ocr_line' id='line_1_17' title="bbox 341 2049 2376 2146; baseline 0 -25"><span class='ocrx_word' id='word_1_121' title='bbox 341 2056 452 2121; x_wconf 86' lang='lat' dir='ltr'><strong>De</strong></span> <span class='ocrx_word' id='word_1_122' title='bbox 484 2055 759 2121; x_wconf 80' lang='lat' dir='ltr'><strong>Natta²¹</strong></span> <span class='ocrx_word' id='word_1_123' title='bbox 780 2073 867 2118; x_wconf 85' lang='lat' dir='ltr'><strong>ex</strong></span> <span class='ocrx_word' id='word_1_124' title='bbox 900 2051 1041 2119; x_wconf 90' lang='lat' dir='ltr'><strong>tuis</strong></span> <span class='ocrx_word' id='word_1_125' title='bbox 1074 2050 1388 2146; x_wconf 88' lang='lat' dir='ltr'><strong>primum</strong></span> <span class='ocrx_word' id='word_1_126' title='bbox 1421 2052 1594 2119; x_wconf 81' lang='lat' dir='ltr'><strong>scivi</strong></span> <span class='ocrx_word' id='word_1_127' title='bbox 1626 2049 1846 2121; x_wconf 85' lang='lat' dir='ltr'><strong>literis</strong></span> <span class='ocrx_word' id='word_1_128' title='bbox 1875 2082 1888 2123; x_wconf 90' lang='lat'>:</span> <span class='ocrx_word' id='word_1_129' title='bbox 1917 2051 2208 2123; x_wconf 81' lang='lat' dir='ltr'><strong>oderam</strong></span> <span class='ocrx_word' id='word_1_130' title='bbox 2240 2052 2376 2122; x_wconf 90' lang='lat' dir='ltr'><strong>ho-</strong></span> 
     </span>
     <span class='ocr_line' id='line_1_18' title="bbox 244 2159 2377 2260; baseline 0 -27"><span class='ocrx_word' id='word_1_131' title='bbox 244 2161 539 2233; x_wconf 86' lang='lat' dir='ltr'><strong>minem.</strong></span> <span class='ocrx_word' id='word_1_132' title='bbox 573 2164 681 2231; x_wconf 84' lang='lat' dir='ltr'><strong>De</strong></span> <span class='ocrx_word' id='word_1_133' title='bbox 719 2174 1050 2257; x_wconf 85' lang='lat' dir='ltr'>poemate</span> <span class='ocrx_word' id='word_1_134' title='bbox 1089 2159 1289 2256; x_wconf 92' lang='lat' dir='ltr'><strong>quod</strong></span> <span class='ocrx_word' id='word_1_135' title='bbox 1334 2163 1594 2255; x_wconf 82' lang='lat' dir='ltr'><strong>quaeris</strong></span> <span class='ocrx_word' id='word_1_136' title='bbox 1618 2215 1636 2247; x_wconf 92' lang='lat'><strong>,</strong></span> <span class='ocrx_word' id='word_1_137' title='bbox 1688 2160 1864 2257; x_wconf 90' lang='lat' dir='ltr'><strong>quid</strong></span> <span class='ocrx_word' id='word_1_138' title='bbox 1904 2167 1960 2232; x_wconf 92' lang='lat' dir='ltr'><strong>si</strong></span> <span class='ocrx_word' id='word_1_139' title='bbox 1999 2167 2239 2260; x_wconf 81' lang='lat' dir='ltr'><strong>cupiat</strong></span> <span class='ocrx_word' id='word_1_140' title='bbox 2275 2161 2377 2233; x_wconf 83' lang='lat' dir='ltr'><strong>ef-</strong></span> 
     </span>
     <span class='ocr_line' id='line_1_19' title="bbox 245 2268 2417 2372; baseline 0 -30"><span class='ocrx_word' id='word_1_141' title='bbox 245 2271 494 2372; x_wconf 83' lang='lat' dir='ltr'><strong>fugere</strong></span> <span class='ocrx_word' id='word_1_142' title='bbox 512 2272 630 2341; x_wconf 57' lang='grc' dir='ltr'><strong>υἱ)</strong></span> <span class='ocrx_word' id='word_1_143' title='bbox 669 2269 892 2368; x_wconf 73' lang='lat' dir='ltr'><strong>quid?</strong></span> <span class='ocrx_word' id='word_1_144' title='bbox 920 2272 1154 2341; x_wconf 81' lang='lat' dir='ltr'><strong>sinas?</strong></span> <span class='ocrx_word' id='word_1_145' title='bbox 1196 2275 1304 2341; x_wconf 88' lang='lat' dir='ltr'><strong>De</strong></span> <span class='ocrx_word' id='word_1_146' title='bbox 1334 2268 1555 2340; x_wconf 81' lang='lat' dir='ltr'><strong>Fabio</strong></span> <span class='ocrx_word' id='word_1_147' title='bbox 1592 2273 1826 2342; x_wconf 89' lang='lat' dir='ltr'><strong>Lusco</strong></span> <span class='ocrx_word' id='word_1_148' title='bbox 1848 2268 1913 2313; x_wconf 76' lang='lat'><strong>²³</strong></span> <span class='ocrx_word' id='word_1_149' title='bbox 1951 2271 2152 2367; x_wconf 88' lang='lat' dir='ltr'><strong>quod</strong></span> <span class='ocrx_word' id='word_1_150' title='bbox 2183 2298 2378 2344; x_wconf 80' lang='lat' dir='ltr'><strong>eram</strong></span> <span class='ocrx_word' id='word_1_151' title='bbox 2413 2287 2417 2291; x_wconf 50' lang='lat'>*</span> 
     </span>
    </p>
   </div>
   <div class='ocr_carea' id='block_1_6' title="bbox 222 2490 1273 3972">
    <p class='ocr_par' dir='ltr' id='par_1_7' title="bbox 247 2490 1267 2709">
     <span class='ocr_line' id='line_1_20' title="bbox 324 2490 1265 2561; baseline -0.005 -18"><span class='ocrx_word' id='word_1_152' title='bbox 324 2497 402 2543; x_wconf 85' lang='lat'><strong>18.</strong></span> <span class='ocrx_word' id='word_1_153' title='bbox 441 2492 589 2561; x_wconf 74' lang='grc' dir='ltr'>Σΰκῳ.</span> <span class='ocrx_word' id='word_1_154' title='bbox 624 2490 765 2541; x_wconf 69' lang='lat' dir='ltr'><strong>FIcm‘</strong></span> <span class='ocrx_word' id='word_1_155' title='bbox 778 2508 875 2556; x_wconf 81' lang='lat' dir='ltr'><strong>per</strong></span> <span class='ocrx_word' id='word_1_156' title='bbox 906 2492 1121 2540; x_wconf 81' lang='lat' dir='ltr'><em>Cererem</em></span> <span class='ocrx_word' id='word_1_157' title='bbox 1131 2490 1265 2560; x_wconf 79' lang='lat' dir='ltr'><strong>ficus</strong></span> 
     </span>
     <span class='ocr_line' id='line_1_21' title="bbox 247 2568 1267 2638; baseline -0.003 -18"><span class='ocrx_word' id='word_1_158' title='bbox 247 2574 385 2622; x_wconf 78' lang='lat' dir='ltr'><strong>nulla</strong></span> <span class='ocrx_word' id='word_1_159' title='bbox 408 2590 639 2638; x_wconf 80' lang='lat' dir='ltr'><strong>umquam</strong></span> <span class='ocrx_word' id='word_1_160' title='bbox 662 2584 765 2619; x_wconf 82' lang='lat' dir='ltr'><strong>tam</strong></span> <span class='ocrx_word' id='word_1_161' title='bbox 790 2570 956 2618; x_wconf 71' lang='lat' dir='ltr'><strong>similis</strong></span> <span class='ocrx_word' id='word_1_162' title='bbox 966 2568 1093 2635; x_wconf 78' lang='lat' dir='ltr'><strong>ficit.</strong></span> <span class='ocrx_word' id='word_1_163' title='bbox 1122 2573 1267 2617; x_wconf 76' lang='lat' dir='ltr'><strong>Sena·</strong></span> 
     </span>
     <span class='ocr_line' id='line_1_22' title="bbox 250 2649 1267 2709; baseline -0.005 -9"><span class='ocrx_word' id='word_1_164' title='bbox 250 2653 348 2701; x_wconf 84' lang='lat' dir='ltr'><strong>rius</strong></span> <span class='ocrx_word' id='word_1_165' title='bbox 365 2670 477 2701; x_wconf 89' lang='lat' dir='ltr'><strong>cum</strong></span> <span class='ocrx_word' id='word_1_166' title='bbox 492 2651 696 2701; x_wconf 83' lang='lat' dir='ltr'><strong>dimidio</strong></span> <span class='ocrx_word' id='word_1_167' title='bbox 715 2650 903 2701; x_wconf 84' lang='lat' dir='ltr'><strong>Comici</strong></span> <span class='ocrx_word' id='word_1_168' title='bbox 926 2649 1091 2697; x_wconf 88' lang='lat' dir='ltr'><strong>nescio</strong></span> <span class='ocrx_word' id='word_1_169' title='bbox 1110 2649 1267 2709; x_wconf 86' lang='lat' dir='ltr'><strong>cujus.</strong></span> 
     </span>
    </p>

    <p class='ocr_par' dir='ltr' id='par_1_8' title="bbox 246 2727 1269 3188">
     <span class='ocr_line' id='line_1_23' title="bbox 324 2727 1269 2798; baseline -0.004 -19"><span class='ocrx_word' id='word_1_170' title='bbox 324 2748 404 2795; x_wconf 87' lang='lat'><strong>¹9·</strong></span> <span class='ocrx_word' id='word_1_171' title='bbox 452 2729 720 2798; x_wconf 80' lang='grc' dir='ltr'>Πιρὶςσισις.</span> <span class='ocrx_word' id='word_1_172' title='bbox 779 2732 942 2778; x_wconf 76' lang='lat' dir='ltr'><strong>Status</strong></span> <span class='ocrx_word' id='word_1_173' title='bbox 967 2763 983 2790; x_wconf 87' lang='lat'><strong>,</strong></span> <span class='ocrx_word' id='word_1_174' title='bbox 1031 2727 1269 2775; x_wconf 85' lang='lat' dir='ltr'><strong>conditio.</strong></span> 
     </span>
     <span class='ocr_line' id='line_1_24' title="bbox 248 2808 1269 2859; baseline -0.006 0"><span class='ocrx_word' id='word_1_175' title='bbox 248 2813 409 2859; x_wconf 82' lang='lat' dir='ltr'><strong>Status</strong></span> <span class='ocrx_word' id='word_1_176' title='bbox 457 2811 548 2857; x_wconf 89' lang='lat' dir='ltr'><strong>iste</strong></span> <span class='ocrx_word' id='word_1_177' title='bbox 599 2809 804 2857; x_wconf 89' lang='lat' dir='ltr'><strong>Domitii</strong></span> <span class='ocrx_word' id='word_1_178' title='bbox 874 2808 1149 2855; x_wconf 81' lang='lat' dir='ltr'><strong>simillimus</strong></span> <span class='ocrx_word' id='word_1_179' title='bbox 1196 2816 1269 2853; x_wconf 81' lang='lat' dir='ltr'><strong>est</strong></span> 
     </span>
     <span class='ocr_line' id='line_1_25' title="bbox 247 2887 1263 2951; baseline -0.005 -13"><span class='ocrx_word' id='word_1_180' title='bbox 247 2902 435 2946; x_wconf 81' lang='lat' dir='ltr'><strong>nostro,</strong></span> <span class='ocrx_word' id='word_1_181' title='bbox 452 2904 607 2951; x_wconf 88' lang='lat' dir='ltr'><strong>quum</strong></span> <span class='ocrx_word' id='word_1_182' title='bbox 626 2888 679 2933; x_wconf 84' lang='lat' dir='ltr'><strong>in</strong></span> <span class='ocrx_word' id='word_1_183' title='bbox 691 2887 911 2934; x_wconf 73' lang='lat' dir='ltr'><strong>exsilium</strong></span> <span class='ocrx_word' id='word_1_184' title='bbox 935 2887 1061 2949; x_wconf 82' lang='lat' dir='ltr'><strong>pulsi</strong></span> <span class='ocrx_word' id='word_1_185' title='bbox 1075 2900 1263 2933; x_wconf 87' lang='lat' dir='ltr'><strong>snmus:</strong></span> 
     </span>
     <span class='ocr_line' id='line_1_26' title="bbox 246 2963 1269 3030; baseline -0.001 -15"><span class='ocrx_word' id='word_1_186' title='bbox 246 2967 328 3016; x_wconf 78' lang='lat' dir='ltr'><strong>vel</strong></span> <span class='ocrx_word' id='word_1_187' title='bbox 356 2964 494 3030; x_wconf 84' lang='lat' dir='ltr'><strong>quod</strong></span> <span class='ocrx_word' id='word_1_188' title='bbox 519 2964 580 3011; x_wconf 74' lang='lat' dir='ltr'><strong>ab</strong></span> <span class='ocrx_word' id='word_1_189' title='bbox 606 2964 777 3011; x_wconf 86' lang='lat' dir='ltr'><strong>iisdem</strong></span> <span class='ocrx_word' id='word_1_190' title='bbox 801 2963 1014 3022; x_wconf 77' lang='lat' dir='ltr'><strong>laeditur,</strong></span> <span class='ocrx_word' id='word_1_191' title='bbox 1038 2982 1066 3012; x_wconf 80' lang='lat' dir='ltr'><strong>a</strong></span> <span class='ocrx_word' id='word_1_192' title='bbox 1087 2964 1269 3027; x_wconf 82' lang='lat' dir='ltr'><strong>quibus</strong></span> 
     </span>
     <span class='ocr_line' id='line_1_27' title="bbox 246 3040 1267 3106; baseline -0.001 -14"><span class='ocrx_word' id='word_1_193' title='bbox 246 3045 366 3093; x_wconf 90' lang='lat' dir='ltr'><strong>olim</strong></span> <span class='ocrx_word' id='word_1_194' title='bbox 404 3058 526 3106; x_wconf 81' lang='lat' dir='ltr'><strong>ego;</strong></span> <span class='ocrx_word' id='word_1_195' title='bbox 565 3042 641 3089; x_wconf 73' lang='lat' dir='ltr'><strong>vel</strong></span> <span class='ocrx_word' id='word_1_196' title='bbox 678 3040 813 3104; x_wconf 87' lang='lat' dir='ltr'><strong>quod</strong></span> <span class='ocrx_word' id='word_1_197' title='bbox 850 3054 1026 3103; x_wconf 80' lang='lat' dir='ltr'><strong>praeter</strong></span> <span class='ocrx_word' id='word_1_198' title='bbox 1067 3044 1267 3106; x_wconf 84' lang='lat' dir='ltr'><strong>opinio·</strong></span> 
     </span>
     <span class='ocr_line' id='line_1_28' title="bbox 247 3121 753 3188; baseline -0.012 -17"><span class='ocrx_word' id='word_1_199' title='bbox 247 3139 387 3181; x_wconf 85' lang='lat' dir='ltr'><strong>nem,</strong></span> <span class='ocrx_word' id='word_1_200' title='bbox 407 3132 505 3188; x_wconf 81' lang='lat' dir='ltr'><strong>etc.</strong></span> <span class='ocrx_word' id='word_1_201' title='bbox 535 3121 753 3168; x_wconf 65' lang='lat' dir='ltr'><strong>Maur.</strong></span> 
     </span>
    </p>

    <p class='ocr_par' dir='ltr' id='par_1_9' title="bbox 319 3194 1267 3261">
     <span class='ocr_line' id='line_1_29' title="bbox 319 3194 1267 3261; baseline -0.005 -12"><span class='ocrx_word' id='word_1_202' title='bbox 319 3217 402 3249; x_wconf 79' lang='lat'><strong>20.</strong></span> <span class='ocrx_word' id='word_1_203' title='bbox 420 3200 632 3249; x_wconf 78' lang='lat' dir='ltr'><em>Habeat.</em></span> <span class='ocrx_word' id='word_1_204' title='bbox 652 3199 772 3244; x_wconf 83' lang='lat' dir='ltr'><strong>Haec</strong></span> <span class='ocrx_word' id='word_1_205' title='bbox 785 3194 1026 3258; x_wconf 77' lang='lat' dir='ltr'><strong>Mongalt.</strong></span> <span class='ocrx_word' id='word_1_206' title='bbox 1042 3196 1267 3261; x_wconf 83' lang='lat' dir='ltr'><strong>intelligit</strong></span> 
     </span>
    </p>

    <p class='ocr_par' dir='ltr' id='par_1_10' title="bbox 222 3273 1273 3972">
     <span class='ocr_line' id='line_1_30' title="bbox 222 3273 1269 3340; baseline -0.005 -12"><span class='ocrx_word' id='word_1_207' title='bbox 222 3310 223 3313; x_wconf 63' lang='lat'><em>=</em></span> <span class='ocrx_word' id='word_1_208' title='bbox 250 3279 311 3327; x_wconf 84' lang='lat' dir='ltr'><strong>de</strong></span> <span class='ocrx_word' id='word_1_209' title='bbox 336 3280 584 3339; x_wconf 87' lang='lat' dir='ltr'><strong>Domitio,</strong></span> <span class='ocrx_word' id='word_1_210' title='bbox 606 3277 747 3340; x_wconf 79' lang='lat' dir='ltr'><strong>qnasi</strong></span> <span class='ocrx_word' id='word_1_211' title='bbox 767 3292 817 3323; x_wconf 88' lang='lat' dir='ltr'><strong>se</strong></span> <span class='ocrx_word' id='word_1_212' title='bbox 845 3273 1107 3338; x_wconf 73' lang='lat' dir='ltr'><strong>praedicem</strong></span> <span class='ocrx_word' id='word_1_213' title='bbox 1126 3292 1269 3339; x_wconf 85' lang='lat' dir='ltr'><strong>posse</strong></span> 
     </span>
     <span class='ocr_line' id='line_1_31' title="bbox 251 3355 1270 3421; baseline -0.003 -15"><span class='ocrx_word' id='word_1_214' title='bbox 251 3359 429 3407; x_wconf 79' lang='lat' dir='ltr'><strong>dixerit</strong></span> <span class='ocrx_word' id='word_1_215' title='bbox 465 3358 665 3421; x_wconf 81' lang='lat' dir='ltr'><strong>quinam</strong></span> <span class='ocrx_word' id='word_1_216' title='bbox 695 3356 845 3402; x_wconf 77' lang='lat' dir='ltr'><strong>futuri</strong></span> <span class='ocrx_word' id='word_1_217' title='bbox 899 3355 998 3402; x_wconf 86' lang='lat' dir='ltr'><strong>sint</strong></span> <span class='ocrx_word' id='word_1_218' title='bbox 1031 3355 1270 3403; x_wconf 85' lang='lat' dir='ltr'><strong>consules.</strong></span> 
     </span>
     <span class='ocr_line' id='line_1_32' title="bbox 250 3432 1270 3502; baseline -0.005 -17"><span class='ocrx_word' id='word_1_219' title='bbox 250 3438 346 3485; x_wconf 74' lang='lat' dir='ltr'><strong>Sed</strong></span> <span class='ocrx_word' id='word_1_220' title='bbox 385 3448 529 3502; x_wconf 69' lang='lat' dir='ltr'><strong>putat</strong></span> <span class='ocrx_word' id='word_1_221' title='bbox 561 3436 782 3483; x_wconf 66' lang='grc' dir='ltr'><strong>(ἔνι-σοον.</strong></span> <span class='ocrx_word' id='word_1_222' title='bbox 835 3433 1143 3480; x_wconf 86' lang='lat' dir='ltr'><strong>scribendum</strong></span> <span class='ocrx_word' id='word_1_223' title='bbox 1177 3432 1270 3481; x_wconf 74' lang='lat' dir='ltr'><strong>lea-</strong></span> 
     </span>
     <span class='ocr_line' id='line_1_33' title="bbox 251 3513 1271 3578; baseline -0.005 -14"><span class='ocrx_word' id='word_1_224' title='bbox 251 3518 402 3565; x_wconf 77' lang='lat' dir='ltr'><strong>beane</strong></span> <span class='ocrx_word' id='word_1_225' title='bbox 412 3535 432 3573; x_wconf 84' lang='lat'><strong>,-</strong></span> <span class='ocrx_word' id='word_1_226' title='bbox 450 3532 520 3565; x_wconf 87' lang='lat' dir='ltr'><strong>sc.</strong></span> <span class='ocrx_word' id='word_1_227' title='bbox 536 3515 813 3578; x_wconf 84' lang='lat' dir='ltr'><strong>Pompeius,</strong></span> <span class='ocrx_word' id='word_1_228' title='bbox 826 3513 986 3561; x_wconf 77' lang='lat' dir='ltr'><strong>Caesar</strong></span> <span class='ocrx_word' id='word_1_229' title='bbox 998 3522 1046 3559; x_wconf 83' lang='lat' dir='ltr'><strong>et</strong></span> <span class='ocrx_word' id='word_1_230' title='bbox 1058 3514 1271 3571; x_wconf 71' lang='lat' dir='ltr'><strong>Crassus,</strong></span> 
     </span>
     <span class='ocr_line' id='line_1_34' title="bbox 252 3590 1273 3659; baseline -0.002 -18"><span class='ocrx_word' id='word_1_231' title='bbox 252 3596 337 3659; x_wconf 83' lang='lat' dir='ltr'><strong>qui</strong></span> <span class='ocrx_word' id='word_1_232' title='bbox 359 3596 459 3655; x_wconf 76' lang='lat' dir='ltr'><strong>inm</strong></span> <span class='ocrx_word' id='word_1_233' title='bbox 480 3596 607 3642; x_wconf 84' lang='lat' dir='ltr'><strong>inter</strong></span> <span class='ocrx_word' id='word_1_234' title='bbox 629 3611 680 3642; x_wconf 88' lang='lat' dir='ltr'><strong>se</strong></span> <span class='ocrx_word' id='word_1_235' title='bbox 708 3601 1044 3640; x_wconf 83' lang='lat' dir='ltr'><strong>convenerunt</strong></span> <span class='ocrx_word' id='word_1_236' title='bbox 1069 3590 1130 3638; x_wconf 90' lang='lat' dir='ltr'><strong>de</strong></span> <span class='ocrx_word' id='word_1_237' title='bbox 1155 3607 1273 3639; x_wconf 86' lang='lat' dir='ltr'><strong>con·</strong></span> 
     </span>
     <span class='ocr_line' id='line_1_35' title="bbox 250 3668 1271 3732; baseline -0.005 -11"><span class='ocrx_word' id='word_1_238' title='bbox 250 3672 441 3721; x_wconf 83' lang='lat' dir='ltr'><strong>sulibus</strong></span> <span class='ocrx_word' id='word_1_239' title='bbox 477 3673 528 3720; x_wconf 87' lang='lat' dir='ltr'><strong>in</strong></span> <span class='ocrx_word' id='word_1_240' title='bbox 566 3673 747 3720; x_wconf 79' lang='lat' dir='ltr'><strong>multos</strong></span> <span class='ocrx_word' id='word_1_241' title='bbox 787 3685 970 3728; x_wconf 76' lang='lat' dir='ltr'><strong>annos,</strong></span> <span class='ocrx_word' id='word_1_242' title='bbox 1004 3686 1131 3732; x_wconf 83' lang='lat' dir='ltr'><strong>quos</strong></span> <span class='ocrx_word' id='word_1_243' title='bbox 1164 3668 1271 3717; x_wconf 85' lang='lat' dir='ltr'><strong>fieri</strong></span> 
     </span>
     <span class='ocr_line' id='line_1_36' title="bbox 249 3749 1270 3815; baseline -0.003 -15"><span class='ocrx_word' id='word_1_244' title='bbox 249 3752 350 3800; x_wconf 87' lang='lat' dir='ltr'><strong>sint</strong></span> <span class='ocrx_word' id='word_1_245' title='bbox 362 3752 566 3815; x_wconf 69' lang='lat' dir='ltr'><strong>passuri,</strong></span> <span class='ocrx_word' id='word_1_246' title='bbox 575 3751 722 3813; x_wconf 89' lang='lat' dir='ltr'><strong>idque</strong></span> <span class='ocrx_word' id='word_1_247' title='bbox 729 3749 939 3797; x_wconf 77' lang='lat' dir='ltr'><strong>habeant</strong></span> <span class='ocrx_word' id='word_1_248' title='bbox 949 3750 1270 3813; x_wconf 80' lang='lat' dir='ltr'><strong>perscriptum</strong></span> 
     </span>
     <span class='ocr_line' id='line_1_37' title="bbox 251 3829 1271 3892; baseline -0.003 -13"><span class='ocrx_word' id='word_1_249' title='bbox 251 3833 306 3880; x_wconf 84' lang='lat' dir='ltr'><strong>iu</strong></span> <span class='ocrx_word' id='word_1_250' title='bbox 332 3830 596 3892; x_wconf 72' lang='lat' dir='ltr'><strong>codicillis,</strong></span> <span class='ocrx_word' id='word_1_251' title='bbox 618 3841 676 3878; x_wconf 88' lang='lat' dir='ltr'><strong>ut</strong></span> <span class='ocrx_word' id='word_1_252' title='bbox 695 3830 795 3889; x_wconf 78' lang='lat' dir='ltr'><strong>jam</strong></span> <span class='ocrx_word' id='word_1_253' title='bbox 820 3829 1008 3892; x_wconf 71' lang='lat' dir='ltr'><strong>aliquot</strong></span> <span class='ocrx_word' id='word_1_254' title='bbox 1034 3844 1271 3876; x_wconf 74' lang='lat' dir='ltr'><strong>annorum</strong></span> 
     </span>
     <span class='ocr_line' id='line_1_38' title="bbox 252 3908 1273 3972; baseline -0.002 -15"><span class='ocrx_word' id='word_1_255' title='bbox 252 3910 478 3958; x_wconf 84' lang='lat' dir='ltr'><strong>consules</strong></span> <span class='ocrx_word' id='word_1_256' title='bbox 502 3925 603 3958; x_wconf 82' lang='lat' dir='ltr'><strong>uon</strong></span> <span class='ocrx_word' id='word_1_257' title='bbox 630 3908 804 3972; x_wconf 80' lang='lat' dir='ltr'><strong>populi</strong></span> <span class='ocrx_word' id='word_1_258' title='bbox 828 3908 1046 3969; x_wconf 71' lang='lat' dir='ltr'><strong>romani,</strong></span> <span class='ocrx_word' id='word_1_259' title='bbox 1069 3908 1154 3957; x_wconf 83' lang='lat' dir='ltr'><strong>sed</strong></span> <span class='ocrx_word' id='word_1_260' title='bbox 1181 3924 1273 3956; x_wconf 85' lang='lat' dir='ltr'><strong>suo</strong></span> 
     </span>
    </p>
   </div>
   <div class='ocr_carea' id='block_1_7' title="bbox 1354 2477 2393 3971">
    <p class='ocr_par' dir='ltr' id='par_1_11' title="bbox 1355 2477 2386 2857">
     <span class='ocr_line' id='line_1_39' title="bbox 1355 2477 2380 2561; baseline 0.003 -24"><span class='ocrx_word' id='word_1_261' title='bbox 1355 2501 1552 2539; x_wconf 81' lang='lat' dir='ltr'><strong>notatos</strong></span> <span class='ocrx_word' id='word_1_262' title='bbox 1585 2477 1637 2561; x_wconf 69' lang='lat' dir='ltr'><strong>ixi</strong></span> <span class='ocrx_word' id='word_1_263' title='bbox 1670 2493 1912 2541; x_wconf 78' lang='lat' dir='ltr'><strong>codicillis</strong></span> <span class='ocrx_word' id='word_1_264' title='bbox 1942 2493 2074 2541; x_wconf 76' lang='lat' dir='ltr'><strong>haud</strong></span> <span class='ocrx_word' id='word_1_265' title='bbox 2104 2494 2249 2542; x_wconf 85' lang='lat' dir='ltr'><strong>dubie</strong></span> <span class='ocrx_word' id='word_1_266' title='bbox 2278 2509 2380 2541; x_wconf 85' lang='lat' dir='ltr'><strong>nou</strong></span> 
     </span>
     <span class='ocr_line' id='line_1_40' title="bbox 1356 2572 2386 2636; baseline 0.004 -21"><span class='ocrx_word' id='word_1_267' title='bbox 1356 2580 1428 2616; x_wconf 84' lang='lat' dir='ltr'><strong>est</strong></span> <span class='ocrx_word' id='word_1_268' title='bbox 1443 2603 1458 2626; x_wconf 91' lang='lat'><strong>,</strong></span> <span class='ocrx_word' id='word_1_269' title='bbox 1474 2572 1627 2632; x_wconf 75' lang='lat' dir='ltr'><strong>quum</strong></span> <span class='ocrx_word' id='word_1_270' title='bbox 1657 2582 1816 2619; x_wconf 79' lang='lat' dir='ltr'><strong>tamen</strong></span> <span class='ocrx_word' id='word_1_271' title='bbox 1837 2573 1972 2635; x_wconf 76' lang='lat' dir='ltr'><strong>qnasi</strong></span> <span class='ocrx_word' id='word_1_272' title='bbox 1991 2574 2180 2636; x_wconf 81' lang='lat' dir='ltr'><strong>genitus</strong></span> <span class='ocrx_word' id='word_1_273' title='bbox 2199 2583 2248 2619; x_wconf 88' lang='lat' dir='ltr'><strong>et</strong></span> <span class='ocrx_word' id='word_1_274' title='bbox 2266 2572 2386 2619; x_wconf 87' lang='lat' dir='ltr'><strong>sub-</strong></span> 
     </span>
     <span class='ocr_line' id='line_1_41' title="bbox 1356 2650 2372 2716; baseline 0 -18"><span class='ocrx_word' id='word_1_275' title='bbox 1356 2651 1481 2698; x_wconf 77' lang='lat' dir='ltr'><strong>latus</strong></span> <span class='ocrx_word' id='word_1_276' title='bbox 1499 2650 1594 2696; x_wconf 84' lang='lat' dir='ltr'><strong>sibi</strong></span> <span class='ocrx_word' id='word_1_277' title='bbox 1611 2650 1830 2698; x_wconf 80' lang='lat' dir='ltr'><strong>videatur</strong></span> <span class='ocrx_word' id='word_1_278' title='bbox 1848 2653 1898 2699; x_wconf 86' lang='lat' dir='ltr'><strong>in</strong></span> <span class='ocrx_word' id='word_1_279' title='bbox 1916 2668 2049 2716; x_wconf 87' lang='lat' dir='ltr'><strong>spem</strong></span> <span class='ocrx_word' id='word_1_280' title='bbox 2071 2652 2372 2707; x_wconf 76' lang='lat' dir='ltr'><strong>consulatus,</strong></span> 
     </span>
     <span class='ocr_line' id='line_1_42' title="bbox 1356 2729 2376 2794; baseline 0.003 -20"><span class='ocrx_word' id='word_1_281' title='bbox 1356 2740 1494 2793; x_wconf 76' lang='lat' dir='ltr'><strong>patre</strong></span> <span class='ocrx_word' id='word_1_282' title='bbox 1514 2729 1782 2788; x_wconf 76' lang='lat' dir='ltr'><strong>consulari,</strong></span> <span class='ocrx_word' id='word_1_283' title='bbox 1802 2731 2110 2794; x_wconf 84' lang='lat' dir='ltr'><strong>triumphali,</strong></span> <span class='ocrx_word' id='word_1_284' title='bbox 2128 2732 2376 2778; x_wconf 86' lang='lat' dir='ltr'><strong>censorio.</strong></span> 
     </span>
     <span class='ocr_line' id='line_1_43' title="bbox 1358 2808 2150 2857; baseline 0 -2"><span class='ocrx_word' id='word_1_285' title='bbox 1358 2809 1495 2856; x_wconf 86' lang='lat' dir='ltr'><strong>Suet.</strong></span> <span class='ocrx_word' id='word_1_286' title='bbox 1522 2808 1641 2856; x_wconf 84' lang='lat' dir='ltr'><strong>Ner.</strong></span> <span class='ocrx_word' id='word_1_287' title='bbox 1670 2824 1719 2857; x_wconf 66' lang='grc' dir='ltr'><strong>ι.</strong></span> <span class='ocrx_word' id='word_1_288' title='bbox 1750 2810 1803 2857; x_wconf 86' lang='lat' dir='ltr'><strong>J.</strong></span> <span class='ocrx_word' id='word_1_289' title='bbox 1835 2813 1886 2857; x_wconf 77' lang='lat' dir='ltr'><strong>F.</strong></span> <span class='ocrx_word' id='word_1_290' title='bbox 1909 2813 2150 2857; x_wconf 69' lang='lat' dir='ltr'><strong>Gnonov.</strong></span> 
     </span>
    </p>

    <p class='ocr_par' dir='ltr' id='par_1_12' title="bbox 1354 2887 2387 3408">
     <span class='ocr_line' id='line_1_44' title="bbox 1427 2887 2385 2949; baseline -0.003 -15"><span class='ocrx_word' id='word_1_291' title='bbox 1427 2903 1513 2934; x_wconf 68' lang='grc' dir='ltr'><strong>αι.</strong></span> <span class='ocrx_word' id='word_1_292' title='bbox 1541 2888 1611 2933; x_wconf 85' lang='lat' dir='ltr'><strong>De</strong></span> <span class='ocrx_word' id='word_1_293' title='bbox 1634 2887 1810 2934; x_wconf 74' lang='lat' dir='ltr'><strong>Nacta.</strong></span> <span class='ocrx_word' id='word_1_294' title='bbox 1836 2887 2120 2949; x_wconf 79' lang='lat' dir='ltr'><strong>Cognomen</strong></span> <span class='ocrx_word' id='word_1_295' title='bbox 2143 2897 2216 2934; x_wconf 81' lang='lat' dir='ltr'><strong>est</strong></span> <span class='ocrx_word' id='word_1_296' title='bbox 2241 2887 2385 2932; x_wconf 78' lang='lat' dir='ltr'><strong>Pina·</strong></span> 
     </span>
     <span class='ocr_line' id='line_1_45' title="bbox 1356 2964 2382 3027; baseline -0.004 -15"><span class='ocrx_word' id='word_1_297' title='bbox 1356 2966 1561 3013; x_wconf 55' lang='lat' dir='ltr'><strong>rioruma</strong></span> <span class='ocrx_word' id='word_1_298' title='bbox 1608 2966 1750 3011; x_wconf 82' lang='lat' dir='ltr'><strong>Forte</strong></span> <span class='ocrx_word' id='word_1_299' title='bbox 1789 2966 1830 3011; x_wconf 89' lang='lat' dir='ltr'><strong>is</strong></span> <span class='ocrx_word' id='word_1_300' title='bbox 1872 2977 1945 3012; x_wconf 84' lang='lat' dir='ltr'><strong>est</strong></span> <span class='ocrx_word' id='word_1_301' title='bbox 1961 2999 1975 3021; x_wconf 95' lang='lat'><strong>,</strong></span> <span class='ocrx_word' id='word_1_302' title='bbox 2017 2964 2078 3011; x_wconf 87' lang='lat' dir='ltr'><strong>de</strong></span> <span class='ocrx_word' id='word_1_303' title='bbox 2118 2982 2218 3027; x_wconf 88' lang='lat' dir='ltr'><strong>quo</strong></span> <span class='ocrx_word' id='word_1_304' title='bbox 2256 2964 2382 3011; x_wconf 83' lang='lat' dir='ltr'><strong>dixit</strong></span> 
     </span>
     <span class='ocr_line' id='line_1_46' title="bbox 1355 3044 2386 3108; baseline -0.005 -14"><span class='ocrx_word' id='word_1_305' title='bbox 1355 3045 1618 3094; x_wconf 77' lang='lat' dir='ltr'><strong>Horatius:</strong></span> <span class='ocrx_word' id='word_1_306' title='bbox 1640 3067 1664 3085; x_wconf 72' lang='grc' dir='ltr'><strong>«ι</strong></span> <span class='ocrx_word' id='word_1_307' title='bbox 1677 3061 1834 3108; x_wconf 84' lang='lat' dir='ltr'><strong>ungor</strong></span> <span class='ocrx_word' id='word_1_308' title='bbox 1844 3044 1998 3102; x_wconf 87' lang='lat' dir='ltr'><strong>olivo,</strong></span> <span class='ocrx_word' id='word_1_309' title='bbox 2008 3045 2125 3091; x_wconf 88' lang='lat' dir='ltr'><strong>Non</strong></span> <span class='ocrx_word' id='word_1_310' title='bbox 2140 3059 2241 3106; x_wconf 86' lang='lat' dir='ltr'><strong>quo</strong></span> <span class='ocrx_word' id='word_1_311' title='bbox 2257 3044 2386 3090; x_wconf 77' lang='lat' dir='ltr'><strong>frau-</strong></span> 
     </span>
     <span class='ocr_line' id='line_1_47' title="bbox 1358 3121 2387 3171; baseline -0.004 0"><span class='ocrx_word' id='word_1_312' title='bbox 1358 3124 1481 3171; x_wconf 77' lang='lat' dir='ltr'><strong>datis</strong></span> <span class='ocrx_word' id='word_1_313' title='bbox 1494 3121 1774 3171; x_wconf 80' lang='lat' dir='ltr'><strong>immundus</strong></span> <span class='ocrx_word' id='word_1_314' title='bbox 1783 3121 1931 3169; x_wconf 78' lang='lat' dir='ltr'><strong>Natta</strong></span> <span class='ocrx_word' id='word_1_315' title='bbox 1943 3121 2157 3168; x_wconf 86' lang='lat' dir='ltr'><strong>lucernis</strong></span> <span class='ocrx_word' id='word_1_316' title='bbox 2168 3142 2208 3168; x_wconf 69' lang='grc' dir='ltr'><strong>ι».</strong></span> <span class='ocrx_word' id='word_1_317' title='bbox 2224 3122 2364 3169; x_wconf 68' lang='lat' dir='ltr'><strong>Coun</strong></span> <span class='ocrx_word' id='word_1_318' title='bbox 2376 3157 2387 3167; x_wconf 90' lang='lat'><em>.</em></span> 
     </span>
     <span class='ocr_line' id='line_1_48' title="bbox 1354 3198 2387 3265; baseline -0.007 -13"><span class='ocrx_word' id='word_1_319' title='bbox 1354 3228 1426 3238; x_wconf 89' lang='lat'><strong>—</strong></span> <span class='ocrx_word' id='word_1_320' title='bbox 1446 3204 1558 3251; x_wconf 82' lang='lat' dir='ltr'><strong>Fuit</strong></span> <span class='ocrx_word' id='word_1_321' title='bbox 1585 3204 1641 3249; x_wconf 90' lang='lat' dir='ltr'><strong>L.</strong></span> <span class='ocrx_word' id='word_1_322' title='bbox 1674 3203 1822 3250; x_wconf 79' lang='lat' dir='ltr'><strong>Natta</strong></span> <span class='ocrx_word' id='word_1_323' title='bbox 1841 3238 1857 3263; x_wconf 86' lang='lat'><strong>,</strong></span> <span class='ocrx_word' id='word_1_324' title='bbox 1882 3216 1983 3263; x_wconf 89' lang='lat' dir='ltr'><strong>quo</strong></span> <span class='ocrx_word' id='word_1_325' title='bbox 2012 3198 2245 3265; x_wconf 83' lang='lat' dir='ltr'><strong>pontifice</strong></span> <span class='ocrx_word' id='word_1_326' title='bbox 2264 3215 2387 3263; x_wconf 80' lang='lat' dir='ltr'><strong>prae-</strong></span> 
     </span>
     <span class='ocr_line' id='line_1_49' title="bbox 1356 3280 2386 3331; baseline -0.003 -3"><span class='ocrx_word' id='word_1_327' title='bbox 1356 3294 1502 3330; x_wconf 83' lang='lat' dir='ltr'><strong>eunte</strong></span> <span class='ocrx_word' id='word_1_328' title='bbox 1530 3282 1736 3331; x_wconf 88' lang='lat' dir='ltr'><strong>Clodius</strong></span> <span class='ocrx_word' id='word_1_329' title='bbox 1762 3282 2011 3330; x_wconf 76' lang='lat' dir='ltr'><strong>Ciceronis</strong></span> <span class='ocrx_word' id='word_1_330' title='bbox 2034 3280 2234 3327; x_wconf 87' lang='lat' dir='ltr'><strong>domum</strong></span> <span class='ocrx_word' id='word_1_331' title='bbox 2259 3293 2386 3325; x_wconf 86' lang='lat' dir='ltr'><strong>con·</strong></span> 
     </span>
     <span class='ocr_line' id='line_1_50' title="bbox 1358 3362 1702 3408; baseline -0.003 -1"><span class='ocrx_word' id='word_1_332' title='bbox 1358 3370 1584 3407; x_wconf 72' lang='lat' dir='ltr'><strong>sectant.</strong></span> <span class='ocrx_word' id='word_1_333' title='bbox 1607 3362 1702 3408; x_wconf 83' lang='lat' dir='ltr'><strong>En.</strong></span> 
     </span>
    </p>

    <p class='ocr_par' dir='ltr' id='par_1_13' title="bbox 1429 3436 2387 3501">
     <span class='ocr_line' id='line_1_51' title="bbox 1429 3436 2387 3501; baseline 0 -17"><span class='ocrx_word' id='word_1_334' title='bbox 1429 3452 1516 3486; x_wconf 66' lang='grc' dir='ltr'><strong>υ.</strong></span> <span class='ocrx_word' id='word_1_335' title='bbox 1533 3436 1786 3501; x_wconf 69' lang='lat' dir='ltr'><strong>Efficgere.</strong></span> <span class='ocrx_word' id='word_1_336' title='bbox 1806 3439 1862 3485; x_wconf 86' lang='lat' dir='ltr'><strong>In</strong></span> <span class='ocrx_word' id='word_1_337' title='bbox 1882 3437 2040 3485; x_wconf 89' lang='lat' dir='ltr'><strong>lucem</strong></span> <span class='ocrx_word' id='word_1_338' title='bbox 2059 3436 2212 3484; x_wconf 82' lang='lat' dir='ltr'><strong>exire.</strong></span> <span class='ocrx_word' id='word_1_339' title='bbox 2236 3438 2387 3484; x_wconf 69' lang='lat' dir='ltr'><strong>Mn«.</strong></span> 
     </span>
    </p>

    <p class='ocr_par' dir='ltr' id='par_1_14' title="bbox 1356 3513 2393 3971">
     <span class='ocr_line' id='line_1_52' title="bbox 1430 3513 2388 3564; baseline -0.004 -1"><span class='ocrx_word' id='word_1_340' title='bbox 1430 3518 1518 3563; x_wconf 79' lang='lat'><strong>23.</strong></span> <span class='ocrx_word' id='word_1_341' title='bbox 1540 3518 1616 3563; x_wconf 85' lang='lat' dir='ltr'><strong>De</strong></span> <span class='ocrx_word' id='word_1_342' title='bbox 1628 3514 1781 3563; x_wconf 73' lang='lat' dir='ltr'><strong>Fabio</strong></span> <span class='ocrx_word' id='word_1_343' title='bbox 1798 3520 1967 3563; x_wconf 80' lang='lat' dir='ltr'><strong>Lusco.</strong></span> <span class='ocrx_word' id='word_1_344' title='bbox 1985 3516 2095 3564; x_wconf 86' lang='lat' dir='ltr'><strong>Nisi</strong></span> <span class='ocrx_word' id='word_1_345' title='bbox 2113 3516 2186 3562; x_wconf 86' lang='grc' dir='ltr'><strong>Μ.</strong></span> <span class='ocrx_word' id='word_1_346' title='bbox 2209 3513 2388 3560; x_wconf 78' lang='lat' dir='ltr'><strong>Fabius</strong></span> 
     </span>
     <span class='ocr_line' id='line_1_53' title="bbox 1360 3594 2386 3655; baseline -0.003 -14"><span class='ocrx_word' id='word_1_347' title='bbox 1360 3594 1441 3641; x_wconf 89' lang='lat' dir='ltr'><strong>hic</strong></span> <span class='ocrx_word' id='word_1_348' title='bbox 1468 3605 1572 3651; x_wconf 85' lang='lat' dir='ltr'><strong>est,</strong></span> <span class='ocrx_word' id='word_1_349' title='bbox 1600 3596 1739 3655; x_wconf 85' lang='lat' dir='ltr'><strong>cujus</strong></span> <span class='ocrx_word' id='word_1_350' title='bbox 1767 3594 2050 3641; x_wconf 73' lang='lat' dir='ltr'><strong>modestiam</strong></span> <span class='ocrx_word' id='word_1_351' title='bbox 2078 3594 2221 3641; x_wconf 70' lang='lat' dir='ltr'><strong>etiam</strong></span> <span class='ocrx_word' id='word_1_352' title='bbox 2248 3608 2386 3638; x_wconf 84' lang='lat' dir='ltr'><strong>com·</strong></span> 
     </span>
     <span class='ocr_line' id='line_1_54' title="bbox 1360 3671 2390 3735; baseline -0.003 -16"><span class='ocrx_word' id='word_1_353' title='bbox 1360 3672 1557 3720; x_wconf 79' lang='lat' dir='ltr'><strong>mendat</strong></span> <span class='ocrx_word' id='word_1_354' title='bbox 1575 3688 1657 3735; x_wconf 88' lang='lat' dir='ltr'><strong>ep.</strong></span> <span class='ocrx_word' id='word_1_355' title='bbox 1680 3675 1745 3721; x_wconf 80' lang='lat'><strong>25</strong></span> <span class='ocrx_word' id='word_1_356' title='bbox 1756 3707 1773 3732; x_wconf 93' lang='lat'><strong>,</strong></span> <span class='ocrx_word' id='word_1_357' title='bbox 1790 3672 1873 3719; x_wconf 85' lang='lat' dir='ltr'><strong>lib.</strong></span> <span class='ocrx_word' id='word_1_358' title='bbox 1890 3674 1962 3718; x_wconf 76' lang='lat' dir='ltr'><strong>lx</strong></span> <span class='ocrx_word' id='word_1_359' title='bbox 1981 3706 1996 3728; x_wconf 93' lang='lat'><strong>,</strong></span> <span class='ocrx_word' id='word_1_360' title='bbox 2014 3671 2078 3718; x_wconf 83' lang='lat' dir='ltr'><strong>ad</strong></span> <span class='ocrx_word' id='word_1_361' title='bbox 2096 3673 2210 3720; x_wconf 82' lang='lat' dir='ltr'><strong>Div.</strong></span> <span class='ocrx_word' id='word_1_362' title='bbox 2231 3671 2390 3717; x_wconf 74' lang='lat' dir='ltr'><strong>fateor</strong></span> 
     </span>
     <span class='ocr_line' id='line_1_55' title="bbox 1358 3749 2385 3813; baseline -0.004 -14"><span class='ocrx_word' id='word_1_363' title='bbox 1358 3768 1464 3811; x_wconf 90' lang='lat' dir='ltr'><strong>me,</strong></span> <span class='ocrx_word' id='word_1_364' title='bbox 1488 3752 1578 3813; x_wconf 90' lang='lat' dir='ltr'><strong>qui</strong></span> <span class='ocrx_word' id='word_1_365' title='bbox 1602 3751 1694 3806; x_wconf 89' lang='lat' dir='ltr'><strong>sit,</strong></span> <span class='ocrx_word' id='word_1_366' title='bbox 1726 3752 1964 3813; x_wconf 78' lang='lat' dir='ltr'><strong>ignorare.</strong></span> <span class='ocrx_word' id='word_1_367' title='bbox 1989 3751 2151 3797; x_wconf 67' lang='lat' dir='ltr'><strong>Coun.</strong></span> <span class='ocrx_word' id='word_1_368' title='bbox 2180 3775 2250 3784; x_wconf 90' lang='lat'><strong>—-</strong></span> <span class='ocrx_word' id='word_1_369' title='bbox 2277 3749 2385 3796; x_wconf 88' lang='lat' dir='ltr'><strong>Nisi</strong></span> 
     </span>
     <span class='ocr_line' id='line_1_56' title="bbox 1359 3828 2393 3891; baseline -0.004 -13"><span class='ocrx_word' id='word_1_370' title='bbox 1359 3831 1459 3878; x_wconf 87' lang='lat' dir='ltr'><strong>hoe</strong></span> <span class='ocrx_word' id='word_1_371' title='bbox 1496 3828 1559 3875; x_wconf 89' lang='lat' dir='ltr'><strong>de</strong></span> <span class='ocrx_word' id='word_1_372' title='bbox 1597 3828 1747 3875; x_wconf 73' lang='lat' dir='ltr'><strong>Fabio</strong></span> <span class='ocrx_word' id='word_1_373' title='bbox 1784 3830 1942 3875; x_wconf 80' lang='lat' dir='ltr'><strong>Lusco</strong></span> <span class='ocrx_word' id='word_1_374' title='bbox 1981 3828 2230 3891; x_wconf 86' lang='lat' dir='ltr'><strong>negotium</strong></span> <span class='ocrx_word' id='word_1_375' title='bbox 2270 3843 2393 3874; x_wconf 84' lang='lat' dir='ltr'><strong>con·</strong></span> 
     </span>
     <span class='ocr_line' id='line_1_57' title="bbox 1356 3907 2391 3971; baseline -0.004 -14"><span class='ocrx_word' id='word_1_376' title='bbox 1356 3911 1584 3971; x_wconf 85' lang='lat' dir='ltr'><strong>junctum</strong></span> <span class='ocrx_word' id='word_1_377' title='bbox 1611 3908 1756 3955; x_wconf 83' lang='lat' dir='ltr'><strong>fuerit</strong></span> <span class='ocrx_word' id='word_1_378' title='bbox 1783 3924 1894 3955; x_wconf 88' lang='lat' dir='ltr'><strong>cum</strong></span> <span class='ocrx_word' id='word_1_379' title='bbox 1921 3908 2008 3956; x_wconf 88' lang='lat' dir='ltr'><strong>illo</strong></span> <span class='ocrx_word' id='word_1_380' title='bbox 2036 3909 2227 3965; x_wconf 77' lang='lat' dir='ltr'><strong>Nattae,</strong></span> <span class='ocrx_word' id='word_1_381' title='bbox 2253 3907 2391 3970; x_wconf 87' lang='lat' dir='ltr'><strong>quod</strong></span> 
     </span>
    </p>
   </div>
   <div class='ocr_carea' id='block_1_8' title="bbox 252 3985 2396 4131">
    <p class='ocr_par' dir='ltr' id='par_1_15' title="bbox 252 3985 2396 4131">
     <span class='ocr_line' id='line_1_58' title="bbox 252 3985 2395 4052; baseline -0.002 -15"><span class='ocrx_word' id='word_1_382' title='bbox 252 3990 455 4037; x_wconf 77' lang='lat' dir='ltr'><strong>arbitrio</strong></span> <span class='ocrx_word' id='word_1_383' title='bbox 464 3986 907 4049; x_wconf 65' lang='lat' dir='ltr'><strong>secenum—Quid</strong></span> <span class='ocrx_word' id='word_1_384' title='bbox 927 3987 1010 4035; x_wconf 72' lang='lat' dir='ltr'><strong>illo</strong></span> <span class='ocrx_word' id='word_1_385' title='bbox 1036 3987 1285 4037; x_wconf 69' lang='lat' dir='ltr'><strong>miserius?</strong></span> <span class='ocrx_word' id='word_1_386' title='bbox 1373 3987 1542 4052; x_wconf 72' lang='lat' dir='ltr'><strong>paullo</strong></span> <span class='ocrx_word' id='word_1_387' title='bbox 1574 3997 1686 4034; x_wconf 74' lang='lat' dir='ltr'><strong>aute</strong></span> <span class='ocrx_word' id='word_1_388' title='bbox 1728 3987 1974 4050; x_wconf 76' lang='lat' dir='ltr'><strong>tetigerat,</strong></span> <span class='ocrx_word' id='word_1_389' title='bbox 2012 3986 2089 4034; x_wconf 81' lang='lat' dir='ltr'><strong>vel</strong></span> <span class='ocrx_word' id='word_1_390' title='bbox 2121 3985 2395 4034; x_wconf 84' lang='lat' dir='ltr'><strong>exciderint</strong></span> 
     </span>
     <span class='ocr_line' id='line_1_59' title="bbox 256 4065 2396 4131; baseline -0.002 -16"><span class='ocrx_word' id='word_1_391' title='bbox 256 4066 438 4117; x_wconf 77' lang='lat' dir='ltr'><strong>scilicet</strong></span> <span class='ocrx_word' id='word_1_392' title='bbox 461 4101 476 4126; x_wconf 85' lang='lat'><strong>,</strong></span> <span class='ocrx_word' id='word_1_393' title='bbox 498 4067 634 4115; x_wconf 83' lang='lat' dir='ltr'><strong>bono</strong></span> <span class='ocrx_word' id='word_1_394' title='bbox 652 4065 871 4114; x_wconf 87' lang='lat' dir='ltr'><strong>Domitio</strong></span> <span class='ocrx_word' id='word_1_395' title='bbox 891 4100 908 4126; x_wconf 88' lang='lat'><strong>,</strong></span> <span class='ocrx_word' id='word_1_396' title='bbox 929 4066 1015 4130; x_wconf 86' lang='lat' dir='ltr'><strong>qui</strong></span> <span class='ocrx_word' id='word_1_397' title='bbox 1037 4068 1164 4117; x_wconf 84' lang='lat' dir='ltr'><strong>iuter</strong></span> <span class='ocrx_word' id='word_1_398' title='bbox 1189 4069 1280 4117; x_wconf 89' lang='lat' dir='ltr'><strong>hos</strong></span> <span class='ocrx_word' id='word_1_399' title='bbox 1372 4067 1596 4131; x_wconf 74' lang='lat' dir='ltr'><strong>quaedam</strong></span> <span class='ocrx_word' id='word_1_400' title='bbox 1625 4066 1705 4115; x_wconf 88' lang='lat' dir='ltr'><strong>hic</strong></span> <span class='ocrx_word' id='word_1_401' title='bbox 1741 4083 1931 4115; x_wconf 84' lang='lat' dir='ltr'><strong>necesse</strong></span> <span class='ocrx_word' id='word_1_402' title='bbox 1963 4077 2065 4126; x_wconf 86' lang='lat' dir='ltr'><strong>est,</strong></span> <span class='ocrx_word' id='word_1_403' title='bbox 2093 4065 2171 4113; x_wconf 83' lang='lat' dir='ltr'><strong>vel</strong></span> <span class='ocrx_word' id='word_1_404' title='bbox 2196 4065 2261 4112; x_wconf 78' lang='lat' dir='ltr'><strong>ad</strong></span> <span class='ocrx_word' id='word_1_405' title='bbox 2287 4066 2396 4127; x_wconf 80' lang='lat' dir='ltr'><strong>epi-</strong></span> 
     </span>
    </p>
   </div>
  </div>
 </body>
</html>
