3023 4773
239 410 254 456 l

259 494 2381 521 mmmmmmmmmoumusmmmmm

778 655 1891 763 ARGUMENTUM

970 861 1252 930 LIBRI
1304 860 1705 949 QUINTI.

266 1015 351 1069 Ex
378 1006 834 1086 antepenultima
860 1005 1109 1086 epistola
1138 1008 1458 1087 superioris
1496 1007 1661 1082 libri,
1693 1020 1868 1087 atque
1903 1009 2079 1086 hujus
2116 1008 2367 1067 secunda
2388 1053 2405 1080 ‚

344 1105 714 1184 intelligimus
737 1117 1017 1163 cessatum
1037 1124 1163 1164 esse
1184 1105 1358 1164 scribi
1382 1106 1539 1165 inter
1568 1126 1700 1175 θος,
1729 1125 1913 1165 annos
1947 1105 2107 1184 ipsos
2135 1105 2310 1178 duOS,
2348 1120 2406 1163 et

355 1221 582 1262 menses
606 1201 803 1280 paullo
825 1201 1074 1280 amplius
1100 1221 1200 1260 sex
1225 1225 1239 1260 :
1271 1201 1548 1261 nimirum
1579 1222 1652 1261 ex
1683 1221 1734 1261 a.
1781 1201 1841 1259 d.
1888 1205 1974 1261 lx
2013 1201 2241 1263 kalend.
2270 1221 2406 1259 nov.

346 1304 414 1359 L.
439 1298 698 1358 Domitio
721 1297 1150 1371 AhenobarbO,
1186 1311 1244 1357 et
1272 1302 1385 1377 Ap.
1415 1298 1663 1359 Claudio
1684 1298 1937 1358 Pulchro
1964 1318 2113 1357 coss·
2134 1298 2208 1357 ad
2225 1318 2409 1376 usque

345 1415 600 1456 mensem
621 1396 863 1468 maium,
891 1415 1038 1455 coss.
1065 1400 1149 1455 M.
1176 1395 1458 1456 Marcello
1486 1410 1546 1455 et
1567 1399 1694 1457 Ser.
1723 1396 1980 1475 Sulpicio
2005 1418 2018 1453 :
2068 1416 2188 1474 quo
2215 1415 2411 1454 mense

348 1493 556 1553 Cicero
611 1493 992 1571 proconsule,
1047 1492 1109 1550 in
1157 1493 1526 1571 provinciam
1577 1491 1837 1552 Ciliciam
1862 1535 1880 1564 ‚
1949 1512 2081 1551 cum
2133 1493 2410 1572 imperio,

346 1594 534 1648 Roma
561 1589 859 1668 profectus
886 1601 1004 1662 est,
1047 1588 1158 1648 sibi
1192 1603 1250 1648 et
1287 1592 1391 1650 SC.
1426 1602 1485 1648 et
1532 1590 1657 1668 lege
1689 1590 1912 1647 curiata
1943 1588 2213 1647 traditam
2242 1601 2409 1647 extra

349 1698 600 1745 sortem:
636 1685 949 1765 Appioque
993 1686 1283 1745 successit.
1329 1687 1570 1765 Scripta:
1617 1698 1752 1746 sunt
1804 1699 1996 1744 autem
2040 1685 2178 1745 libri
2234 1686 2409 1762 hujus

360 1783 648 1863 epistolae,
672 1803 746 1841 ex
773 1782 982 1842 itinere
1010 1801 1217 1860 magna
1241 1803 1309 1841 ex
1341 1797 1507 1861 parte
1533 1806 1547 1840 :
1578 1784 1819 1861 reliquae
1843 1803 1918 1842 ex
1942 1783 2272 1861 provincia,
2294 1801 2413 1860 quo

351 1880 627 1959 pervenit
663 1877 855 1957 pridie
891 1879 1004 1939 kal.
1033 1893 1178 1938 sext.
1212 1898 1394 1956 quum
1426 1884 1614 1939 Roma
1650 1900 1913 1959 egressus
1945 1893 2124 1951 esset,
2164 1893 2230 1938 ut
2263 1879 2416 1937 dixi-

350 1996 513 2049 mus,
545 1975 779 2034 circiter
804 1976 916 2034 kal.
938 1975 1108 2049 maii,
1136 1977 1420 2036 Marcello
1455 1989 1515 2035 et
1555 1978 1715 2056 Sulp.
1749 1997 1895 2036 coss.
1921 1982 2069 2051 Quae
2107 1997 2181 2035 ex
2205 1976 2414 2036 itinere

353 2071 583 2149 scriptae
623 2082 787 2145 sunt,
823 2070 971 2128 nihil
1006 2073 1305 2129 continent
1340 2071 1751 2130 memorabile:
1786 2092 1920 2151 quae
1964 2073 2027 2130 in
2068 2073 2374 2151 provincia
2394 2117 2412 2146 ,

357 2180 610 2242 tantum,
651 2188 770 2247 qua
811 2166 1246 2240 moderatione,
1289 2188 1406 2246 qua
1450 2168 1799 2228 abstinentia
1850 2171 2006 2228 illam
2042 2170 2414 2249 gubernarit:

353 2286 591 2345 quoque
618 2265 797 2325 modo
828 2285 890 2325 se
914 2265 1370 2344 comparaverit,
1409 2265 1458 2324 si
1487 2267 1639 2324 sorte
1673 2265 1874 2325 Parthi
1900 2266 1962 2323 in
1989 2286 2151 2325 suam
2173 2269 2418 2345 provin-

353 2365 503 2424 ciam
516 2363 906 2444 irruptionem
933 2364 1123 2423 facere
1152 2375 1523 2423 conarentur.
1545 2361 1693 2423 Nam
1721 2383 1902 2443 quum
1925 2364 2224 2443 superiore
2247 2386 2422 2434 anno,

354 2462 673 2521 exercitum
718 2461 927 2540 populi
970 2462 1229 2536 romani,
1271 2464 1484 2520 Crasso
1530 2459 1680 2520 duce
1725 2459 2062 2529 interfect0‚
2102 2461 2416 2520 miserabili

355 2560 519 2619 clade
551 2559 912 2634 affecissent,
961 2559 1351 2638 reliquiasque
1378 2559 1567 2632 illius,
1605 2557 1766 2617 haud
1804 2577 1941 2617 sane
1977 2579 2183 2638 magna
2210 2579 2417 2632 manu,

359 2657 422 2715 in
464 2658 690 2734 Syriam
723 2657 1091 2736 persequuti,
1133 2676 1167 2715 a
1213 2662 1285 2731 Q.
1314 2654 1514 2715 Cassio
1547 2654 1813 2734 Longino
1851 2655 2162 2737 fortissime
2203 2655 2419 2735 repulsi

362 2753 603 2813 fuissent
628 2781 644 2817 ε
673 2753 881 2832 majori
912 2773 980 2812 ac
1007 2752 1251 2811 firmiori
1276 2753 1371 2825 vi,
1394 2752 1510 2810 hoc
1537 2772 1691 2811 anno
1713 2752 2050 2811 redierunt:
2086 2751 2160 2810 ab
2181 2752 2423 2811 eodem-

364 2872 480 2930 que
525 2852 723 2919 Cassio
762 2872 997 2912 rursum
1038 2854 1210 2930 Syria
1248 2851 1533 2911 excedere
1570 2852 1758 2910 coacti
1790 2864 1944 2910 sunt.
1971 2857 2060 2910 Ita
2091 2851 2244 2909 enim
2272 2850 2425 2909 infra

366 2948 609 3008 Cicero:
628 2972 655 2999 ι
675 2948 914 3007 Interim
934 2969 1172 3008 rumore
1193 2948 1477 3008 adventus
1500 2947 1689 3006 nostri
1703 2991 1721 3021 ,
1747 2960 1806 3006 et
1836 2948 2037 3006 Cassio
2054 2990 2070 3018 ,
2098 2948 2202 3026 qui
2221 2949 2428 3007 Antio-

363 3044 508 3103 chiae
542 3042 871 3119 tenebatur,
907 3045 1131 3104 animus
1160 3044 1397 3105 accessit
1433 3066 1447 3101 :
1477 3058 1538 3104 et
1566 3043 1796 3103 Parthis
1828 3044 2005 3102 timor
2043 3044 2287 3120 injectus
2318 3058 2421 3103 est.

358 3144 570 3220 Itaque
600 3140 871 3199 cedentes
897 3139 972 3198 ab
1003 3140 1225 3220 oppido
1244 3143 1472 3202 Cassius
1498 3142 1872 3220 insequutus,
1900 3160 2025 3198 rem
2050 3139 2199 3199 bene
2223 3141 2425 3218 gessit:

365 3257 486 3317 qua
518 3238 580 3298 in
608 3237 774 3316 fuga,
809 3255 1017 3315 magna
1038 3238 1381 3298 auctoritate
1406 3244 1620 3299 Osaces
1660 3238 1782 3297 dux
1808 3237 2158 3303 Parthorum
2175 3280 2191 3308 ,
2216 3237 2436 3315 vulnus,

362 3335 616 3413 accepit,
659 3353 848 3412 eoque
872 3332 1092 3391 interiit
1118 3335 1317 3411 paucis
1343 3349 1478 3414 post
1499 3335 1708 3396 diebus
1723 3363 1768 3399 ι.
1793 3334 2139 3394 Continetur
2165 3334 2302 3392 item
2335 3333 2426 3393 his

365 3431 631 3509 epistolis
663 3429 962 3508 quomodo
991 3430 1197 3490 Cicero
1224 3431 1286 3488 in
1308 3436 1569 3504 Amasin,
1608 3431 1982 3504 Pindenisso,
2012 3430 2236 3509 oppido
2255 3431 2429 3489 Eleu-

367 3527 819 3588 thero-Cilicum
844 3539 1017 3607 capto
1038 3573 1055 3602 ,
1089 3546 1303 3586 nomen
1339 3529 1712 3607 imperatoris
1749 3539 2090 3606 assequutus
2118 3526 2329 3600 suerit,
2369 3539 2430 3585 et

368 3623 631 3701 quaedam
660 3624 798 3699 alia,
839 3622 999 3683 haud
1034 3624 1229 3701 magni
1265 3623 1338 3682 ad
1366 3624 1669 3683 historiam
1699 3624 1994 3683 momenti.
2019 3627 2314 3682 Cessatum
2343 3635 2431 3681 est

370 3734 561 3781 autem
605 3721 782 3782 scribi
828 3722 983 3781 inter
1033 3742 1136 3782 eos
1185 3734 1311 3780 toto
1348 3723 1653 3781 consulatu
1713 3725 1823 3781 Cn.
1879 3720 2122 3781 Domitii
2165 3720 2391 3780 Calvini
2409 3763 2427 3792 ,

368 3823 452 3881 M.
466 3819 682 3878 Valerii
710 3821 1021 3894 Messallam
1055 3819 1196 3879 item
1223 3822 1330 3880 Cn.
1356 3818 1620 3897 Pompeii
1643 3818 1844 3897 Magni
1867 3821 1961 3878 111
1977 3861 1994 3891 ,
2025 3830 2085 3876 et
2106 3822 2180 3890 Q.
2203 3816 2428 3878 Metelli

374 3915 684 3995 Scipionis.

1109 4074 1683 4105 *—
