3023 4773
728 396 870 478 440
1360 397 1457 464 M.
1508 399 1586 468 T.
1639 399 2204 467 CICERONIS

726 516 902 613 lige,
937 530 1007 586 te
1028 538 1110 587 re
1133 517 1292 586 istic
1309 526 1342 573 9
1368 512 1738 611 prodesse,
1765 514 1883 591 hic
1909 541 2000 586 ne
2026 514 2250 587 verbo
2273 516 2571 613 quidem
2597 518 2814 593 levare

724 649 840 696 me
883 648 1115 722 posse.
1168 627 1335 696 Non
1382 648 1576 720 queo
1610 625 1819 723 plura
1860 624 2209 713 scribere;
2247 650 2382 697 nec
2428 642 2567 717 est,
2636 631 2818 727 quod

722 732 1025 805 scribam
1072 760 1088 801 ε
1146 749 1380 805 vestra
1415 735 1638 831 magis
1688 749 2049 833 exspecto.
2107 739 2268 807 Dat.
2311 761 2430 807 xv1
2471 737 2612 810 kal.
2655 754 2814 812 sext.

720 842 1253 915 Thessalonicae.

719 1016 909 1065 venires
950 1015 1131 1065 Sidona
1147 1051 1163 1073 ,
1209 1016 1286 1063 vel
1326 1017 1501 1074 Dona,
1548 1028 1733 1079 quanto
1819 1015 2370 1087 sariouis2Dodom1’tam
2380 1035 2403 1076 ,·
2419 1019 2548 1068 unde
2560 1022 2817 1069 Tunstallus

716 1094 1017 1160 probabilius
1032 1096 1146 1143 inde
1163 1095 1447 1143 Ciceronem
1462 1095 1734 1159 scripsisse,
1817 1095 1965 1156 ficit,
1989 1113 2040 1160 p.
2065 1112 2158 1159 90,
2182 1096 2278 1145 nid
2303 1097 2526 1146 omittam
2543 1110 2724 1148 tamen:
2748 1102 2818 1147 in-

714 1174 907 1222 venires
933 1177 1093 1228 Icona.
1126 1173 1423 1242 Stephanus,
1456 1162 1572 1223 ἴτων
1596 1171 1732 1230 πόλις
1817 1174 1985 1242 telligo
2002 1198 2046 1223 a.
2082 1177 2337 1239 Ingeniose
2379 1193 2522 1236 saue,
2557 1189 2611 1226 ut
2643 1180 2818 1227 Erue-t.

717 1250 1003 1310 Θισσαλίας,
1022 1253 1163 1300 ethic
1180 1253 1321 1319 locus
1337 1252 1483 1300 Tullii
1502 1253 1732 1316 praechre
1807 1253 2014 1322 judicat.
2028 1255 2089 1322 Et
2105 1247 2218 1303 Sch.
2228 1265 2283 1302 ut
2304 1257 2544 1336 optimum
2569 1257 2622 1304 iu
2647 1268 2816 1306 textum

717 1329 875 1378 firmat
917 1332 1242 1379 testimonium
1288 1332 1535 1396 Stephani.
1578 1335 1630 1381 J.
1672 1335 1728 1381 F.
1817 1334 2015 1397 oeeepit.
2040 1333 2073 1379 J
2077 1368 2091 1382 .
2114 1336 2177 1383 V.
2198 1338 2255 1383 L.

716 1411 950 1459 διαιταν.
967 1437 1036 1456 —-
1053 1410 1177 1459 Edd.
1200 1428 1274 1476 pr.
1290 1412 1490 1461 Sidona.
1513 1414 1603 1462 MS
1618 1414 1733 1461 nes-
1892 1427 1942 1473 9.
1969 1411 2099 1461 Istic.
2124 1415 2309 1461 Romn-

1340 1775 1927 1874 EPISTOLA
1982 1775 2225 1855 xm.

718 1943 840 1997 Cur
864 1959 926 1997 se
949 1939 1356 1999 Thessalonica
1383 1959 1501 1997 non
1525 1939 1918 2010 commoverit,
1945 1939 2206 2018 exponit.
2225 1939 2505 2003 Dolorem
2536 1959 2707 1999 suum
2735 1960 2823 1997 ex-

797 2046 988 2106 cusat;
1012 2047 1071 2092 et
1097 2034 1372 2111 quoniam
1390 2034 1665 2111 ‘Cyzicum
1689 2032 1801 2102 sibi
1824 2032 2077 2091 eundum
2108 2035 2215 2107 sit,
2252 2034 2512 2102 Atticum
2540 2049 2739 2113 rogat,
2770 2048 2824 2091 ut

760 2127 763 2132 ⁵
799 2131 1124 2208 diligenter,
1149 2150 1278 2208 quae
1305 2150 1451 2208 opus
1477 2130 1611 2206 sint,
1644 2129 1874 2202 scribat,
1891 2143 1949 2186 et
1976 2130 2255 2206 Quintum
2279 2130 2516 2188 fratrem
2542 2150 2826 2190 commen-

798 2228 913 2287 dat.
948 2227 1419 2306 (Thessalonicae,
1457 2247 1609 2286 anno
1642 2231 1714 2302 U.
1757 2229 1821 2283 C.
1855 2226 2001 2301 695,
2038 2246 2228 2285 mense
2250 2224 2484 2304 sextili.)

1394 2407 1708 2471 CICERO
1752 2405 2066 2469 ATTICO
2113 2405 2177 2469 S.

817 2544 1034 2637 Quoi)
1093 2540 1182 2623 ad
1238 2555 1309 2633 te
1359 2541 1780 2638 scripseram
1811 2593 1831 2627 ‚
1886 2564 2022 2609 me
2060 2540 2135 2608 in
2193 2542 2414 2636 Epiro
2472 2538 2826 2628 futurum,

721 2664 1189 2749 posteaquam
1237 2655 1605 2725 extenuari
1665 2673 1866 2748 spem
1915 2663 2237 2721 nostram
2284 2665 2355 2721 et
2409 2666 2826 2723 'evanescere

719 2759 911 2846 vidi,
959 2761 1229 2829 mutavi
1286 2760 1710 2847 consilium;
1762 2783 1897 2829 nec
1951 2783 2065 2829 me
2108 2757 2606 2830 Thessalonica
2651 2784 2828 2832 com·

726 2871 961 2957 movi,
1016 2870 1143 2949 ubi
1189 2894 1340 2942 esse
1384 2884 1808 2957 statueram,
1853 2868 2099 2964 quoad
2142 2867 2412 2966 aliquid
2461 2866 2551 2940 ad
2590 2895 2709 2941 me
2750 2868 2827 2939 de

726 3004 816 3051 eo
865 2980 1244 3068 scriberes,
1308 2981 1508 3078 quod
1550 2981 1892 3078 proximis
1937 2979 2159 3051 literis
2197 2982 2607 3077 scripseraS,
2647 2980 2830 3067 fore,

723 3091 830 3157 uti
860 3089 1254 3160 secundum
1288 3090 1576 3160 comitia
1600 3086 1868 3185 aliquid
1904 3087 1995 3159 de
2031 3086 2244 3160 nobis
2276 3093 2354 3159 in
2390 3104 2648 3160 senatu
2682 3114 2830 3185 age·

723 3212 955 3285 retur;
987 3197 1061 3267 id
1097 3198 1228 3269 tibi
1262 3199 1686 3295 Pompeium
1722 3197 2000 3269 dixisse.
2032 3199 2194 3289 Qua
2226 3196 2317 3268 de
2343 3221 2459 3284 re,
2494 3200 2829 3294 quoniam

725 3308 1013 3377 comitia
1045 3305 1288 3378 habita
1324 3323 1530 3395 sunt,
1573 3323 1801 3405 tuque
1843 3304 2019 3378 nihil
2054 3307 2146 3377 ad
2183 3332 2299 3378 me
2339 3307 2623 3394 scribi5‚
2669 3334 2829 3406 pro-

724 3418 893 3488 inde
939 3415 1262 3507 habeb0‚
1301 3442 1381 3487 ac
1413 3419 1472 3497 si
1509 3419 1907 3514 scripsisses
1948 3416 2127 3487 nihil
2164 3441 2351 3505 esse3
2384 3442 2620 3514 neque
2660 3433 2831 3490 tem-

730 3530 925 3624 poris
946 3553 1092 3597 non
1118 3527 1493 3625 longinqui
1517 3540 1536 3571 ¹
1581 3553 1708 3628 spe
1732 3528 2034 3605 ductum
2059 3552 2241 3616 esse,
2261 3527 2559 3603 moleste
2593 3526 2828 3600 feram.

805 3752 847 3783 1.
880 3736 1051 3799 Neque
1078 3736 1306 3800 temporis
1339 3753 1435 3784 non
1472 3737 1743 3803 longinqui.
1830 3752 2012 3801 paucos
2036 3736 2183 3783 hosce
2209 3734 2311 3782 dies
2337 3751 2441 3782 nou
2467 3735 2588 3783 male
2613 3749 2832 3799 sperasse.

731 3817 909 3862 Sensus
951 3825 1057 3862 est:
1100 3816 1273 3879 Neque
1319 3817 1465 3863 feram
1513 3816 1742 3875 moleste,
1830 3818 2123 3863 Minurae—
2138 3816 2218 3863 Sic
2232 3830 2349 3862 vero
2361 3814 2688 3877 Mongnltius:
2708 3814 2837 3860 «Ne-

730 3902 941 3956 sperasse'
968 3892 1104 3941 brevi
1134 3907 1380 3959 tempore,
1407 3895 1503 3942 hoc
1532 3907 1628 3957 est,
1658 3913 1744 3960 spe
1831 3911 1925 3957 que
1949 3895 2150 3941 moleste
2175 3894 2351 3952 feram,
2370 3909 2583 3959 sperasse
2607 3908 2710 3949 me,
2735 3872 2834 3937 Iste!

728 3970 810 4017 illa
838 3973 1075 4035 privatum
1104 3990 1204 4020 esse
1223 4011 1238 4033 ,
1274 3991 1368 4038 qua
1402 3975 1739 4023 sustentabar:
1833 3975 2003 4022 frustra
2028 3985 2075 4021 et
2103 3973 2327 4035 inaniter,
2352 3975 2454 4022 sore
2479 3984 2532 4021 ut
2548 4006 2562 4030 ‚
2583 3981 2698 4036 post
2726 3982 2835 4018 tem·

730 4066 880 4117 quum
899 4049 1016 4097 mihi
1030 4052 1228 4099 amicior
1245 4056 1445 4114 veritas,
1464 4070 1608 4116 quam
1628 4071 1743 4100 con·
1832 4070 1922 4118 pus
1966 4070 2064 4101 non
2108 4053 2431 4116 longinquum
2448 4087 2462 4109 ,
2507 4054 2778 4099 restituerer
2793 4069 2833 4093 ι.

728 4129 901 4177 solatio
919 4130 999 4177 sit.
1015 4130 1108 4178 vel
1123 4132 1218 4179 sie:
1236 4134 1336 4180 Nec
1354 4134 1555 4182 moleste
1570 4135 1740 4192 seram,
1831 4133 2003 4197 Quod,
2030 4133 2224 4198 opinor,
2248 4133 2405 4180 verius
2427 4142 2518 4180 est.
2545 4133 2698 4177 Ouv.
