3023 4773
489 440 581 512 30
1131 438 1228 506 M.
1280 437 1358 505 T.
1413 437 1965 510 CICERONIS

478 627 2599 655 mmm-mmmmm

1089 802 1694 884 EPISTOLA
1765 805 2012 886 XIX.

476 975 688 1050 Rogat,
720 979 785 1025 ut
813 970 1136 1044 Lysonem,
1165 984 1341 1043 quem
1367 977 1539 1024 antea
1567 963 2109 1041 commendaverat,
2145 967 2206 1026 in
2235 966 2407 1027 fidem
2432 981 2492 1028 et
2517 989 2620 1028 ne—

776 1062 1181 1123 cessitudinem
1208 1061 1470 1151 recipiat.
1496 1065 1747 1135 (Romae,
1773 1082 1927 1121 anno
1953 1067 2027 1124 U.
2055 1067 2122 1123 C.
2149 1066 2311 1144 707.)

868 1247 961 1312 M.
982 1247 1058 1311 T.
1097 1248 1169 1311 C.
1200 1244 1442 1312 SERV.
1475 1245 1876 1313 SULPICIO
1922 1247 1988 1314 S.
2024 1248 2096 1312 P.
2130 1249 2211 1314 D.

571 1397 742 1467 Cum
785 1394 1115 1487 Lysone¹
1158 1391 1479 1461 Patrensi
1522 1404 1629 1461 est
1662 1389 1845 1461 mihi
1885 1389 2183 1487 quidem
2214 1388 2613 1490 hospitium

470 1520 722 1591 vetus,
787 1525 1006 1599 quam
1058 1525 1194 1598 ego
1255 1499 1861 1572 necessitudinem
1925 1515 2170 1573 sancte
2232 1501 2614 1575 colendam

469 1629 674 1714 puto.
710 1611 851 1684 Sed
881 1635 964 1683 ea
999 1634 1213 1681 causa
1244 1610 1459 1680 etiam
1493 1634 1663 1681 cum
1695 1609 1850 1682 aliis
1879 1610 2465 1712 compluribus²t
2503 1613 2613 1687 fa·

471 1724 839 1796 miliaritas
872 1733 1072 1793 tanta
1106 1719 1310 1791 nullo
1343 1746 1511 1792 cum
1554 1720 1885 1819 hospite;
1940 1735 2012 1793 et
2047 1748 2130 1794 ea
2166 1747 2397 1822 quum
2443 1721 2611 1795 offi-

468 1837 595 1907 ciis
632 1834 787 1930 ejus
821 1831 1105 1915 multis,
1157 1845 1313 1901 tum
1356 1834 1573 1902 etiam
1614 1832 2145 1904 consuetudine
2183 1833 2613 1931 quotidiana

467 1949 568 2019 sic
599 1961 708 2018 est
739 1959 946 2017 aucta
967 1996 988 2031 ,
1016 1957 1100 2013 ut
1135 1940 1313 2012 nihil
1357 1945 1449 2013 sit
1484 1940 1959 2015 familiaritate
1998 1958 2244 2015 nostra
2288 1945 2606 2039 conjun-

465 2060 675 2138 ctius.
737 2058 808 2125 Is
847 2077 1075 2153 quum
1121 2057 1364 2122 Romae
1405 2076 1676 2123 annum
1730 2075 1963 2151 prope
2025 2053 2125 2124 ita
2182 2047 2472 2141 fuisset,
2523 2070 2608 2127 ut

467 2190 755 2238 mecum
793 2167 1106 2251 viveret,
1163 2165 1297 2234 etsi
1334 2186 1621 2235 eramus
1669 2163 1745 2232 in
1785 2178 2056 2262 'magna
2092 2188 2258 2262 spe,
2317 2178 2386 2236 te
2419 2167 2604 2237 meis

458 2276 681 2349 literis
714 2272 1490 2370 commendationeque
1523 2271 2064 2371 diligentissime
2093 2271 2495 2364 facturum,
2527 2273 2604 2348 id

462 2386 665 2487 quod
692 2384 959 2473 fecisti,
984 2399 1069 2456 ut
1096 2383 1254 2480 ejus
1286 2408 1441 2455 rem
1468 2398 1540 2453 et
1566 2379 1896 2455 fortunas
1924 2380 2245 2456 absentis
2280 2400 2600 2459 tuerere:

461 2513 705 2571 tamen
743 2494 944 2594 quod
983 2497 1059 2565 in
1098 2490 1347 2565 unius³
1374 2506 1732 2595 potestate
1763 2506 1967 2563 erant
1996 2496 2264 2579 omnia,
2292 2509 2367 2566 et
2399 2494 2606 2592 quod

459 2613 650 2706 Lyso
680 2604 914 2678 fuerat
939 2607 1013 2674 in
1035 2618 1282 2675 nostra
1309 2605 1558 2675 causa⁴
1591 2606 2005 2699 nostrisque
2029 2602 2397 2700 praesidiis,
2414 2628 2604 2700 quo·

454 2719 630 2792 tidie
659 2714 930 2814 aliquid
961 2713 1417 2786 timebamus.
1452 2710 1811 2785 Effectum
1846 2728 2087 2784 tamen
2126 2727 2234 2784 est
2265 2730 2339 2787 et
2370 2718 2604 2814 ipsius

454 2827 867 2929 splendore,
904 2839 978 2896 et
1014 2840 1266 2896 nostro
1299 2825 1905 2922 reliquorumque
1933 2822 2303 2923 hospitum
2331 2824 2600 2915 studio,

451 2953 535 3012 ut
580 2939 824 3012 omnia
851 2991 870 3025 ,
909 2960 1073 3033 quae
1120 2936 1513 3022 vellemus,
1563 2957 1604 3004 a
1654 2937 1931 3006 Caesare
1995 2934 2599 3032 impetrarentur:

448 3048 651 3149 quod
684 3046 1039 3144 intelliges
1073 3070 1161 3117 ex
1197 3049 1284 3117 iis
1320 3046 1578 3131 literis,
1601 3068 1780 3142 quas
1818 3048 2053 3116 Caesar
2083 3043 2174 3115 ad
2213 3060 2286 3117 te
2325 3045 2527 3118 dedit
2543 3044 2596 3120 ⁵.

448 3165 666 3233 Nunc
697 3183 849 3230 non
879 3156 1100 3228 modo
1128 3181 1280 3226 non
1307 3157 1745 3227 remittimus
1772 3152 1907 3226 tibi
1933 3153 2211 3252 aliquid
2230 3181 2321 3227 ex
2348 3172 2601 3230 nostra

448 3266 1114 3351 commendatione,
1158 3268 1362 3362 quasi
1399 3263 1643 3363 adepti
1671 3263 1822 3360 jam
1860 3269 2140 3350 omnia;
2185 3266 2314 3336 sed
2350 3292 2438 3338 eo
2466 3292 2595 3341 ve-

525 3479 571 3512 x.
596 3461 717 3509 Cum
734 3463 941 3522 Lysone.
969 3461 1019 3507 Is
1044 3458 1225 3523 saepius
1250 3461 1474 3508 nomim-
1638 3465 1690 3514 5.
1717 3465 1853 3528 Quas
1888 3465 2058 3514 Caesar
2078 3466 2154 3514 ad
2177 3478 2225 3514 ee
2251 3467 2402 3516 dedit.
2426 3471 2599 3519 Potest

444 3556 527 3594 tur
574 3541 629 3590 in
673 3539 892 3604 epistolis
941 3539 1006 3586 nd
1044 3539 1276 3587 Tironem
1320 3539 1474 3587 Patris
1561 3560 1641 3593 eas
1661 3544 1825 3594 litem
1838 3546 2311 3610 Caurinnispania
2328 3549 2598 3612 scripsisse,

447 3631 779 3688 egrotantem.
791 3618 873 3666 Ad
892 3619 1005 3668 Div.
1021 3619 1168 3681 XVI,
1188 3628 1216 3676 4
1241 3628 1289 3666 et
1311 3618 1361 3667 5.
1380 3621 1472 3667 En.
1561 3623 1648 3672 sed
1674 3624 1979 3673 verisimilius
2015 3636 2085 3673 est
2102 3660 2120 3690 ,
2158 3625 2210 3674 in
2239 3626 2373 3675 Urbe
2394 3642 2408 3676 :
2436 3644 2597 3691 quum

514 3718 566 3750 α.
607 3695 789 3747 Schiitz
828 3695 1087 3759 legendum
1120 3707 1294 3761 putat,
1328 3718 1355 3738 ιι
1373 3697 1472 3745 Sed
1562 3703 1697 3752 dicat
1731 3705 1933 3766 Cicero,
1977 3730 2005 3749 α
2028 3708 2088 3755 Et
2123 3717 2326 3767 nostro,
2381 3708 2597 3772 reliquo·

443 3797 499 3830 en
525 3793 669 3829 causa
695 3774 967 3822 communis
1002 3791 1114 3822 cnm
1148 3775 1209 3825 al.
1241 3774 1424 3840 compl.
1446 3798 1471 3817 ι·
1559 3798 1766 3846 rumque
1803 3782 2055 3849 hospitum
2091 3785 2258 3834 studio
2276 3808 2320 3834 ιι.
2360 3786 2510 3850 Quod
2547 3790 2592 3836 si

442 3861 564 3918 vel,
587 3881 613 3901 .-
632 3854 727 3905 Sed
754 3870 811 3903 ea
837 3853 979 3901 etiam
999 3869 1112 3902 cnm
1133 3855 1240 3904 aliis
1257 3855 1474 3920 complu·
1559 3861 1626 3909 in
1650 3872 1752 3921 est,
1776 3862 1871 3910 ivit
1889 3863 2134 3929 Sulpicius
2152 3865 2206 3912 in
2220 3866 2476 3924 Achaiam,
2499 3881 2591 3915 en-

444 3939 583 3987 tibus
596 3958 643 3985 ιο.
666 3935 790 3984 LV.
814 3934 871 3981 Ia·
1559 3950 1755 4004 tequam
1782 3940 1834 3988 in
1862 3943 2146 4007 Hispaniam
2167 3941 2266 4011 (ep.
2292 3956 2322 4000 4
2349 3945 2433 3992 lib.
2456 3947 2553 4013 IV)
2573 3963 2588 3998 :

508 4020 558 4065 3.
590 4018 649 4063 In
678 4012 839 4061 unius.
863 4010 1080 4061 Castris.
1555 4019 1729 4067 mansit
1749 4035 1904 4083 usqne
1922 4021 1984 4070 nd
2004 4023 2191 4071 exitum
2211 4023 2341 4072 belli.
2360 4027 2502 4084 Nam,
2528 4040 2595 4078 ut

512 4104 563 4152 4.
592 4093 780 4141 Nostra
799 4107 970 4140 causa.
996 4090 1185 4156 Nempe
1210 4094 1464 4160 Pompeia·
1557 4096 1770 4146 diximus
1790 4098 1918 4159 jam,
1946 4102 2106 4151 Caesar
2132 4115 2181 4150 et
2206 4102 2452 4168 Sulpicius
2467 4139 2482 4161 ‚
2500 4105 2594 4156 hie

433 4190 629 4226 nomm.
646 4173 763 4221 Sca.
1555 4192 1618 4224 ex
1637 4177 1836 4243 Achaia,
1864 4180 1946 4230 ille
1965 4182 2121 4231 missis
2145 4198 2203 4232 ex
2223 4184 2455 4250 Hispania
2474 4186 2592 4237 lite-
