3023 4773
625 448 1168 533 EPISTOLAE
1225 449 1362 513 AD
1415 448 1914 536 ATTICUM‚
1959 457 2022 538 Ι,
2086 477 2187 547 ¹7·

2333 452 2472 525 333

350 594 436 640 eo
485 565 763 640 coire¹⁸
806 594 934 666 per
970 571 1255 639 Arrium
1306 573 1612 665 cogitatu
1661 586 1734 642 et
1776 572 2075 644 Bibulus
2123 596 2290 646 eum
2335 577 2477 646 boc

349 705 423 749 se
463 695 667 776 putat
703 705 835 777 per·
876 680 1208 750 Pisonem
1256 705 1468 777 posse
1518 681 1959 778 conjungi¹9.
2003 685 2266 756 Rides?
2309 691 2476 758 Non

346 803 514 859 sunt
552 789 703 860 haec
734 788 1060 875 ridicula,
1101 787 1278 858 mibi
1321 789 1555 860 crede.
1590 790 1783 881 Quid
1823 792 2018 863 aliud
2047 795 2353 866 scribam
2381 796 2475 867 ad

349 898 466 969 te?
495 898 718 995 quid?
754 899 977 970 multa
1020 914 1232 986 sunt3
1262 898 1388 971 sed
1429 900 1502 968 in
1546 899 1741 969 aliud
1773 914 2081 999 tempus.
2118 907 2217 974 Te
2254 906 2313 974 si
2354 931 2475 976 ex-

343 1011 651 1105 spectari
705 1010 913 1095 velis,
979 1033 1221 1096 cureS‚
1281 1025 1364 1080 ut
1413 1013 1653 1081 sciam.
1710 1016 1862 1080 Jam
1910 1012 2086 1083 illud
2152 1013 2477 1085 modeste

345 1143 524 1214 rogo
541 1128 632 1206 ²⁰,
670 1119 871 1216 quod
892 1123 1201 1190 maxime
1231 1122 1448 1217 cupio
1467 1175 1486 1206 ,
1515 1133 1597 1190 ut
1625 1145 1841 1217 quam
1868 1122 2184 1219 primum
2215 1126 2473 1194 venias.

344 1229 573 1300 Nonis
611 1227 972 1299 decembr.

342 1382 469 1443 lum,
508 1381 569 1430 C.
608 1381 793 1429 Julium
828 1381 1101 1444 Caerem;
1132 1382 1360 1443 majorem

342 1477 475 1526 spem
502 1473 674 1508 metus
707 1472 783 1509 est
813 1460 1113 1524 adipiscendi
1132 1459 1359 1509 consula-

342 1553 439 1589 tus.
462 1540 633 1588 Multis
645 1551 803 1588 sutem
826 1539 1229 1604 competitoribus
1243 1575 1258 1600 ,
1276 1555 1358 1603 pe-

344 1630 442 1667 tere
466 1621 570 1683 ipse
597 1634 697 1666 non
726 1630 848 1666 esset
877 1635 1021 1666 ausus
1037 1653 1052 1677 ‚
1075 1618 1162 1683 qni
1188 1635 1239 1665 se
1256 1634 1358 1666 non

341 1699 408 1746 ita
435 1699 703 1762 gratiosum
723 1714 823 1746 esse
849 1699 899 1745 in
924 1698 1162 1761 suffragiis
1185 1697 1356 1745 intelli-

341 1789 488 1840 geret.
520 1778 665 1827 Mu.
1145 1826 1154 1835 ,

418 1858 496 1905 18.
534 1857 651 1904 cnm
682 1872 739 1903 eo
764 1855 912 1902 coire.
936 1857 1059 1904 Cum
1080 1871 1140 1903 eo
1157 1855 1359 1903 societa-

342 1946 437 1982 tem
472 1936 594 1982 inire
636 1944 803 1980 contra
832 1932 1074 1981 Bibulum.
1103 1934 1358 1981 Lucceium

339 2015 469 2062 enim
495 2013 655 2061 Cam
681 2011 915 2074 collegam
938 2010 1144 2059 malebat
1163 2011 1215 2057 in
1243 2024 1360 2059 eon·

337 2094 527 2152 sulntu-;
546 2102 601 2138 ut
617 2092 705 2153 qui
725 2106 826 2137 non
846 2089 1117 2145 dubitaret,
1134 2090 1359 2138 Bibulum

340 2170 528 2234 optime
568 2169 629 2216 de
669 2167 917 2231 republica
953 2169 1235 2216 sentientem
1263 2170 1362 2216 suis

338 2248 616 2297 actionibus
641 2247 1021 2295 adversaturum.
1040 2246 1166 2295 Vide
1193 2249 1362 2295 Sueto-

341 2329 493 2377 nium.
523 2329 675 2375 Insu-

419 2423 496 2470 ¹9·
529 2406 786 2472 conjungi.
815 2408 907 2455 Per
934 2407 1230 2466 coitionem,
1268 2407 1361 2454 nisi

1447 1380 1516 1428 ita
1561 1380 1786 1429 volumus
1836 1383 2145 1446 interpretari
2178 1400 2190 1433 :
2243 1384 2447 1432 Bibulus
2463 1422 2478 1444 ,

1448 1459 1670 1522 quamvis
1696 1466 1831 1523 gerat
1856 1461 2132 1510 inimicitias
2155 1478 2267 1510 cum
2291 1465 2479 1513 Caum

1446 1555 1511 1586 ex
1546 1539 1780 1587 aedilitste
1797 1571 1814 1598 ,
1853 1549 1901 1588 et
1933 1551 2144 1603 ρωποι-ι
2186 1554 2476 1607 conceptas,

1447 1618 1575 1667 cies.
1597 1617 1685 1665 lib.
1704 1622 1778 1667 111
1803 1617 1863 1666 de
1882 1619 2001 1667 Bell.
2025 1619 2135 1669 civ.
2151 1632 2294 1684 putat
2316 1634 2476 1669 tamen

1444 1714 1496 1745 se
1523 1714 1614 1762 per
1652 1698 1710 1748 C.
1737 1698 1964 1745 Pisonem
1995 1698 2063 1745 its
2093 1714 2207 1746 cum
2244 1715 2304 1747 eo
2332 1716 2477 1764 posse
2528 1750 2549 1775 ⁸

1444 1777 1697 1840 conjungi,
1721 1788 1777 1825 ut
1807 1793 1910 1826 cos.
1934 1792 2045 1825 cum
2068 1794 2130 1826 eo
2157 1776 2257 1826 fist.
2282 1779 2449 1828 Coun.

1518 1874 1602 1907 20.
1625 1858 1849 1906 Modesto
1870 1873 2010 1922 rogo.
2036 1857 2185 1920 Quod
2211 1858 2478 1922 intelligam

1447 1936 1609 1999 magni
1635 1937 1866 1984 interesse
1889 1947 1989 1994 tus,
2008 1946 2057 1983 te
2084 1935 2136 1982 id
2163 1952 2325 1999 agene,
2343 1936 2478 1999 quod

1447 2014 1688 2077 agendum
1722 2027 1823 2073 est,
1858 2027 1914 2064 ut
1950 2016 2100 2079 epist.
2129 2016 2159 2063 8
2187 2016 2237 2063 h.
2268 2014 2304 2062 l.
2338 2014 2472 2079 Quid

1449 2108 1569 2139 vero
1609 2103 1728 2140 tunc
1767 2105 1933 2157 ageret
1972 2096 2167 2143 Atticus
2186 2130 2202 2157 ‚
2238 2094 2478 2159 intelliges

1450 2172 1595 2234 epist.
1623 2187 1683 2218 10
1710 2171 1757 2218 h.
1784 2172 1820 2220 l.
1845 2172 1971 2229 Alii,
1999 2194 2022 2216 ι
2046 2174 2252 2222 Moleste
2280 2190 2403 2237 rogo
2423 2196 2468 2223 ι.

1450 2252 1672 2297 Ῑυιιι.-
1687 2250 1921 2305 Hodesee,
1934 2252 2029 2300 hoe
2042 2263 2133 2311 est,
2150 2253 2477 2309 mediocriter,

1451 2344 1553 2393 pne
1585 2327 1838 2376 voluntate
1866 2346 1994 2386 mes,
2031 2340 2089 2377 nt
2114 2331 2279 2379 venias
2297 2365 2313 2390 ‚
2339 2347 2478 2396 rogo.

1451 2409 1679 2457 Mune.

342 2577 1716 2600 mmmmmmmmmmmmffl
1722 2577 2454 2603 mum-§mmmmm

898 2741 1503 2822 EPISTOLA
1577 2735 1921 2820 XVIII.

343 2892 416 2946 Se
444 2887 517 2946 ab
544 2886 814 2945 omnibus
848 2884 1060 2962 quibus
1100 2884 1285 2943 libere
1315 2897 1374 2943 et
1410 2886 1659 2961 ingenue
1706 2884 1960 2962 colloqui
2002 2888 2185 2964 possit
2227 2886 2477 2944 destitu-

424 2998 570 3052 tum,
616 2984 876 3042 Atticum
933 2995 1303 3062 exspectare,
1347 2981 1711 3052 desiderare,
1764 2996 2075 3040 arcessere.
2119 2984 2481 3042 Domesticas

421 3079 835 3140 sollicitudines
863 3100 924 3138 se
952 3079 1274 3152 occultare,
1299 3079 1359 3137 in
1391 3100 1518 3158 rep.
1540 3093 1674 3159 post
1694 3078 1871 3137 Attici
1895 3078 2207 3137 discessum
2236 3100 2303 3137 ea
2331 3080 2477 3138 acci-

421 3178 599 3251 disse,
627 3198 758 3256 quae
784 3178 931 3254 reip.
952 3177 1247 3236 interitum
1272 3178 1586 3236 minentur.
1614 3176 1795 3237 Addit
1827 3175 1901 3234 de
1929 3174 2213 3234 Clodiana
2247 3176 2442 3234 sabula
2460 3220 2477 3247 ,

420 3288 478 3332 et
503 3276 711 3334 Pisone
741 3274 996 3333 consule.
1033 3279 1160 3332 Jam
1192 3275 1407 3332 instare
1441 3294 1656 3333 annum
1688 3273 2001 3353 egregium.
2046 3278 2126 3331 Μ.
2167 3273 2474 3332 Lucullum

421 3372 591 3430 uxori
625 3392 657 3429 a
689 3370 964 3428 Memmio
1004 3368 1342 3428 adulteratae
1372 3371 1639 3429 nuntium
1671 3369 1971 3429 remisisse.
2011 3375 2074 3429 C.
2116 3370 2473 3429 Herennium

422 3466 554 3528 trib.
582 3467 662 3545 pl.
697 3481 762 3525 ut
803 3465 1042 3525 Clodius
1087 3466 1147 3523 in
1194 3463 1466 3524 familiam
1507 3467 1793 3543 plebeiam
1833 3467 2149 3545 adoptetur
2190 3465 2475 3525 laborare.

417 3565 717 3622 Metellum
766 3583 890 3623 esse
935 3562 1230 3641 egregium
1281 3556 1610 3633 consulem,
1653 3563 1958 3621 Afranium
2000 3583 2143 3620 vero
2186 3551 2474 3640 ignavum.

418 3662 712 3738 Agrai-iam
759 3661 943 3738 legem
991 3680 1024 3718 a
1070 3659 1272 3719 Flavio
1321 3658 1498 3730 [ενι-ἧς
1550 3659 1780 3716 interim
1828 3659 2115 3717 neminem
2169 3660 2287 3718 sere
2328 3661 2478 3738 reip.

419 3758 742 3816 studiosum
768 3770 978 3837 praeter
1000 3761 1297 3816 Catonem.
1327 3761 1498 3834 Ergo,
1513 3768 1575 3813 ut
1592 3755 1818 3814 Atticus
1846 3775 1982 3813 mox
2006 3755 2238 3829 redeat,
2262 3758 2475 3816 iterum

419 3856 587 3915 enixe
620 3869 801 3933 rogat.
826 3856 1078 3935 (Romae,
1103 3875 1256 3913 anno
1276 3858 1352 3914 U.
1376 3857 1439 3912 C.
1461 3851 1622 3929 693.)

1003 3963 1323 4070 emmo
1368 4003 1690 4069 ATTICO
1734 4004 1799 4067 s,

440 4136 665 4202 Ninu.
699 4130 872 4201 mihi
909 4156 1104 4202 nunc
1133 4132 1316 4202 scito
1356 4145 1499 4200 tam
1536 4129 1816 4220 deesse,
1856 4156 2071 4227 quam
2106 4129 2475 4204 hominem
