<?xml version="1.0" encoding="UTF-8"?>
<!DOCTYPE html PUBLIC "-//W3C//DTD XHTML 1.0 Transitional//EN"
    "http://www.w3.org/TR/xhtml1/DTD/xhtml1-transitional.dtd">
<html xmlns="http://www.w3.org/1999/xhtml" xml:lang="en" lang="en">
 <head>
  <title>
</title>
<meta http-equiv="Content-Type" content="text/html;charset=utf-8" />
  <meta name='ocr-system' content='tesseract 3.04.00' />
  <meta name='ocr-capabilities' content='ocr_page ocr_carea ocr_par ocr_line ocrx_word'/>
</head>
<body>
  <div class='ocr_page' id='page_1' title='image "./mtciceronisquae01bouigoog_0266.png"; bbox 0 0 3023 4773; ppageno 0'>
   <div class='ocr_carea' id='block_1_1' title="bbox 581 450 2724 501">
    <p class='ocr_par' dir='ltr' id='par_1_1' title="bbox 581 450 2724 501">
     <span class='ocr_line' id='line_1_1' title="bbox 581 450 2724 501; baseline -0.013 0"><span class='ocrx_word' id='word_1_1' title='bbox 581 466 1415 501; x_wconf 60' lang='lat' dir='ltr'><strong>mmmmmmmmm</strong></span> <span class='ocrx_word' id='word_1_2' title='bbox 1424 466 1507 487; x_wconf 64' lang='grc' dir='ltr'><strong>Μ</strong></span> <span class='ocrx_word' id='word_1_3' title='bbox 1519 450 2724 485; x_wconf 46' lang='lat' dir='ltr'><strong>“Samma-mmmmm</strong></span> 
     </span>
    </p>
   </div>
   <div class='ocr_carea' id='block_1_2' title="bbox 1089 674 2243 993">
    <p class='ocr_par' dir='ltr' id='par_1_2' title="bbox 1089 674 2243 993">
     <span class='ocr_line' id='line_1_2' title="bbox 1089 674 2243 795; baseline -0.01 -2"><span class='ocrx_word' id='word_1_4' title='bbox 1089 683 1591 794; x_wconf 89' lang='lat' dir='ltr'><strong>SlMEO</strong></span> <span class='ocrx_word' id='word_1_5' title='bbox 1685 674 2243 795; x_wconf 87' lang='lat' dir='ltr'>BOSIUS</span> 
     </span>
     <span class='ocr_line' id='line_1_3' title="bbox 1382 908 1945 993; baseline -0.011 0"><span class='ocrx_word' id='word_1_6' title='bbox 1382 908 1945 993; x_wconf 84' lang='lat' dir='ltr'>LECTORL</span> 
     </span>
    </p>
   </div>
   <div class='ocr_carea' id='block_1_3' title="bbox 1277 1096 2065 1131">
    <p class='ocr_par' dir='ltr' id='par_1_3' title="bbox 1277 1096 2065 1131">
     <span class='ocr_line' id='line_1_4' title="bbox 1277 1096 2065 1131; baseline 0 3642"><span class='ocrx_word' id='word_1_7' title='bbox 1277 1096 2065 1131; x_wconf 95' lang='lat' dir='ltr'><strong> </strong></span> 
     </span>
    </p>
   </div>
   <div class='ocr_carea' id='block_1_4' title="bbox 519 1246 2832 4127">
    <p class='ocr_par' dir='ltr' id='par_1_4' title="bbox 519 1246 2832 4127">
     <span class='ocr_line' id='line_1_5' title="bbox 519 1246 2742 1373; baseline -0.015 -8"><span class='ocrx_word' id='word_1_8' title='bbox 519 1358 538 1373; x_wconf 85' lang='lat'><strong>,</strong></span> <span class='ocrx_word' id='word_1_9' title='bbox 600 1246 852 1364; x_wconf 79' lang='lat' dir='ltr'><strong>Usus</strong></span> <span class='ocrx_word' id='word_1_10' title='bbox 902 1307 1049 1355; x_wconf 89' lang='lat' dir='ltr'><strong>sum</strong></span> <span class='ocrx_word' id='word_1_11' title='bbox 1101 1287 1169 1348; x_wconf 92' lang='lat' dir='ltr'><strong>in</strong></span> <span class='ocrx_word' id='word_1_12' title='bbox 1219 1282 1320 1345; x_wconf 84' lang='lat' dir='ltr'><strong>his</strong></span> <span class='ocrx_word' id='word_1_13' title='bbox 1366 1275 1673 1367; x_wconf 90' lang='lat' dir='ltr'><strong>Epistolis</strong></span> <span class='ocrx_word' id='word_1_14' title='bbox 1710 1270 2133 1339; x_wconf 84' lang='lat' dir='ltr'><strong>emendandis</strong></span> <span class='ocrx_word' id='word_1_15' title='bbox 2166 1271 2374 1335; x_wconf 87' lang='lat' dir='ltr'><strong>tribus</strong></span> <span class='ocrx_word' id='word_1_16' title='bbox 2413 1269 2742 1358; x_wconf 65' lang='lat' dir='ltr'><strong>exempla·</strong></span> 
     </span>
     <span class='ocr_line' id='line_1_6' title="bbox 596 1376 2748 1478; baseline -0.015 -9"><span class='ocrx_word' id='word_1_17' title='bbox 596 1405 776 1469; x_wconf 85' lang='lat' dir='ltr'><strong>ribus</strong></span> <span class='ocrx_word' id='word_1_18' title='bbox 804 1388 1260 1478; x_wconf 81' lang='lat' dir='ltr'>manuscriptis</span> <span class='ocrx_word' id='word_1_19' title='bbox 1281 1434 1298 1467; x_wconf 91' lang='lat'><strong>,</strong></span> <span class='ocrx_word' id='word_1_20' title='bbox 1335 1404 1619 1472; x_wconf 90' lang='lat' dir='ltr'><strong>quorum</strong></span> <span class='ocrx_word' id='word_1_21' title='bbox 1650 1379 1784 1444; x_wconf 93' lang='lat' dir='ltr'><strong>duo</strong></span> <span class='ocrx_word' id='word_1_22' title='bbox 1811 1378 2258 1465; x_wconf 87' lang='lat' dir='ltr'><strong>antiquissima</strong></span> <span class='ocrx_word' id='word_1_23' title='bbox 2282 1393 2468 1441; x_wconf 90' lang='lat' dir='ltr'><strong>erant</strong></span> <span class='ocrx_word' id='word_1_24' title='bbox 2494 1392 2558 1439; x_wconf 91' lang='lat' dir='ltr'><strong>et</strong></span> <span class='ocrx_word' id='word_1_25' title='bbox 2581 1376 2748 1463; x_wconf 91' lang='lat' dir='ltr'><strong>opti-</strong></span> 
     </span>
     <span class='ocr_line' id='line_1_7' title="bbox 601 1482 2747 1590; baseline -0.015 -15"><span class='ocrx_word' id='word_1_26' title='bbox 601 1534 736 1590; x_wconf 89' lang='lat' dir='ltr'><strong>ma,</strong></span> <span class='ocrx_word' id='word_1_27' title='bbox 769 1498 1294 1575; x_wconf 84' lang='lat' dir='ltr'><strong>Tornaesianum,</strong></span> <span class='ocrx_word' id='word_1_28' title='bbox 1327 1514 1404 1554; x_wconf 90' lang='lat' dir='ltr'><strong>ex</strong></span> <span class='ocrx_word' id='word_1_29' title='bbox 1447 1487 1634 1567; x_wconf 72' lang='lat' dir='ltr'><strong>cujus</strong></span> <span class='ocrx_word' id='word_1_30' title='bbox 1682 1484 1810 1549; x_wconf 86' lang='lat' dir='ltr'><strong>fide</strong></span> <span class='ocrx_word' id='word_1_31' title='bbox 1865 1484 2169 1573; x_wconf 83' lang='lat' dir='ltr'>pleraque</span> <span class='ocrx_word' id='word_1_32' title='bbox 2213 1482 2563 1572; x_wconf 84' lang='lat' dir='ltr'><strong>integritati</strong></span> <span class='ocrx_word' id='word_1_33' title='bbox 2608 1503 2747 1544; x_wconf 84' lang='lat' dir='ltr'><strong>suae</strong></span> 
     </span>
     <span class='ocr_line' id='line_1_8' title="bbox 600 1586 2749 1682; baseline -0.015 -2"><span class='ocrx_word' id='word_1_34' title='bbox 600 1611 882 1679; x_wconf 84' lang='lat' dir='ltr'><strong>restituit</strong></span> <span class='ocrx_word' id='word_1_35' title='bbox 920 1601 1276 1670; x_wconf 87' lang='lat' dir='ltr'><strong>Lambinus</strong></span> <span class='ocrx_word' id='word_1_36' title='bbox 1297 1645 1316 1679; x_wconf 92' lang='lat'><strong>,</strong></span> <span class='ocrx_word' id='word_1_37' title='bbox 1364 1616 1508 1682; x_wconf 81' lang='lat' dir='ltr'><strong>quae</strong></span> <span class='ocrx_word' id='word_1_38' title='bbox 1560 1605 1744 1654; x_wconf 88' lang='lat' dir='ltr'><strong>erant</strong></span> <span class='ocrx_word' id='word_1_39' title='bbox 1789 1604 1976 1653; x_wconf 91' lang='lat' dir='ltr'><strong>antea</strong></span> <span class='ocrx_word' id='word_1_40' title='bbox 2023 1586 2211 1653; x_wconf 80' lang='lat' dir='ltr'><strong>valde</strong></span> <span class='ocrx_word' id='word_1_41' title='bbox 2255 1587 2630 1675; x_wconf 79' lang='lat' dir='ltr'><strong>depravata3</strong></span> <span class='ocrx_word' id='word_1_42' title='bbox 2676 1602 2749 1648; x_wconf 87' lang='lat' dir='ltr'><strong>et</strong></span> 
     </span>
     <span class='ocr_line' id='line_1_9' title="bbox 603 1691 2749 1794; baseline -0.015 -8"><span class='ocrx_word' id='word_1_43' title='bbox 603 1725 1063 1792; x_wconf 88' lang='lat' dir='ltr'><strong>Decurtatum,</strong></span> <span class='ocrx_word' id='word_1_44' title='bbox 1112 1701 1295 1794; x_wconf 91' lang='lat' dir='ltr'><strong>quod</strong></span> <span class='ocrx_word' id='word_1_45' title='bbox 1342 1702 1480 1787; x_wconf 87' lang='lat' dir='ltr'><strong>ipse</strong></span> <span class='ocrx_word' id='word_1_46' title='bbox 1522 1713 1673 1761; x_wconf 90' lang='lat' dir='ltr'><strong>ante</strong></span> <span class='ocrx_word' id='word_1_47' title='bbox 1720 1716 1928 1759; x_wconf 86' lang='lat' dir='ltr'><strong>annos</strong></span> <span class='ocrx_word' id='word_1_48' title='bbox 1977 1692 2348 1780; x_wconf 87' lang='lat' dir='ltr'><strong>quindecim</strong></span> <span class='ocrx_word' id='word_1_49' title='bbox 2382 1716 2418 1756; x_wconf 88' lang='lat' dir='ltr'><strong>a</strong></span> <span class='ocrx_word' id='word_1_50' title='bbox 2451 1691 2749 1782; x_wconf 84' lang='lat' dir='ltr'><strong>gregario</strong></span> 
     </span>
     <span class='ocr_line' id='line_1_10' title="bbox 604 1801 2751 1919; baseline -0.015 -25"><span class='ocrx_word' id='word_1_51' title='bbox 604 1826 890 1919; x_wconf 89' lang='lat' dir='ltr'><strong>quodam</strong></span> <span class='ocrx_word' id='word_1_52' title='bbox 919 1816 1117 1885; x_wconf 89' lang='lat' dir='ltr'><strong>milite</strong></span> <span class='ocrx_word' id='word_1_53' title='bbox 1145 1834 1295 1878; x_wconf 89' lang='lat' dir='ltr'><strong>cum</strong></span> <span class='ocrx_word' id='word_1_54' title='bbox 1325 1810 1460 1873; x_wconf 86' lang='lat' dir='ltr'><strong>aliis</strong></span> <span class='ocrx_word' id='word_1_55' title='bbox 1494 1808 1743 1894; x_wconf 86' lang='lat' dir='ltr'><strong>aliquot</strong></span> <span class='ocrx_word' id='word_1_56' title='bbox 1771 1802 1953 1867; x_wconf 87' lang='lat' dir='ltr'><strong>libris</strong></span> <span class='ocrx_word' id='word_1_57' title='bbox 1989 1802 2232 1866; x_wconf 86' lang='lat' dir='ltr'><strong>calamo</strong></span> <span class='ocrx_word' id='word_1_58' title='bbox 2266 1801 2532 1866; x_wconf 73' lang='lat' dir='ltr'><strong>exalatis</strong></span> <span class='ocrx_word' id='word_1_59' title='bbox 2561 1823 2751 1863; x_wconf 86' lang='lat' dir='ltr'><strong>com-</strong></span> 
     </span>
     <span class='ocr_line' id='line_1_11' title="bbox 603 1906 2754 2025; baseline -0.015 -25"><span class='ocrx_word' id='word_1_60' title='bbox 603 1932 854 2025; x_wconf 87' lang='lat' dir='ltr'><strong>paravi,</strong></span> <span class='ocrx_word' id='word_1_61' title='bbox 897 1951 975 1990; x_wconf 84' lang='lat' dir='ltr'><strong>ex</strong></span> <span class='ocrx_word' id='word_1_62' title='bbox 1028 1918 1437 1987; x_wconf 63' lang='lat' dir='ltr'><strong>bibliothecae</strong></span> <span class='ocrx_word' id='word_1_63' title='bbox 1488 1906 1843 1992; x_wconf 87' lang='lat' dir='ltr'><strong>cujusdam</strong></span> <span class='ocrx_word' id='word_1_64' title='bbox 1884 1931 2077 1972; x_wconf 81' lang='lat' dir='ltr'><strong>sacrae</strong></span> <span class='ocrx_word' id='word_1_65' title='bbox 2133 1906 2534 1996; x_wconf 85' lang='lat' dir='ltr'><strong>direptione,</strong></span> <span class='ocrx_word' id='word_1_66' title='bbox 2578 1923 2754 1969; x_wconf 88' lang='lat' dir='ltr'><strong>tam-</strong></span> 
     </span>
     <span class='ocr_line' id='line_1_12' title="bbox 605 2012 2755 2131; baseline -0.015 -25"><span class='ocrx_word' id='word_1_67' title='bbox 605 2062 800 2131; x_wconf 89' lang='lat' dir='ltr'><strong>quam</strong></span> <span class='ocrx_word' id='word_1_68' title='bbox 829 2060 864 2100; x_wconf 92' lang='lat' dir='ltr'><strong>e</strong></span> <span class='ocrx_word' id='word_1_69' title='bbox 892 2024 1440 2123; x_wconf 88' lang='lat' dir='ltr'><strong>periculosissimo</strong></span> <span class='ocrx_word' id='word_1_70' title='bbox 1464 2016 1802 2106; x_wconf 82' lang='lat' dir='ltr'><strong>naufragio</strong></span> <span class='ocrx_word' id='word_1_71' title='bbox 1820 2063 1838 2097; x_wconf 99' lang='lat'><strong>,</strong></span> <span class='ocrx_word' id='word_1_72' title='bbox 1868 2031 2210 2079; x_wconf 85' lang='lat' dir='ltr'><strong>servatum.</strong></span> <span class='ocrx_word' id='word_1_73' title='bbox 2240 2012 2316 2078; x_wconf 89' lang='lat' dir='ltr'><strong>Id</strong></span> <span class='ocrx_word' id='word_1_74' title='bbox 2349 2030 2566 2077; x_wconf 87' lang='lat' dir='ltr'><strong>autem</strong></span> <span class='ocrx_word' id='word_1_75' title='bbox 2596 2012 2755 2099; x_wconf 89' lang='lat' dir='ltr'><strong>plu-</strong></span> 
     </span>
     <span class='ocr_line' id='line_1_13' title="bbox 606 2119 2759 2212; baseline -0.016 0"><span class='ocrx_word' id='word_1_76' title='bbox 606 2148 785 2212; x_wconf 86' lang='lat' dir='ltr'><strong>rimis</strong></span> <span class='ocrx_word' id='word_1_77' title='bbox 813 2144 879 2206; x_wconf 88' lang='lat' dir='ltr'><strong>in</strong></span> <span class='ocrx_word' id='word_1_78' title='bbox 917 2136 1078 2202; x_wconf 88' lang='lat' dir='ltr'><strong>locis</strong></span> <span class='ocrx_word' id='word_1_79' title='bbox 1113 2127 1518 2198; x_wconf 82' lang='lat' dir='ltr'><strong>emendatius</strong></span> <span class='ocrx_word' id='word_1_80' title='bbox 1556 2123 1870 2211; x_wconf 88' lang='lat' dir='ltr'><strong>scriptum</strong></span> <span class='ocrx_word' id='word_1_81' title='bbox 1905 2121 2144 2207; x_wconf 88' lang='lat' dir='ltr'><strong>reperi,</strong></span> <span class='ocrx_word' id='word_1_82' title='bbox 2171 2142 2366 2206; x_wconf 90' lang='lat' dir='ltr'><strong>quam</strong></span> <span class='ocrx_word' id='word_1_83' title='bbox 2393 2119 2759 2181; x_wconf 83' lang='lat' dir='ltr'><strong>Tornaesia-</strong></span> 
     </span>
     <span class='ocr_line' id='line_1_14' title="bbox 609 2222 2757 2330; baseline -0.016 -11"><span class='ocrx_word' id='word_1_84' title='bbox 609 2275 792 2318; x_wconf 89' lang='lat' dir='ltr'><strong>num.</strong></span> <span class='ocrx_word' id='word_1_85' title='bbox 842 2250 1259 2330; x_wconf 84' lang='lat' dir='ltr'><strong>Quamquam</strong></span> <span class='ocrx_word' id='word_1_86' title='bbox 1305 2248 1490 2297; x_wconf 91' lang='lat' dir='ltr'><strong>erant</strong></span> <span class='ocrx_word' id='word_1_87' title='bbox 1541 2231 1609 2293; x_wconf 89' lang='lat' dir='ltr'><strong>in</strong></span> <span class='ocrx_word' id='word_1_88' title='bbox 1671 2251 1748 2292; x_wconf 90' lang='lat' dir='ltr'><strong>eo</strong></span> <span class='ocrx_word' id='word_1_89' title='bbox 1804 2227 2008 2290; x_wconf 88' lang='lat' dir='ltr'><strong>multa</strong></span> <span class='ocrx_word' id='word_1_90' title='bbox 2059 2224 2300 2306; x_wconf 87' lang='lat' dir='ltr'><strong>lacera,</strong></span> <span class='ocrx_word' id='word_1_91' title='bbox 2347 2222 2757 2310; x_wconf 83' lang='lat' dir='ltr'><strong>deerantque</strong></span> 
     </span>
     <span class='ocr_line' id='line_1_15' title="bbox 608 2326 2759 2438; baseline -0.014 -13"><span class='ocrx_word' id='word_1_92' title='bbox 608 2356 845 2426; x_wconf 83' lang='lat' dir='ltr'><strong>alicubi</strong></span> <span class='ocrx_word' id='word_1_93' title='bbox 885 2355 1150 2438; x_wconf 83' lang='lat' dir='ltr'><strong>integrae</strong></span> <span class='ocrx_word' id='word_1_94' title='bbox 1193 2342 1476 2434; x_wconf 82' lang='lat' dir='ltr'><strong>paginae,</strong></span> <span class='ocrx_word' id='word_1_95' title='bbox 1530 2337 1787 2425; x_wconf 89' lang='lat' dir='ltr'><strong>totique</strong></span> <span class='ocrx_word' id='word_1_96' title='bbox 1834 2333 2047 2398; x_wconf 91' lang='lat' dir='ltr'><strong>ultimi</strong></span> <span class='ocrx_word' id='word_1_97' title='bbox 2093 2331 2227 2397; x_wconf 89' lang='lat' dir='ltr'><strong>duo</strong></span> <span class='ocrx_word' id='word_1_98' title='bbox 2269 2330 2438 2396; x_wconf 85' lang='lat' dir='ltr'><strong>libri.</strong></span> <span class='ocrx_word' id='word_1_99' title='bbox 2481 2331 2629 2413; x_wconf 87' lang='lat' dir='ltr'><strong>Qua</strong></span> <span class='ocrx_word' id='word_1_100' title='bbox 2666 2326 2759 2394; x_wconf 87' lang='lat' dir='ltr'><strong>de</strong></span> 
     </span>
     <span class='ocr_line' id='line_1_16' title="bbox 609 2437 2759 2531; baseline -0.015 -1"><span class='ocrx_word' id='word_1_101' title='bbox 609 2486 800 2531; x_wconf 86' lang='lat' dir='ltr'><strong>causa</strong></span> <span class='ocrx_word' id='word_1_102' title='bbox 827 2456 1118 2524; x_wconf 90' lang='lat' dir='ltr'><strong>codicem</strong></span> <span class='ocrx_word' id='word_1_103' title='bbox 1143 2471 1294 2515; x_wconf 91' lang='lat' dir='ltr'><strong>eum</strong></span> <span class='ocrx_word' id='word_1_104' title='bbox 1318 2445 1567 2526; x_wconf 87' lang='lat' dir='ltr'><strong>Scidas,</strong></span> <span class='ocrx_word' id='word_1_105' title='bbox 1593 2458 1709 2506; x_wconf 90' lang='lat' dir='ltr'><strong>aut</strong></span> <span class='ocrx_word' id='word_1_106' title='bbox 1735 2444 2165 2506; x_wconf 82' lang='lat' dir='ltr'><strong>Decurtatum</strong></span> <span class='ocrx_word' id='word_1_107' title='bbox 2198 2437 2515 2527; x_wconf 89' lang='lat' dir='ltr'><strong>appellare</strong></span> <span class='ocrx_word' id='word_1_108' title='bbox 2547 2437 2759 2500; x_wconf 74' lang='lat' dir='ltr'><strong>sole0.</strong></span> 
     </span>
     <span class='ocr_line' id='line_1_17' title="bbox 611 2543 2760 2646; baseline -0.015 -10"><span class='ocrx_word' id='word_1_109' title='bbox 611 2569 907 2637; x_wconf 85' lang='lat' dir='ltr'><strong>Tertium</strong></span> <span class='ocrx_word' id='word_1_110' title='bbox 945 2561 1106 2626; x_wconf 83' lang='lat' dir='ltr'><strong>mihi</strong></span> <span class='ocrx_word' id='word_1_111' title='bbox 1137 2555 1420 2646; x_wconf 78' lang='lat' dir='ltr'><strong>praebuit</strong></span> <span class='ocrx_word' id='word_1_112' title='bbox 1441 2550 1892 2617; x_wconf 88' lang='lat' dir='ltr'><strong>ornatissimus</strong></span> <span class='ocrx_word' id='word_1_113' title='bbox 1926 2545 2469 2632; x_wconf 87' lang='lat' dir='ltr'><strong>doctissimusque</strong></span> <span class='ocrx_word' id='word_1_114' title='bbox 2496 2544 2595 2607; x_wconf 85' lang='lat' dir='ltr'><strong>vir</strong></span> <span class='ocrx_word' id='word_1_115' title='bbox 2629 2543 2760 2606; x_wconf 88' lang='lat' dir='ltr'><strong>Er·-</strong></span> 
     </span>
     <span class='ocr_line' id='line_1_18' title="bbox 612 2650 2761 2745; baseline -0.013 -2"><span class='ocrx_word' id='word_1_116' title='bbox 612 2679 786 2744; x_wconf 89' lang='lat' dir='ltr'><strong>ricus</strong></span> <span class='ocrx_word' id='word_1_117' title='bbox 828 2667 1212 2745; x_wconf 86' lang='lat' dir='ltr'><strong>Memmius,</strong></span> <span class='ocrx_word' id='word_1_118' title='bbox 1261 2658 1621 2725; x_wconf 86' lang='lat' dir='ltr'><strong>secretioris</strong></span> <span class='ocrx_word' id='word_1_119' title='bbox 1662 2653 1912 2720; x_wconf 87' lang='lat' dir='ltr'><strong>consilii</strong></span> <span class='ocrx_word' id='word_1_120' title='bbox 1956 2652 2116 2741; x_wconf 85' lang='lat' dir='ltr'><strong>regii</strong></span> <span class='ocrx_word' id='word_1_121' title='bbox 2164 2650 2600 2725; x_wconf 87' lang='lat' dir='ltr'><strong>consiliarius,</strong></span> <span class='ocrx_word' id='word_1_122' title='bbox 2640 2652 2761 2737; x_wconf 89' lang='lat' dir='ltr'><strong>qui</strong></span> 
     </span>
     <span class='ocr_line' id='line_1_19' title="bbox 612 2755 2761 2851; baseline -0.014 -2"><span class='ocrx_word' id='word_1_123' title='bbox 612 2806 766 2851; x_wconf 90' lang='lat' dir='ltr'><strong>eum</strong></span> <span class='ocrx_word' id='word_1_124' title='bbox 794 2804 830 2843; x_wconf 90' lang='lat' dir='ltr'><strong>a</strong></span> <span class='ocrx_word' id='word_1_125' title='bbox 862 2772 1214 2841; x_wconf 87' lang='lat' dir='ltr'><strong>clarissimo</strong></span> <span class='ocrx_word' id='word_1_126' title='bbox 1246 2768 1384 2830; x_wconf 83' lang='lat' dir='ltr'><strong>viro</strong></span> <span class='ocrx_word' id='word_1_127' title='bbox 1420 2768 1452 2829; x_wconf 86' lang='lat' dir='ltr'>J</span> <span class='ocrx_word' id='word_1_128' title='bbox 1459 2814 1474 2830; x_wconf 90' lang='lat'><strong><em>.</em></strong></span> <span class='ocrx_word' id='word_1_129' title='bbox 1510 2763 1785 2828; x_wconf 90' lang='lat' dir='ltr'><strong>Huralto</strong></span> <span class='ocrx_word' id='word_1_130' title='bbox 1819 2758 2176 2824; x_wconf 89' lang='lat' dir='ltr'><strong>Boetalerio</strong></span> <span class='ocrx_word' id='word_1_131' title='bbox 2209 2755 2531 2821; x_wconf 86' lang='lat' dir='ltr'><strong>utendum</strong></span> <span class='ocrx_word' id='word_1_132' title='bbox 2568 2778 2761 2820; x_wconf 88' lang='lat' dir='ltr'><strong>acce-</strong></span> 
     </span>
     <span class='ocr_line' id='line_1_20' title="bbox 613 2849 2760 2982; baseline -0.015 -26"><span class='ocrx_word' id='word_1_133' title='bbox 613 2905 829 2982; x_wconf 84' lang='lat' dir='ltr'><strong>perat,</strong></span> <span class='ocrx_word' id='word_1_134' title='bbox 862 2901 938 2948; x_wconf 92' lang='lat' dir='ltr'><strong>ut</strong></span> <span class='ocrx_word' id='word_1_135' title='bbox 969 2881 1106 2961; x_wconf 86' lang='lat' dir='ltr'><strong>ejus</strong></span> <span class='ocrx_word' id='word_1_136' title='bbox 1138 2875 1298 2940; x_wconf 87' lang='lat' dir='ltr'><strong>mihi</strong></span> <span class='ocrx_word' id='word_1_137' title='bbox 1333 2872 1588 2960; x_wconf 88' lang='lat' dir='ltr'><strong>copiam</strong></span> <span class='ocrx_word' id='word_1_138' title='bbox 1626 2869 1863 2932; x_wconf 81' lang='lat' dir='ltr'><strong>faceret</strong></span> <span class='ocrx_word' id='word_1_139' title='bbox 1891 2890 1907 2931; x_wconf 89' lang='lat'>:</span> <span class='ocrx_word' id='word_1_140' title='bbox 1959 2888 2093 2954; x_wconf 90' lang='lat' dir='ltr'><strong>quo</strong></span> <span class='ocrx_word' id='word_1_141' title='bbox 2125 2865 2294 2928; x_wconf 88' lang='lat' dir='ltr'><strong>libro</strong></span> <span class='ocrx_word' id='word_1_142' title='bbox 2325 2886 2522 2927; x_wconf 88' lang='lat' dir='ltr'><strong>usum</strong></span> <span class='ocrx_word' id='word_1_143' title='bbox 2557 2849 2760 2927; x_wconf 82' lang='lat' dir='ltr'><strong>etiam</strong></span> 
     </span>
     <span class='ocr_line' id='line_1_21' title="bbox 614 2975 2764 3071; baseline -0.015 -7"><span class='ocrx_word' id='word_1_144' title='bbox 614 2993 1006 3063; x_wconf 87' lang='lat' dir='ltr'><strong>Lambinum</strong></span> <span class='ocrx_word' id='word_1_145' title='bbox 1048 2983 1260 3048; x_wconf 82' lang='lat' dir='ltr'><strong>vide0.</strong></span> <span class='ocrx_word' id='word_1_146' title='bbox 1315 2975 1444 3042; x_wconf 88' lang='lat' dir='ltr'><strong>Sed</strong></span> <span class='ocrx_word' id='word_1_147' title='bbox 1492 2976 1584 3071; x_wconf 82' lang='lat' dir='ltr'><strong>is,</strong></span> <span class='ocrx_word' id='word_1_148' title='bbox 1624 2988 1699 3036; x_wconf 90' lang='lat' dir='ltr'><strong>ut</strong></span> <span class='ocrx_word' id='word_1_149' title='bbox 1746 2994 1882 3035; x_wconf 89' lang='lat' dir='ltr'><strong>non</strong></span> <span class='ocrx_word' id='word_1_150' title='bbox 1935 2988 2068 3035; x_wconf 89' lang='lat' dir='ltr'><strong>tam</strong></span> <span class='ocrx_word' id='word_1_151' title='bbox 2113 2986 2300 3034; x_wconf 85' lang='lat' dir='ltr'><strong>vetus</strong></span> <span class='ocrx_word' id='word_1_152' title='bbox 2351 2985 2519 3050; x_wconf 87' lang='lat' dir='ltr'><strong>erat,</strong></span> <span class='ocrx_word' id='word_1_153' title='bbox 2556 2992 2764 3057; x_wconf 89' lang='lat' dir='ltr'><strong>quam</strong></span> 
     </span>
     <span class='ocr_line' id='line_1_22' title="bbox 618 3075 2761 3190; baseline -0.014 -21"><span class='ocrx_word' id='word_1_154' title='bbox 618 3090 982 3190; x_wconf 85' lang='lat' dir='ltr'><strong>superiores</strong></span> <span class='ocrx_word' id='word_1_155' title='bbox 1025 3091 1116 3155; x_wconf 89' lang='lat' dir='ltr'><strong>illi</strong></span> <span class='ocrx_word' id='word_1_156' title='bbox 1162 3088 1331 3166; x_wconf 89' lang='lat' dir='ltr'><strong>duo,</strong></span> <span class='ocrx_word' id='word_1_157' title='bbox 1384 3083 1471 3145; x_wconf 87' lang='lat' dir='ltr'><strong>ita</strong></span> <span class='ocrx_word' id='word_1_158' title='bbox 1521 3078 1856 3167; x_wconf 84' lang='lat' dir='ltr'><strong>scripturae</strong></span> <span class='ocrx_word' id='word_1_159' title='bbox 1905 3075 2272 3164; x_wconf 85' lang='lat' dir='ltr'><strong>integritate</strong></span> <span class='ocrx_word' id='word_1_160' title='bbox 2309 3077 2591 3139; x_wconf 85' lang='lat' dir='ltr'><strong>multum</strong></span> <span class='ocrx_word' id='word_1_161' title='bbox 2629 3075 2761 3138; x_wconf 77' lang='lat' dir='ltr'><strong>illis</strong></span> 
     </span>
     <span class='ocr_line' id='line_1_23' title="bbox 615 3179 2761 3277; baseline -0.015 -2"><span class='ocrx_word' id='word_1_162' title='bbox 615 3207 903 3275; x_wconf 89' lang='lat' dir='ltr'><strong>cedebat.</strong></span> <span class='ocrx_word' id='word_1_163' title='bbox 935 3196 1213 3277; x_wconf 81' lang='lat' dir='ltr'><strong>Adjutus</strong></span> <span class='ocrx_word' id='word_1_164' title='bbox 1248 3211 1393 3255; x_wconf 86' lang='lat' dir='ltr'><strong>sum</strong></span> <span class='ocrx_word' id='word_1_165' title='bbox 1431 3200 1736 3276; x_wconf 78' lang='lat' dir='ltr'><strong>praeterea</strong></span> <span class='ocrx_word' id='word_1_166' title='bbox 1768 3182 1991 3248; x_wconf 91' lang='lat' dir='ltr'><strong>codice</strong></span> <span class='ocrx_word' id='word_1_167' title='bbox 2027 3179 2312 3269; x_wconf 90' lang='lat' dir='ltr'><strong>quodam</strong></span> <span class='ocrx_word' id='word_1_168' title='bbox 2344 3204 2579 3246; x_wconf 81' lang='lat' dir='ltr'><strong>excuso</strong></span> <span class='ocrx_word' id='word_1_169' title='bbox 2617 3182 2761 3244; x_wconf 90' lang='lat' dir='ltr'><strong>Lu-</strong></span> 
     </span>
     <span class='ocr_line' id='line_1_24' title="bbox 619 3286 2767 3406; baseline -0.015 -26"><span class='ocrx_word' id='word_1_170' title='bbox 619 3313 856 3406; x_wconf 84' lang='lat' dir='ltr'><strong>gduni,</strong></span> <span class='ocrx_word' id='word_1_171' title='bbox 888 3305 1000 3394; x_wconf 87' lang='lat' dir='ltr'><strong>qui</strong></span> <span class='ocrx_word' id='word_1_172' title='bbox 1032 3301 1186 3365; x_wconf 90' lang='lat' dir='ltr'><strong>olim</strong></span> <span class='ocrx_word' id='word_1_173' title='bbox 1219 3298 1431 3359; x_wconf 85' lang='lat' dir='ltr'><strong>fuerat</strong></span> <span class='ocrx_word' id='word_1_174' title='bbox 1462 3291 1635 3356; x_wconf 87' lang='lat' dir='ltr'><strong>Petri</strong></span> <span class='ocrx_word' id='word_1_175' title='bbox 1663 3288 1989 3371; x_wconf 87' lang='lat' dir='ltr'><strong>Crusellii,</strong></span> <span class='ocrx_word' id='word_1_176' title='bbox 2029 3287 2261 3352; x_wconf 89' lang='lat' dir='ltr'><strong>medici</strong></span> <span class='ocrx_word' id='word_1_177' title='bbox 2293 3286 2467 3376; x_wconf 88' lang='lat' dir='ltr'><strong>apud</strong></span> <span class='ocrx_word' id='word_1_178' title='bbox 2498 3302 2767 3350; x_wconf 89' lang='lat' dir='ltr'><strong>nostra-</strong></span> 
     </span>
     <span class='ocr_line' id='line_1_25' title="bbox 622 3370 2832 3486; baseline -0.014 0"><span class='ocrx_word' id='word_1_179' title='bbox 622 3440 717 3486; x_wconf 89' lang='lat' dir='ltr'><strong>tes</strong></span> <span class='ocrx_word' id='word_1_180' title='bbox 761 3405 1206 3485; x_wconf 81' lang='lat' dir='ltr'><strong>celeberrimi3</strong></span> <span class='ocrx_word' id='word_1_181' title='bbox 1263 3400 1346 3466; x_wconf 90' lang='lat' dir='ltr'><strong>ad</strong></span> <span class='ocrx_word' id='word_1_182' title='bbox 1390 3399 1576 3478; x_wconf 86' lang='lat' dir='ltr'><strong>cujus</strong></span> <span class='ocrx_word' id='word_1_183' title='bbox 1618 3397 1766 3460; x_wconf 87' lang='lat' dir='ltr'><strong>libri</strong></span> <span class='ocrx_word' id='word_1_184' title='bbox 1804 3417 1947 3460; x_wconf 91' lang='lat' dir='ltr'><strong>oras</strong></span> <span class='ocrx_word' id='word_1_185' title='bbox 1986 3392 2217 3458; x_wconf 88' lang='lat' dir='ltr'><strong>doctus</strong></span> <span class='ocrx_word' id='word_1_186' title='bbox 2267 3394 2373 3458; x_wconf 90' lang='lat' dir='ltr'><strong>ille</strong></span> <span class='ocrx_word' id='word_1_187' title='bbox 2417 3394 2516 3456; x_wconf 83' lang='lat' dir='ltr'><strong>vir</strong></span> <span class='ocrx_word' id='word_1_188' title='bbox 2553 3392 2770 3456; x_wconf 83' lang='lat' dir='ltr'><strong>varias</strong></span> <span class='ocrx_word' id='word_1_189' title='bbox 2822 3370 2832 3378; x_wconf 40' lang='lat'>⁸</span> 
     </span>
     <span class='ocr_line' id='line_1_26' title="bbox 621 3499 2770 3603; baseline -0.015 -11"><span class='ocrx_word' id='word_1_190' title='bbox 621 3525 925 3592; x_wconf 90' lang='lat' dir='ltr'><strong>lectiones</strong></span> <span class='ocrx_word' id='word_1_191' title='bbox 960 3512 1369 3603; x_wconf 87' lang='lat' dir='ltr'><strong>appinxerat,</strong></span> <span class='ocrx_word' id='word_1_192' title='bbox 1410 3530 1447 3569; x_wconf 93' lang='lat' dir='ltr'><strong>a</strong></span> <span class='ocrx_word' id='word_1_193' title='bbox 1481 3527 1585 3587; x_wconf 91' lang='lat' dir='ltr'><strong>se,</strong></span> <span class='ocrx_word' id='word_1_194' title='bbox 1622 3520 1699 3566; x_wconf 91' lang='lat' dir='ltr'><strong>ut</strong></span> <span class='ocrx_word' id='word_1_195' title='bbox 1734 3504 1870 3590; x_wconf 88' lang='lat' dir='ltr'><strong>ipse</strong></span> <span class='ocrx_word' id='word_1_196' title='bbox 1903 3501 2196 3582; x_wconf 88' lang='lat' dir='ltr'><strong>dicebat,</strong></span> <span class='ocrx_word' id='word_1_197' title='bbox 2237 3499 2770 3588; x_wconf 86' lang='lat' dir='ltr'><strong>diligentissime,</strong></span> 
     </span>
     <span class='ocr_line' id='line_1_27' title="bbox 624 3603 2772 3698; baseline -0.015 -1"><span class='ocrx_word' id='word_1_198' title='bbox 624 3650 689 3698; x_wconf 90' lang='lat' dir='ltr'><strong>et</strong></span> <span class='ocrx_word' id='word_1_199' title='bbox 719 3647 975 3693; x_wconf 87' lang='lat' dir='ltr'><strong>summa</strong></span> <span class='ocrx_word' id='word_1_200' title='bbox 1023 3617 1150 3683; x_wconf 89' lang='lat' dir='ltr'><strong>fide</strong></span> <span class='ocrx_word' id='word_1_201' title='bbox 1199 3640 1235 3680; x_wconf 93' lang='lat' dir='ltr'><strong>e</strong></span> <span class='ocrx_word' id='word_1_202' title='bbox 1274 3610 1748 3689; x_wconf 81' lang='lat' dir='ltr'><strong>vetustissimO,</strong></span> <span class='ocrx_word' id='word_1_203' title='bbox 1806 3623 1870 3670; x_wconf 91' lang='lat' dir='ltr'><strong>et</strong></span> <span class='ocrx_word' id='word_1_204' title='bbox 1902 3607 2390 3695; x_wconf 88' lang='lat' dir='ltr'><strong>castigatissimo</strong></span> <span class='ocrx_word' id='word_1_205' title='bbox 2419 3605 2588 3669; x_wconf 92' lang='lat' dir='ltr'><strong>libro</strong></span> <span class='ocrx_word' id='word_1_206' title='bbox 2618 3603 2772 3668; x_wconf 88' lang='lat' dir='ltr'><strong>No-</strong></span> 
     </span>
     <span class='ocr_line' id='line_1_28' title="bbox 621 3711 2777 3812; baseline -0.013 -11"><span class='ocrx_word' id='word_1_207' title='bbox 621 3732 893 3803; x_wconf 81' lang='lat' dir='ltr'><strong>vioduni</strong></span> <span class='ocrx_word' id='word_1_208' title='bbox 942 3724 1311 3812; x_wconf 85' lang='lat' dir='ltr'><strong>descriptas.</strong></span> <span class='ocrx_word' id='word_1_209' title='bbox 1358 3720 1615 3782; x_wconf 90' lang='lat' dir='ltr'><strong>Horum</strong></span> <span class='ocrx_word' id='word_1_210' title='bbox 1658 3714 1857 3803; x_wconf 84' lang='lat' dir='ltr'><strong>igitur</strong></span> <span class='ocrx_word' id='word_1_211' title='bbox 1891 3713 2206 3776; x_wconf 87' lang='lat' dir='ltr'><strong>librorum</strong></span> <span class='ocrx_word' id='word_1_212' title='bbox 2239 3712 2443 3776; x_wconf 85' lang='lat' dir='ltr'><strong>fretus</strong></span> <span class='ocrx_word' id='word_1_213' title='bbox 2481 3711 2727 3775; x_wconf 73' lang='lat' dir='ltr'><strong>auxilio</strong></span> <span class='ocrx_word' id='word_1_214' title='bbox 2755 3760 2777 3793; x_wconf 89' lang='lat'><strong>,</strong></span> 
     </span>
     <span class='ocr_line' id='line_1_29' title="bbox 620 3817 2777 3926; baseline -0.013 -19"><span class='ocrx_word' id='word_1_215' title='bbox 620 3840 903 3909; x_wconf 89' lang='lat' dir='ltr'><strong>infinitas</strong></span> <span class='ocrx_word' id='word_1_216' title='bbox 939 3825 1418 3926; x_wconf 88' lang='lat' dir='ltr'><strong>propemodum</strong></span> <span class='ocrx_word' id='word_1_217' title='bbox 1452 3822 1736 3887; x_wconf 89' lang='lat' dir='ltr'><strong>maculas</strong></span> <span class='ocrx_word' id='word_1_218' title='bbox 1770 3842 1848 3884; x_wconf 84' lang='lat' dir='ltr'><strong>ex</strong></span> <span class='ocrx_word' id='word_1_219' title='bbox 1878 3819 1979 3882; x_wconf 86' lang='lat' dir='ltr'><strong>his</strong></span> <span class='ocrx_word' id='word_1_220' title='bbox 2008 3817 2309 3905; x_wconf 86' lang='lat' dir='ltr'><strong>Epistolis</strong></span> <span class='ocrx_word' id='word_1_221' title='bbox 2341 3818 2644 3898; x_wconf 88' lang='lat' dir='ltr'><strong>abstersi,</strong></span> <span class='ocrx_word' id='word_1_222' title='bbox 2669 3834 2777 3901; x_wconf 88' lang='lat' dir='ltr'><strong>et,</strong></span> 
     </span>
     <span class='ocr_line' id='line_1_30' title="bbox 625 3923 2783 4038; baseline -0.011 -27"><span class='ocrx_word' id='word_1_223' title='bbox 625 3960 943 4038; x_wconf 89' lang='lat' dir='ltr'><strong>quantum</strong></span> <span class='ocrx_word' id='word_1_224' title='bbox 976 3941 1045 4002; x_wconf 89' lang='lat' dir='ltr'><strong>in</strong></span> <span class='ocrx_word' id='word_1_225' title='bbox 1074 3959 1178 4000; x_wconf 89' lang='lat' dir='ltr'><strong>me</strong></span> <span class='ocrx_word' id='word_1_226' title='bbox 1211 3935 1365 4014; x_wconf 86' lang='lat' dir='ltr'><strong>fuit,</strong></span> <span class='ocrx_word' id='word_1_227' title='bbox 1399 3932 1621 3996; x_wconf 89' lang='lat' dir='ltr'><strong>lumen</strong></span> <span class='ocrx_word' id='word_1_228' title='bbox 1651 3927 1943 3992; x_wconf 84' lang='lat' dir='ltr'><strong>obscuris</strong></span> <span class='ocrx_word' id='word_1_229' title='bbox 1972 3924 2188 3988; x_wconf 88' lang='lat' dir='ltr'><strong>multis</strong></span> <span class='ocrx_word' id='word_1_230' title='bbox 2214 3923 2372 3988; x_wconf 89' lang='lat' dir='ltr'><strong>locis</strong></span> <span class='ocrx_word' id='word_1_231' title='bbox 2397 3924 2605 3988; x_wconf 84' lang='lat' dir='ltr'><strong>attuli.</strong></span> <span class='ocrx_word' id='word_1_232' title='bbox 2640 3924 2783 3988; x_wconf 89' lang='lat' dir='ltr'><strong>Sed</strong></span> 
     </span>
     <span class='ocr_line' id='line_1_31' title="bbox 626 4029 2779 4127; baseline -0.013 -6"><span class='ocrx_word' id='word_1_233' title='bbox 626 4058 708 4124; x_wconf 90' lang='lat' dir='ltr'><strong>de</strong></span> <span class='ocrx_word' id='word_1_234' title='bbox 744 4068 884 4118; x_wconf 91' lang='lat' dir='ltr'><strong>toto</strong></span> <span class='ocrx_word' id='word_1_235' title='bbox 927 4047 1057 4109; x_wconf 89' lang='lat' dir='ltr'><strong>hoc</strong></span> <span class='ocrx_word' id='word_1_236' title='bbox 1103 4041 1356 4120; x_wconf 88' lang='lat' dir='ltr'><strong>studio,</strong></span> <span class='ocrx_word' id='word_1_237' title='bbox 1403 4061 1632 4127; x_wconf 87' lang='lat' dir='ltr'><strong>opera,</strong></span> <span class='ocrx_word' id='word_1_238' title='bbox 1686 4033 2133 4121; x_wconf 87' lang='lat' dir='ltr'><strong>industriaque</strong></span> <span class='ocrx_word' id='word_1_239' title='bbox 2176 4047 2395 4097; x_wconf 88' lang='lat' dir='ltr'><strong>nostra</strong></span> <span class='ocrx_word' id='word_1_240' title='bbox 2440 4029 2779 4112; x_wconf 87' lang='lat' dir='ltr'><strong>judicium</strong></span> 
     </span>
    </p>
   </div>
   <div class='ocr_carea' id='block_1_5' title="bbox 626 4158 1356 4255">
    <p class='ocr_par' dir='ltr' id='par_1_5' title="bbox 626 4158 1356 4255">
     <span class='ocr_line' id='line_1_32' title="bbox 626 4158 1356 4255; baseline -0.03 -26"><span class='ocrx_word' id='word_1_241' title='bbox 626 4183 823 4255; x_wconf 89' lang='lat' dir='ltr'><strong>penes</strong></span> <span class='ocrx_word' id='word_1_242' title='bbox 853 4158 1160 4221; x_wconf 76' lang='lat' dir='ltr'><strong>lectorem</strong></span> <span class='ocrx_word' id='word_1_243' title='bbox 1197 4162 1356 4211; x_wconf 85' lang='lat' dir='ltr'><strong>esto.</strong></span> 
     </span>
    </p>
   </div>
  </div>
 </body>
</html>
