3023 4773
553 435 1074 503 EPISTOLAE
1121 437 1259 504 AD
1312 436 1819 525 ATTICUM,
1858 439 1942 524 V,
1998 462 2104 535 ¹9·

2253 438 2391 537 573

255 580 431 640 nus,
459 579 680 650 quam
717 577 850 624 nos
884 553 1001 626 hic
1031 580 1304 626 sumus.
1339 558 1449 626 De
1479 558 1865 629 Attiliano²
1895 562 2190 633 nom‘ine
2219 566 2393 634 scri-

257 667 371 760 psi
409 662 499 733 ad
522 663 1023 752 Philotimum,
1056 689 1149 735 ne
1183 664 1578 762 appellaret
1595 669 1995 741 Messallam
2016 669 2066 741 ³.
2105 677 2390 745 Itineris

256 777 485 844 nostri
508 771 766 872 famam
784 772 873 844 ad
889 787 962 845 te
982 776 1388 871 pervenisse
1416 775 1645 863 laetor,
1672 781 2041 876 magisque
2063 780 2392 870 laetabor,
2471 861 2484 873 ,

258 884 317 953 si
359 883 638 980 reliqua
692 887 1046 981 cognoris,
1104 885 1426 955 Filiolam
1482 899 1676 956 tuam
1729 886 1860 957 tibi
1902 891 2098 984 jam‘*
2144 897 2391 963 Romae

250 992 646 1088 jucundam
662 1016 814 1065 csse
840 994 1154 1090 gaude03
1174 1019 1478 1091 eamque
1500 1050 1519 1081 ,
1552 1021 1771 1092 quam
1792 1023 2192 1097 numquam
2209 1000 2390 1089 vidi,

258 1117 500 1173 tamen
543 1117 617 1174 et
662 1128 862 1191 am0,
924 1118 998 1176 et
1038 1103 1419 1175 amabilem
1473 1129 1626 1176 csse
1679 1122 1880 1179 certo
1925 1109 2104 1180 scio.
2159 1111 2393 1181 Etiam

258 1226 478 1310 atque
507 1214 719 1284 etiam
755 1213 1023 1302 valete,
1060 1219 1322 1286 Patron
1340 1212 1396 1301 ⁵,
1435 1229 1508 1285 et
1541 1219 1648 1286 tui
1681 1216 2177 1317 condiscipuli.
2215 1223 2395 1310 Quae

257 1321 349 1392 de
385 1319 833 1395 Tarentinis⁶
868 1325 944 1394 in
985 1324 1229 1396 militia
1276 1323 1627 1413 laboravi,
1689 1349 1770 1397 ea
1809 1317 1941 1398 tibi
1991 1332 2195 1422 gra'ta
2238 1354 2391 1402 esse

331 1584 385 1618 a.
424 1568 504 1617 Sic
535 1564 824 1628 jamdudum
849 1565 944 1612 viri
971 1564 1107 1613 docti
1133 1579 1278 1629 repo-

263 1647 477 1695 nendum
490 1654 782 1694 censuerunt
804 1658 896 1707 pro
916 1643 1219 1691 «Attelliano
1237 1664 1277 1690 a.

259 1728 308 1774 J.
329 1728 394 1775 V.
419 1730 474 1775 L.

332 1802 707 1854 suessanum.
733 1802 835 1864 Qui
859 1816 950 1865 pro
962 1799 1142 1848 Attilio
1163 1815 1282 1863 pro-

260 1886 469 1934 miserat.
495 1885 560 1931 Et
584 1883 836 1946 appellare
860 1880 1059 1927 verbum
1079 1879 1287 1926 credito-

261 1980 388 2012 rum.
423 1961 683 2026 Appellare
720 1970 880 2007 autem
924 1974 1025 2021 quo
1052 1945 1287 2021 ¹tempore

264 2043 325 2090 de
348 2041 533 2088 ambitu
558 2055 670 2086 reus
708 2049 810 2086 erat
842 2035 1093 2097 Messalla,
1122 2036 1285 2084 homi-

262 2121 341 2167 nis
381 2118 635 2166 videbatur
678 2117 739 2166 de
785 2117 1081 2164 humanitate
1116 2130 1308 2178 parum,

262 2197 546 2246 laborantis.
580 2198 723 2245 Mu.

336 2284 389 2333 4.
417 2279 530 2324 Iam
563 2277 745 2323 Romae.
788 2276 955 2337 Quum
999 2277 1173 2323 Romae
1215 2291 1285 2322 es.

262 2357 375 2404 Jam
398 2356 525 2403 enim
551 2354 826 2419 profectum
855 2354 1073 2402 Atticum
1100 2355 1150 2403 iu
1171 2354 1287 2418 Epi-

264 2452 371 2483 rum
402 2434 727 2483 existimabat.
754 2436 817 2482 Et
841 2433 968 2481 dixit
986 2434 1096 2498 jam
1113 2468 1129 2494 ,
1150 2433 1287 2498 quasi

265 2516 432 2579 paucis
466 2524 578 2562 ante
616 2513 866 2561 mensibus
903 2524 1084 2561 natam.
1122 2515 1289 2561 Posset

265 2595 409 2643 etiam
446 2594 542 2651 sic,
589 2593 684 2641 nisi
731 2603 1059 2656 repugnarent
1100 2592 1289 2656 antiqui

264 2674 404 2731 libri,
444 2696 465 2716 ι
473 2675 573 2735 jam
604 2672 723 2719 mire
736 2670 1006 2732 jucundam
1020 2694 1062 2719 -.
1085 2672 1150 2719 Ea
1173 2682 1289 2735 post

265 2769 392 2802 uxor
431 2754 663 2817 Agrippa!
706 2752 830 2811 fuit,
873 2752 1005 2812 ejus,
1043 2752 1131 2814 qui
1162 2752 1287 2798 Pan-

264 2833 449 2890 theon,
483 2830 617 2895 quod
648 2847 779 2878 nuuc
816 2846 1013 2894 quoque
1048 2830 1289 2894 integrum

267 2926 439 2972 magna
493 2926 603 2957 cum
644 2909 962 2957 admiratione
1013 2920 1285 2974 spectatur,

266 2992 441 3037 Romae
478 2986 716 3035 condidit.
748 2991 898 3037 Inna«.

342 3067 390 3115 5.
412 3068 462 3111 V
457 3066 597 3122 aleee,
608 3068 810 3112 Patron.
830 3068 977 3113 Hunc
993 3065 1158 3114 locum
1175 3078 1289 3115 aute

266 3146 454 3211 aliquot
471 3161 625 3194 annos
648 3145 897 3209 ingeniose
923 3161 985 3192 ex
1010 3149 1288 3209 conjectura

267 3235 542 3274 correxerat
572 3223 923 3272 eruditissimus
950 3223 1024 3269 vir
1058 3224 1289 3274 Claudius

268 3307 539 3363 Puteanus,
567 3318 803 3367 supremae
839 3303 985 3349 curiae
1011 3304 1291 3353 Parisiensis

268 3396 461 3433 senator
478 3383 839 3446 integerrimus:
860 3396 1003 3444 quam
1017 3382 1118 3442 ejus
1132 3398 1292 3430 emen·

272 3463 516 3512 dationem
562 3480 623 3511 eo
661 3477 816 3525 usque
858 3459 1094 3524 probavi,
1133 3459 1290 3515 donec

268 3545 389 3593 mihi
439 3543 649 3606 contigit
707 3541 925 3589 codicem
972 3541 1289 3589 Decurtatum

270 3623 510 3676 nancisci,
550 3621 634 3669 ubi
659 3621 763 3668 haec
790 3620 856 3667 ita
885 3629 1075 3667 exarata
1102 3621 1288 3683 reperi,

269 3712 354 3759 ut,
384 3700 520 3763 quod
553 3699 616 3747 ad
647 3700 932 3748 sententiam
968 3698 1168 3757 attinet,
1195 3700 1289 3746 Pu-

270 3780 400 3826 teani
436 3776 723 3825 confirment
763 3770 1149 3842 castigationem,
1201 3777 1288 3824 ali-

269 3856 562 3921 quantulum
590 3867 749 3904 tamen
774 3857 960 3904 varient
985 3855 1047 3903 ab
1085 3857 1190 3917 ejus
1216 3857 1286 3904 le·

270 3938 452 3984 ctione.
488 3936 569 3983 Sic
594 3937 721 3984 enim
747 3936 816 3983 ihi
841 3937 1086 4000 leguntur,
1108 3936 1287 3984 «etiam

271 4026 415 4079 atque
467 4015 611 4061 etiam
664 4015 816 4063 valete
860 4019 1038 4064 Patron
1059 4051 1074 4075 ,
1126 4026 1175 4064 et
1217 4016 1290 4062 tui

272 4095 599 4160 condiscipuli
615 4117 655 4141 a.
682 4095 916 4144 Audierat
952 4096 1125 4145 Cicero
1160 4094 1294 4144 Atti·

272 4192 387 4223 cum
423 4174 561 4225 valde
590 4174 816 4225 delectari
844 4175 939 4224 fllia
959 4209 975 4236 ,
1015 4192 1110 4239 qua
1137 4190 1293 4239 nuper

1363 1573 1538 1611 auctus
1581 1573 1717 1622 erat,
1754 1573 1956 1627 eamque
2001 1582 2192 1616 summo
2228 1583 2395 1619 amore

1365 1644 1616 1706 prosequi,
1643 1644 1729 1707 qui
1754 1659 1892 1690 amor
1910 1660 1937 1691 a
1965 1656 2136 1706 natura
2161 1647 2262 1711 ipsa
2281 1665 2399 1712 pro-³

1365 1720 1688 1779 ficisccbatur‚
1709 1722 1823 1770 ideo
1848 1738 1998 1786 quum
2020 1723 2074 1770 in
2095 1741 2149 1777 ea
2176 1741 2227 1774 re
2253 1725 2394 1774 illum

1366 1801 1774 1849 animadverteret
1818 1802 2013 1850 decreto
2058 1805 2398 1867 epicureorum

1368 1881 1611 1928 adversari
1628 1916 1643 1940 ,
1675 1881 1762 1944 qui
1789 1872 2029 1945 negabant
2054 1881 2248 1948 φυσικὴν
2279 1875 2399 1934 ιῖναι

1368 1956 1451 2012 τὴν
1474 1957 1650 2028 ‹town-o
1672 1958 1757 2013 τὴν
1774 1958 1891 2026 πρὸς
1913 1955 1977 2008 τὰ
1994 1950 2164 2020 τῖκνα,
2189 1963 2284 2011 hoc
2304 1975 2397 2027 est,

1370 2037 1570 2084 insitum
1613 2054 1715 2085 esse
1760 2050 1930 2087 natura
1973 2056 2185 2088 amorem
2232 2039 2397 2104 illum,

1371 2131 1471 2179 quo
1503 2115 1710 2179 quisque
1745 2116 1875 2166 filios
1908 2119 2277 2183 complectitur,
2322 2122 2399 2171 le·

1371 2195 1495 2243 stive
1522 2196 1677 2243 Attici
1710 2197 1908 2243 nomine
1936 2198 2094 2246 valere
2128 2198 2269 2259 jubet
2307 2202 2399 2248 Pa-

1372 2283 1564 2321 tronem
1587 2275 1785 2338 Epicuri
1809 2274 2101 2339 discipulum
2114 2313 2129 2339 ,
2145 2289 2192 2325 et
2212 2290 2401 2329 ceteros

1371 2352 1586 2415 ejusdem
1623 2352 1991 2418 condiscipulos
2006 2388 2022 2414 ,
2042 2357 2181 2419 quasi
2204 2358 2400 2408 Atticus

1372 2434 1575 2498 Epicuri
1631 2444 1775 2481 sectae
1820 2436 2135 2486 renuntiaret.
2181 2439 2257 2486 De
2300 2438 2398 2487 hoc

1370 2512 1575 2577 Epicuri
1606 2512 1798 2561 decreto
1827 2512 1940 2561 vide
1972 2516 2168 2563 Arriani
2202 2517 2402 2580 Epicte-

1374 2603 1493 2639 tum.
1529 2593 1645 2641 Bos.
1676 2619 1749 2628 —
1780 2590 1891 2641 sch.
1933 2591 2121 2649 voluit,
2163 2615 2185 2636 ι
2214 2594 2401 2643 valedio

1373 2672 1606 2731 Patroni,
1628 2682 1675 2719 et
1698 2687 1809 2718 cum
1837 2672 2243 2736 condiscipulis-n.
2269 2674 2363 2721 En.

1444 2750 1494 2797 6.
1533 2752 1608 2797 De
1643 2750 1929 2798 Tarentinis.
1975 2752 2227 2799 Tarentini
2279 2765 2397 2802 sunt

1372 2829 1586 2892 equites,
1610 2829 1740 2877 leves
1774 2829 1898 2877 duos
1944 2846 2097 2893 equos
2131 2830 2399 2893 habentes,

1373 2909 1460 2972 qui
1503 2908 1679 2969 jaculis
1726 2907 1919 2955 levibus
1962 2908 2216 2956 irritabant
2257 2912 2397 2974 quasi

1374 2987 1594 3053 praelium
1621 2987 1773 3034 instar
1797 2986 2014 3033 velitum.
2044 2989 2126 3034 Sic
2150 2988 2269 3035 dicti
2295 3005 2398 3038 nou

1373 3066 1513 3130 quod
1556 3065 1757 3113 Tarenti
1796 3062 2219 3112 conscriberentur
2237 3101 2252 3127 ,
2312 3067 2400 3116 sed

1373 3146 1511 3210 quod
1538 3145 1634 3192 hoc
1662 3160 1833 3208 genere
1859 3142 2081 3206 equitnm
2113 3145 2258 3206 primi
2283 3159 2400 3197 sunt

1372 3226 1447 3274 usi
1464 3224 1735 3273 Tarentini.
1757 3226 1830 3271 De
1855 3222 1916 3270 iis
1936 3220 2149 3269 AElianus
2168 3225 2399 3287 Tacticis,

1374 3321 1482 3368 cap.
1506 3306 1605 3363 453
1640 3301 1838 3360 suidas,
1877 3298 2182 3365 Hesychius,
2210 3303 2399 3363 Livius,

1373 3382 1594 3440 XXX'V,
1631 3383 1731 3444 283
1759 3378 1938 3444 Polyb.
1961 3378 2051 3429 lib.
2084 3381 2188 3436 XI,
2216 3392 2265 3429 et
2290 3382 2399 3433 aliis

1373 3461 1510 3509 locis.
1540 3463 1714 3510 (ἔικεν.
1735 3488 1804 3496 -
1829 3458 2048 3523 Adjungi
2076 3470 2270 3522 poterat
2290 3463 2397 3510 Ste-

1373 3539 1563 3603 phanus
1608 3538 1906 3603 Byzantinus
1934 3572 1949 3598 ,
2011 3537 2161 3585 verbo
2217 3537 2398 3607 Τάρας.

1376 3618 1602 3665 Ceterum
1628 3634 1756 3664 unus
1791 3616 1952 3663 locum
1987 3613 2118 3661 hunc
2158 3615 2282 3665 bene
2320 3618 2398 3666 in-

1376 3695 1563 3745 tellexit
1579 3697 1828 3752 Graevius,
1849 3705 1899 3743 et
1919 3693 2203 3744 illustravit.
2224 3697 2401 3762 Turpi·

1376 3782 1451 3824 ter
1469 3776 1551 3823 alii
1573 3793 1624 3823 se
1641 3775 1894 3824 dederunt.
1923 3774 2099 3822 Mona.
2123 3801 2189 3810 —
2206 3776 2399 3827 Mannt.

1376 3866 1428 3904 et
1452 3854 1722 3917 Malaspina
1748 3850 2006 3915 legendnm
2032 3862 2207 3915 putant
2224 3857 2399 3919 parfe-

1377 3932 1507 3988 et‘m’s,
1530 3944 1578 3981 et
1599 3931 1903 3980 referendum
1922 3930 1985 3978 ad
2011 3932 2269 3995 parietinas
2290 3936 2400 4000 Epi-

1380 4013 1511 4071 curl,
1542 4011 1602 4060 de
1630 4010 1808 4076 quibus
1835 4011 1978 4075 epist.
2006 4010 2069 4058 ad
2105 4010 2218 4059 Div.
2248 4016 2402 4069 xm,

1387 4108 1442 4149 ¹3
1476 4092 1540 4139 ad
1570 4093 1723 4140 Attic.
1745 4094 1808 4148 V,
1859 4106 1940 4139 ιι.
1998 4089 2211 4139 Obstant
2254 4094 2395 4140 Mss,

1381 4170 1508 4221 LV.
1536 4173 1592 4218 t..
