3023 4773
626 419 764 515 390
1272 420 1368 488 M.
1412 423 1489 488 T.
1545 419 2109 489 CICERONIS

623 542 895 623 dicere,
946 539 1126 610 nihil
1181 562 1334 610 esse
1384 543 1589 609 tanti.
1639 544 1747 609 Tu
1795 542 1850 609 si
1907 534 2195 608 literas⁶
2239 534 2328 606 ad
2375 535 2748 632 Sicyonios

623 649 881 737 habes,
923 649 1171 721 advola
1211 652 1289 718 in
1308 653 1768 720 Formianum
1800 676 1813 717 :
1849 648 2046 718 unde
2073 672 2205 718 nos
2233 671 2343 744 pr.
2373 661 2546 716 non.
2573 650 2737 716 mai.

622 762 1038 857 cogitamus.

686 948 734 993 6.
765 946 950 993 Licet-as
977 945 1050 993 ad
1070 945 1331 1007 Sicyonios.
1364 946 1579 1011 Scriptus
1604 963 1631 993 a
1720 962 1843 992 rum.
1867 946 2027 994 Coun.
2060 974 2131 983 —
2156 948 2277 995 Em.
2305 948 2598 1013 intelligebat
2614 985 2628 1008 ‚
2659 974 2683 991 α
2700 952 2741 998 si

617 1024 929 1074 consulibus:
956 1037 1013 1074 ut
1030 1026 1276 1090 Sicyonii,
1304 1025 1390 1089 qui
1414 1035 1459 1072 te
1487 1025 1631 1074 laetle-
1720 1023 1885 1072 literas
1910 1023 1971 1071 de
1996 1026 2196 1088 negotio
2229 1035 2319 1074 tuo
2352 1028 2630 1091 pecuniario
2652 1029 2730 1078 ,ad

615 1106 731 1153 bant
752 1106 868 1171 (ep.
900 1123 914 1152 ι
940 1106 1087 1168 huius
1103 1105 1249 1167 libri)
1269 1105 1359 1152 tibi
1375 1106 1632 1169 pecuniam
1720 1104 1984 1169 Sicyonios
2005 1101 2197 1153 mittere
2224 1106 2365 1170 cupis
2380 1126 2403 1149 ι
2417 1140 2432 1164 ,
2466 1106 2594 1170 quod
2621 1123 2737 1171 pro-

613 1184 833 1245 solvnnt,
862 1185 1042 1255 advola
1056 1218 1072 1241 ,
1103 1184 1411 1249 profecturus
1437 1184 1490 1231 iu
1517 1185 1631 1248 Epi·
1722 1182 1807 1230 bat
1825 1183 1937 1232 Sch.
1962 1184 2055 1229 En.
2198 1202 2201 1207 ·

610 1352 699 1369 m
708 1349 888 1370 mm
894 1352 2552 1375 mmmmmmmmmmmmmmmmm
2560 1354 2735 1377 mm

1219 1488 1822 1591 EPISToLA
1879 1511 2110 1590 xlv,

615 1668 908 1746 Significat
954 1669 1064 1728 sibi
1105 1671 1364 1729 Atticum
1407 1690 1673 1748 magnam
1718 1671 2207 1749 exspectationem
2238 1668 2323 1728 de'
2357 1671 2556 1743 rebu5‚
2600 1692 2742 1748 quas

693 1766 840 1823 scire
869 1764 972 1825 sua
1002 1768 1246 1839 intersit,
1278 1767 1542 1826 movisse.
1572 1767 1772 1827 Otium
1817 1781 2010 1826 autem
2060 1766 2130 1824 ad
2182 1766 2361 1825 libros
2406 1766 2743 1826 scribendos

692 1861 803 1920 sibi
836 1864 1211 1922 molestorum
1244 1863 1579 1923 assiduitate
1606 1865 1879 1942 intercipi
1905 1886 1918 1920 :
1942 1878 2131 1923 tamen
2160 1884 2222 1923 se
2244 1866 2423 1924 Attici
2450 1866 2741 1923 voluntati

691 1972 971 2035 quantum
1011 1959 1134 2017 fieri
1174 1960 1356 2035 possit
1385 1960 1825 2021 satisfacturum.
1868 1963 1961 2038 (In
1993 1962 2328 2033 Formiano,
2372 1976 2527 2019 anno
2563 1966 2636 2021 U.
2669 1966 2734 2021 C.

695 2058 845 2131 694,
876 2070 1070 2115 mense
1098 2054 1314 2134 aprili.)

1275 2224 1589 2288 CICERO
1637 2224 1957 2289 ATTICO
2002 2225 2065 2288 S.

703 2391 1074 2479 QUAM-Am
1106 2404 1186 2459 tu
1201 2389 1382 2459 mihi
1401 2412 1649 2459 moves
1673 2392 2277 2486 exspectationem
2301 2389 2391 2460 de
2406 2414 2743 2461 sermone

614 2496 1267 2590 Bibuli¹Pquantam
1286 2492 1378 2564 de
1403 2493 1770 2589 colloquio
1788 2488 2094 2582 βοώπιδος
2116 2495 2505 2590 i'quantam
2527 2498 2740 2572 etiam

617 2606 708 2678 de
744 2606 869 2676 illo
906 2604 1210 2675 delicato
1247 2602 1627 2673 convivio?
1664 2603 1975 2676 Proinde‘
2010 2608 2109 2674 ita
2139 2603 2283 2690 sac,
2326 2607 2614 2675 venias²
2650 2608 2743 2685 ad

616 2718 921 2787 sitientis
964 2739 1193 2786 aures.
1225 2715 1685 2810 Quamquam
1715 2713 1896 2784 nihil
1930 2728 2035 2785 est
2058 2714 2241 2810 jam,
2282 2712 2481 2809 quod
2518 2717 2743 2812 magis

615 2825 1018 2897 timendum
1072 2823 1284 2895 nobis
1324 2839 1612 2923 putem,
1663 2848 1882 2920 quam
1934 2847 2027 2893 ne
2073 2823 2192 2894 ille
2243 2840 2490 2895 noster
2539 2831 2740 2896 Sam-

615 2940 1051 3033 psiceramus
1066 2931 1119 3022 ³,
1176 2959 1406 3031 quum
1454 2957 1529 3005 se
1583 2934 1910 3002 omnium
1966 2933 2429 3005 sermonibus
2483 2938 2743 3006 sentiet

613 3054 981 3152 vapulare,
1014 3065 1085 3122 et
1112 3075 1343 3148 quum
1381 3051 1508 3120 has
1538 3052 1855 3121 actiones
1886 3056 2411 3148 εὐανατρέπτουςΙ·
2434 3053 2741 3136 videbit,

612 3159 861 3234 ruere⁵
874 3161 1188 3258 incipiat.
1223 3164 1376 3256 Ego
1396 3174 1638 3229 autem
1662 3183 1894 3256 usque
1915 3185 2003 3231 eo
2020 3185 2189 3232 sum
2210 3178 2593 3233 enervatus
2616 3217 2634 3250 ‚
2658 3181 2742 3236 ut

616 3268 757 3340 hoc
787 3271 940 3337 otio
959 3321 978 3353 ‚
1016 3288 1168 3361 quo
1200 3289 1397 3334 nunc
1424 3264 1857 3337 tabescimus
1877 3321 1896 3353 ‚
1929 3265 2171 3336 malim
2198 3266 2742 3362 ἐντυραννεῒσθαιῦ,

612 3402 828 3473 quam
869 3401 1032 3446 cum
1078 3377 1354 3472 optima
1398 3400 1526 3472 spe
1571 3374 1932 3447 dimicare.
1971 3381 2078 3447 De
2114 3377 2498 3475 pangendo
2540 3377 2738 3474 quod

613 3512 728 3559 me
788 3484 1046 3557 crebro
1103 3484 1539 3573 adhortaris,
1594 3483 1751 3560 fieri
1807 3485 1986 3556 nihil
2050 3501 2308 3584 potest.
2373 3487 2737 3560 Basilicam

687 3698 735 3728 ι.
763 3677 941 3728 Bibuli.
972 3679 1098 3741 Quia
1124 3679 1380 3742 scripserat
1407 3682 1629 3739 Atticus,
1716 3678 1945 3736 tendum,
1989 3679 2124 3741 quod
2166 3681 2263 3727 siut
2306 3693 2477 3728 contra
2518 3683 2739 3744 auspicia

609 3773 660 3804 u
689 3774 801 3805 eum
829 3759 901 3804 M.
929 3757 1105 3805 Bibulo
1136 3774 1405 3806 sennonem
1436 3758 1628 3807 babitu-
1716 3759 1870 3805 sactae.
1890 3758 1985 3805 En.

609 3851 714 3896 rum
729 3871 743 3894 ,
762 3837 906 3884 etiam
929 3852 1039 3885 cum
1062 3835 1232 3886 Clodia
1254 3838 1414 3885 Publii
1436 3853 1625 3885 sorore.
1788 3838 1833 3884 5.
1852 3838 2021 3882 nuere.
2041 3836 2244 3899 Aliquid
2262 3838 2457 3899 conari,
2475 3855 2576 3902 quo
2592 3842 2744 3902 magis

610 3915 825 3962 Manu-r.
1713 3914 2061 3977 rempublicam
2076 3915 2346 3979 perturbet.
2363 3918 2415 3965 J.
2435 3920 2487 3964 1².
2504 3920 2740 3965 (ἄκοιτον.

677 4009 728 4039 2.
755 3993 942 4040 Ernest.
971 3996 1101 4053 conj,
1126 3995 1307 4042 venies.
1337 3993 1370 4041 J
1375 4029 1386 4041 .
1411 3996 1472 4041 V.
1502 3997 1553 4040 L.
1785 3992 1833 4041 6.
1858 3982 2255 4060 ὲντυραννεῖσθαι.
2273 3996 2375 4044 Sub
2392 4008 2602 4061 tyranno
2623 4013 2743 4052 esse,

679 4074 728 4120 3.
751 4069 1173 4133 Sampsiceramus.
1197 4074 1475 4136 Pompeius.
1709 4089 1733 4118 a
1758 4084 1968 4136 tyranno
1989 4074 2087 4136 regi
2110 4087 2121 4120 :
2148 4075 2275 4121 male
2299 4075 2422 4123 vehi
2440 4076 2540 4123 alio
2560 4077 2739 4140 guber-

678 4160 726 4205 4.
765 4149 887 4198 Εὐαν
899 4149 1171 4216 arpini-0⁹³3.
1205 4152 1386 4197 Faciles
1408 4152 1469 4198 ad
1495 4168 1625 4197 ever·
1709 4163 1905 4212 nature,
1934 4169 2009 4215 ep.
2034 4169 2066 4214 9
2094 4153 2145 4200 h.
2173 4153 2207 4201 l.
2240 4155 2395 4202 Con.
