3023 4773
442 401 964 470 EPISTOLAE
1015 402 1150 469 An
1202 404 1711 488 ΑΤΤΙΟΗΜ,
1751 406 1938 489 vn,
2003 430 2054 473 t.
2170 384 2313 493 6243

189 546 352 590 sum
408 535 645 593 tamen
698 546 853 593 esse
910 526 1202 611 Catoni,
1253 522 1682 596 amicissimo
1730 550 1938 613 meo,
1986 552 2213 622 quum
2260 533 2318 603 is

190 631 988 704 honorificentissimam
1032 635 1108 703 in
1156 659 1274 705 me
1328 640 1759 706 sententiam
1809 636 2143 726 dixisset3
2184 666 2320 712 nec

189 768 305 814 me
341 744 432 816 ad
467 769 543 815 se
580 743 765 814 ullas
798 744 1036 815 literas
1074 746 1385 830 misisse,
1431 770 1662 840 quum
1713 744 1802 817 ad
1854 771 2107 818 omnes
2152 752 2322 821 mit-

190 867 439 924 terem.
494 857 767 925 Verum
821 851 1127 939 dicebat.
1180 854 1291 927 Ad
1343 879 1509 926 eum
1566 856 1758 927 enim
1800 856 2072 945 solum,
2119 873 2190 930 et
2232 859 2323 931 ad

189 961 681 1062 Crassipedem
729 989 880 1036 non
924 966 1366 1065 scripseram.

286 1078 525 1172 Atque
558 1075 707 1145 haec
733 1074 824 1145 de
854 1074 1073 1147 rebus
1102 1075 1534 1149 forensibus.
1565 1076 1970 1149 Redeamus
1998 1077 2321 1153 domum.

189 1181 582 1278 Dijungere
620 1207 736 1253 me
773 1180 865 1252 ab
917 1181 1043 1255 illo
1088 1184 1278 1255 volo.
1328 1186 1558 1255 Mirus
1594 1197 1701 1255 est
1732 1187 2007 1280 φυροίτης
2029 1190 2120 1274 ⁹4,
2163 1211 2323 1283 ger-

191 1316 450 1364 manus
483 1290 945 1365 Lartidius²⁵.

425 1431 562 1492 Ᾰλλὰ
575 1430 653 1502 ²⁶,
686 1438 753 1493 τὰ
783 1440 871 1509 μὶν
894 1442 1222 1509 reporta-thom
1253 1438 1490 1512 ἐάσομεν,
1518 1441 1776 1512 ἀχνύμενοί
1810 1461 1921 1513 περ.

189 1576 492 1672 Reliqua
527 1575 1022 1676 expediamus.
1061 1583 1216 1649 Hoc
1252 1580 1608 1676 primum,
1644 1605 1792 1676 quo
1830 1584 2126 1652 accessit
2155 1607 2328 1653 cura

189 1686 425 1757 dolori
453 1712 652 1774 me0,
683 1686 811 1758 sed
839 1687 981 1758 hoc
1008 1700 1249 1758 tamen
1270 1743 1289 1776 ‚
1314 1689 1672 1786 quidquid
1703 1705 1845 1776 est,
1863 1692 2328 1779 Praecianum,

190 1821 355 1866 cum
404 1798 488 1867 iis
524 1796 931 1869 rationibus
955 1852 974 1885 ‚
1009 1821 1190 1893 quas
1226 1797 1342 1868 ille
1377 1823 1574 1870 meas
1610 1815 1909 1887 tractat,
1952 1800 2330 1872 admisceri

189 1906 388 1977 nol0.
434 1909 663 2003 Scripi
709 1907 800 1978 ad
849 1907 1253 1978 Terentiam
1280 1960 1298 1992 ‚
1354 1910 1606 2005 scripsi
1655 1913 1871 1980 etiam
1919 1909 2009 1979 ad
2055 1915 2330 2008 ipsum,

158 2025 309 2086 'me
332 2070 351 2098 ‚
407 2016 764 2114 quidquid
823 2039 1106 2114 possem
1179 2041 1651 2088 nummorum
1677 2073 1697 2104 ‚
1758 2018 1849 2089 ad
1902 2035 2330 2117 apparatum

188 2124 456 2219 sperati
493 2123 843 2222 triumphi
887 2120 977 2193 ad
1014 2137 1085 2192 te
1122 2120 1610 2193 redacturum.
1648 2129 1793 2195 Ista
1837 2141 2015 2222 puto
2037 2135 2097 2179 ²7
2130 2126 2328 2221 ἅμερ.-

186 2266 322 2308 ma
343 2223 407 2269 ²⁸
446 2230 647 2302 fore:
684 2253 937 2301 verum
979 2243 1063 2299 ut
1107 2228 1410 2300 lubebit.
1454 2234 1657 2300 Hanc
1699 2255 1997 2327 quoque
2044 2234 2327 2330 suscipe

188 2369 442 2419 curam
460 2398 479 2428 ‚
507 2333 1122 2439 quemadmodum
1152 2339 1808 2438 experiamur²9Jd
1841 2355 1915 2412 et
1944 2342 2320 2414 ostendisti

188 2454 627 2554 quibusdam
665 2451 923 2538 literis,
957 2475 1047 2553 ex
1082 2454 1304 2549 Epiro
1335 2476 1424 2521 an
1457 2451 1756 2522 Athenis
1789 2449 2006 2539 datis;
2034 2467 2108 2524 et
2133 2456 2208 2523 in
2236 2478 2326 2524 eo

148 2604 163 2615 -
190 2593 327 2665 ego
368 2582 438 2665 te
473 2563 854 2662 adjuvabo,

1373 2741 1455 2784 27.
1508 2728 1620 2772 Ista
1670 2736 1805 2788 puto.
1853 2726 1982 2786 Alii,
2047 2727 2118 2773 ica
2176 2737 2323 2790 puto.

1298 2804 1347 2852 J.
1370 2803 1437 2853 V.
1464 2806 1523 2851 L.

266 2740 349 2789 24.
373 2728 603 2798 Φυρσὶτης.
634 2730 972 2779 Conturbator.
997 2727 1209 2775 Philoti-

188 2828 316 2861 mus.

265 2893 350 2940 25.
372 2886 635 2937 Lartidius.
655 2887 714 2934 Id
730 2886 829 2935 hoe
842 2902 985 2935 seusu
1002 2885 1211 2950 accipio,

191 2972 393 3035 Ulysses
407 3002 423 3028 ,
452 2967 539 3031 qui
564 2966 810 3024 weida,
850 2965 930 3014 vel
966 2964 1213 3013 Lacr-tides

187 3060 318 3108 erat,
344 3046 666 3096 astutissimus
689 3056 739 3092 et
764 3044 1098 3092 callidissimus
1126 3060 1210 3091 ve-

191 3140 373 3178 tentor
393 3137 467 3176 est
482 3126 706 3174 habitus:
737 3123 882 3179 talem
900 3123 1210 3171 Philotimum

192 3210 351 3258 diuet-e
377 3221 577 3272 possum
592 3238 608 3265 ,
632 3215 683 3252 et
700 3202 993 3261 Lartidium,
1009 3201 1106 3250 hoe
1122 3212 1212 3260 est,

193 3289 450 3353 Ulysseum
475 3301 665 3333 vocare.
680 3285 907 3330 Tuitus.
924 3280 1054 3328 Λᾶν.
1083 3283 1184 3328 XX
1199 3315 1213 3337 ‚

200 3370 279 3416 16.
300 3395 370 3406 -
385 3364 662 3429 Mongaltio
688 3378 791 3410 non
817 3360 977 3425 placet
1001 3360 1108 3407 haec
1134 3360 1210 3406 in-

194 3445 498 3511 terpretatio:
516 3443 601 3507 qui
622 3440 893 3491 Lartidium
908 3449 1045 3503 putat
1063 3438 1211 3486 famo-

193 3542 299 3572 sum
319 3525 433 3572 olim
457 3524 630 3581 fuisse,
650 3522 888 3585 nobisque
906 3518 1210 3582 incognitum

193 3606 365 3651 furem.
386 3604 491 3650 Nec
518 3617 634 3648 vero
661 3600 910 3648 Manutius
929 3598 1083 3645 aliter.

263 3683 344 3730 26.
372 3670 520 3731 maz.
548 3679 647 3727 Sea
684 3679 789 3726 lm
829 3677 1024 3743 quidem
1039 3713 1056 3735 ‚
1101 3692 1213 3740 qua.-

188 3774 339 3809 amea
358 3772 475 3808 acta
491 3770 628 3816 sunt,
653 3758 949 3814 omittemus,
973 3756 1083 3804 licet
1100 3772 1210 3803 cum

188 3854 407 3888 υκαι-ονε.
437 3837 576 3886 Iliad.
602 3838 774 3884 xvnl
792 3871 807 3896 ,
842 3853 861 3883 1
877 3853 895 3883 t
908 3851 935 3882 2
951 3870 966 3898 ,
991 3847 1041 3883 et
1055 3837 1207 3894 XIX,

188 3922 275 3966 63.
304 3920 482 3965 Iterum
509 3916 686 3981 legitur
705 3918 809 3964 Att.
829 3917 873 3962 X
893 3949 908 3973 ‚
944 3930 1021 3962 ιη.
1042 3916 1134 3962 En.

1372 2885 1457 2931 28.
1501 2869 1761 2949 Ᾰμιμπτα.
1789 2886 1841 2932 si
1868 2884 1932 2932 ad
1968 2897 2014 2932 te
2041 2887 2247 2949 pecunia
2273 2886 2326 2933 in

1299 2962 1538 3026 triumphi
1576 2973 1863 3026 apparatum
1907 2963 2177 3027 redigetur,
2225 2981 2326 3011 nou

1300 3041 1393 3089 erit
1412 3040 1549 3104 quod
1569 3041 1747 3087 sartum
1766 3057 1925 3088 meum
1947 3042 2234 3089 Philotimus
2253 3059 2326 3089 ac·

1300 3131 1464 3179 cuset,
1507 3131 1749 3183 tamquam
1790 3120 1835 3167 ei
1862 3136 1962 3167 uon
1991 3119 2287 3168 continentis
2307 3148 2324 3181 9

1300 3217 1449 3264 quum
1473 3211 1541 3259 te,
1565 3214 1665 3245 nou
1695 3199 1930 3262 quemvis,
1951 3200 2022 3247 illi
2051 3201 2324 3263 praeferam,

1300 3281 1353 3326 iu
1367 3280 1572 3343 pecunia
1592 3277 1899 3342 triumphali,
1918 3295 2019 3326 non
2038 3278 2320 3327 domestica.

1296 3345 1561 3425 Ᾰμιμπτα,
1597 3374 1786 3406 causam
1825 3358 2086 3406 accusandi
2114 3358 2318 3407 nullam.

1298 3437 1440 3487 ΜΛΝ.

1372 3533 1458 3578 ²9-
1519 3516 1937 3577 Quemadmodum
1995 3514 2323 3579 experiamur.

1299 3597 1330 3642 J
1336 3612 1389 3642 us
1416 3606 1634 3642 nostium
1659 3612 2030 3659 persequamur,
2052 3604 2100 3642 et
2119 3596 2255 3658 quasi
2271 3595 2322 3641 in

1296 3675 1375 3735 jus
1412 3675 1727 3722 Philotimum
1764 3692 2011 3722 vocemus.
2052 3675 2216 3722 Coss.
2251 3700 2323 3710 --

1299 3753 1445 3802 Malit
1459 3755 1511 3801 J.
1533 3755 1598 3800 V.
1617 3758 1676 3802 L.
1703 3754 1807 3801 haec
1831 3754 2037 3817 intelligi
2066 3752 2126 3800 de
2146 3752 2321 3799 trium·

1298 3833 1399 3897 pho
1418 3848 1430 3882 :
1448 3834 1554 3897 pari
1573 3850 1714 3880 sensu
1734 3835 1879 3898 epist.
1902 3822 2198 3897 seq.1taque
2217 3847 2320 3879 otu-

1296 3913 1377 3960 nia
1405 3911 1644 3976 experiar.
1666 3912 1754 3960 En.

969 4061 1542 4093 -—--—0-—--

1957 4206 2073 4285 ζμ.
