3023 4773
745 343 882 439 578
1379 338 1476 405 Μ.
1528 337 1605 404 Τ.
1661 337 2224 408 CICERONIS

738 458 1274 537 insidiatoribus
1314 456 1472 552 ejus
1508 459 1835 552 ἀπρόσιτον
1851 466 1918 500 ²⁰
1961 481 2110 544 me,
2153 479 2305 527 uon
2349 454 2550 527 modo
2585 452 2770 556 ἀδωρο-

738 568 999 648 δόκητον
1038 564 1350 665 praebui,
1389 587 1634 659 regem
1669 583 2121 660 regnumque
2167 564 2451 634 servavi.
2483 568 2718 636 Interea
2745 591 2773 637 e

736 677 1188 779 Cappadocia
1236 699 1327 745 ne
1367 673 1596 771 pilum
1647 672 2070 770 quidem²¹;
2120 686 2338 769 atque
2380 672 2571 742 etiam
2613 696 2772 771 spero

737 807 895 864 toto
934 813 1127 860 anno
1167 786 1451 883 imperii
1490 787 1716 854 nostri
1749 786 2158 854 teruncium
2192 798 2512 880 sumptus
2549 784 2613 852 in
2649 806 2773 878 pro-

732 903 963 974 vincia
988 900 1270 970 nullum
1290 895 1465 967 fore.
1497 902 1798 966 Brutum
1821 892 2184 989 abjectum
2199 948 2219 981 ,
2241 907 2578 990 quantum
2597 893 2773 989 potui,

734 1013 1113 1088 excitavi²²
1170 1038 1185 1077 :
1234 1031 1452 1106 quem
1496 1031 1642 1077 nou
1695 1007 1936 1075 minus
1987 1029 2187 1091 amn,
2234 1027 2445 1101 quam
2487 1016 2592 1088 tu,
2627 1025 2775 1099 paene

730 1127 907 1212 dixi,
945 1146 1164 1219 quam
1204 1134 1294 1190 te.

825 1232 1063 1305 Habes
1101 1229 1365 1301 omnia.
1410 1230 1624 1298 Nunc
1652 1224 1945 1323 publice
1983 1226 2220 1296 literas
2243 1228 2536 1295 Romam
2565 1224 2778 1291 mittere

729 1342 1068 1445 parabam
1101 1366 1115 1410 :
1155 1336 1530 1409 uberiores
1563 1350 1809 1422 erunt,
1839 1359 2060 1431 quam
2109 1336 2168 1406 si
2204 1359 2293 1404 ex
2326 1338 2587 1404 Amano
2611 1331 2777 1401 misis-

726 1479 896 1527 sem.
954 1459 1045 1524 At
1089 1464 1156 1520 te
1201 1453 1443 1519 Romae
1487 1471 1641 1518 non
1686 1444 1883 1518 fore?
1924 1444 2052 1516 sed
2100 1461 2210 1517 est
2266 1441 2599 1529 totum²³‚
2639 1440 2784 1538 quod

724 1566 859 1637 kal.
906 1576 1113 1633 mart.
1167 1557 1497 1629 futurum
1551 1570 1681 1627 est.
1720 1558 1994 1626 Vereor
2036 1556 2268 1642 enim,
2311 1579 2441 1637 ne,
2487 1576 2687 1650 quum
2725 1548 2786 1619 de

727 1674 1097 1775 provincia
1143 1684 1426 1768 agetur,
1475 1668 1535 1737 si
1582 1671 1817 1737 Caesar
1865 1670 2185 1753 resistet,
2224 1690 2366 1737 nos
2404 1666 2785 1735 retineamur.

726 1791 851 1858 His
884 1800 966 1856 tu
1010 1786 1065 1855 si
1111 1781 1422 1865 adesses,
1462 1775 1640 1845 nihil
1684 1777 2038 1847 timerem.
2325 1769 2332 1775 ’

824 1893 1068 1967 Redeo
1103 1890 1193 1963 ad
1226 1888 1550 1959 urbana:
1587 1911 1747 1983 quae
1793 1910 1928 1982 ego
1983 1884 2108 1956 diu
2161 1889 2530 1984 ignorauS‚
2575 1908 2652 1954 ex
2692 1882 2792 1950 tuis

721 2000 1261 2101 jucundissimis
1310 1998 1536 2069 literis
1579 2020 1642 2066 a.
1697 1994 1767 2065 d.
1824 2021 1870 2064 v
1912 1994 2198 2066 kalend.
2262 1994 2494 2089 jan.²⁴
2544 1990 2793 2084 denique

724 2115 1056 2210 cognovi.
1087 2116 1224 2181 Eas
1252 2107 1793 2203 diligentissime
1821 2105 2249 2201 Philogenes
2266 2157 2285 2191 ,
2319 2101 2613 2175 libertus
2640 2112 2794 2179 tuus,

730 2227 1035 2308 curavit,
1084 2220 1433 2319 perlonga
1479 2232 1551 2290 et
1596 2242 1746 2289 uon
1784 2218 1952 2287 satis
1990 2230 2146 2286 tuta
2180 2218 2336 2302 via,
2377 2207 2792 2312 perferendas

723 2340 907 2411 Nam
933 2357 1117 2432 quas
1149 2331 1355 2404 Lenii
1383 2331 1624 2429 pueris
1665 2326 1916 2400 scribis
1952 2325 2189 2413 dataS,
2232 2351 2391 2396 non
2423 2339 2795 2421 acceperam.

730 2452 766 2517 J
771 2442 1060 2517 ucunde
1090 2442 1180 2513 de
1210 2446 1482 2513 Caesare
1504 2493 1524 2527 ,
1561 2452 1633 2508 et
1656 2462 1815 2535 quae
1840 2452 2131 2508 senatus
2155 2432 2573 2523 decrevit25,
2598 2446 2660 2503 et
2684 2450 2799 2525 quae

733 2572 815 2628 tu
849 2577 1091 2654 speras
1107 2550 1174 2596 ²⁶
1208 2579 1222 2621 ε
1257 2548 1526 2647 quibus
1563 2548 1681 2618 ille
1720 2550 1777 2620 si
1822 2546 2043 2634 cedit,
2087 2546 2259 2619 salvi
2296 2568 2567 2618 sumus.
2598 2546 2801 2613 Incen-

737 2798 866 2847 enim
897 2793 1174 2861 praeteriens
1201 2826 1215 2850 ,
1242 2801 1289 2838 et
1321 2789 1439 2836 alias
1469 2803 1547 2835 res
1584 2803 1753 2851 agens,
1916 2788 2004 2835 23.
2033 2787 2119 2835 Est
2144 2797 2315 2834 totum.
2338 2789 2399 2835 In
2422 2787 2517 2834 hoc
2537 2782 2681 2832 omnis
2709 2787 2805 2826 tunt·

733 2877 850 2927 belli
862 2873 1072 2924 Parthici
1096 2886 1210 2920 cura
1232 2879 1503 2932 occupatus
1517 2903 1532 2929 ,
1563 2866 1608 2915 ἐν
1632 2882 1757 2933 παρ·
1844 2867 1923 2913 Sic
1945 2865 2179 2928 loquutus
2203 2875 2277 2913 est
2310 2865 2453 2929 epist.
2473 2872 2522 2923 4,
2542 2861 2622 2910 lib.
2647 2860 2741 2913 XV,
2762 2854 2807 2901 nd

740 2951 843 3023 ὁδῳ
871 2969 1032 3017 regem
1055 2950 1456 3003 Ariobarzanem,
1506 2945 1757 3010 praesenti·
1845 2945 1958 2991 Div.
1978 2966 2002 2985 α
2021 2946 2083 2991 Et
2110 2954 2221 2992 toto
2249 2944 2309 2991 iis
2328 2979 2342 3003 ,
2366 2943 2457 3009 qui
2483 2940 2643 2991 novari
2663 2933 2807 3001 aliquid

743 3038 834 3085 bus
861 3031 1047 3081 insidiis
1086 3030 1467 3095 circumventum
1483 3058 1496 3081 ‚
1535 3039 1625 3071 nec
1652 3023 1758 3087 opi·
1845 3022 2074 3071 volebant
2094 3043 2138 3072 ι.

742 3125 939 3164 nantem
960 3109 1180 3159 liberavi.
1203 3109 1352 3156 Max«.
1918 3105 2006 3161 ²4·
2042 3103 2092 3149 A
2110 3101 2163 3150 d.
2189 3119 2220 3149 v
2245 3103 2347 3151 kal.
2363 3103 2479 3168 jan.
2499 3098 2678 3151 Schiits.
2694 3091 2810 3142 coni·

816 3208 900 3241 ιο.
940 3178 1220 3256 Ᾰπρόσιτον.
1248 3186 1365 3234 Nou
1392 3181 1582 3230 facilem
1607 3181 1758 3229 aditu.
1851 3184 2062 3248 gendum
2083 3195 2245 3248 putat,
2261 3202 2339 3233 «a.
2360 3184 2416 3235 d.
2432 3201 2500 3233 xv
2514 3182 2605 3231 kal.
2619 3175 2812 3242 im-Sn·

744 3261 1134 3339 Ᾰὸωροδόκπτον.
1206 3260 1494 3312 Muneribus
1539 3261 1759 3308 incorru-
1846 3264 2088 3326 perior-em
2107 3263 2236 3312 euim
2264 3264 2487 3328 epistole
2509 3272 2682 3326 partem
2702 3271 2742 3303 se
2755 3252 2812 3298 St·

747 3364 901 3419 ptum.
1300 3394 1307 3401 ‚
1338 3406 1343 3417 Ι
1378 3382 1389 3389 -
1849 3343 2431 3401 turnalibustertiis,hoc
2452 3333 2814 3398 mummia.

818 3446 903 3479 ax.
928 3422 1192 3477 Bubetios,
1227 3418 1489 3468 Animadv.
1520 3418 1573 3465 in
1599 3417 1757 3467 Cicer.
1848 3421 2095 3485 scripsisse
2120 3420 2398 3487 profitetur.
2425 3422 2517 3468 En.

748 3526 856 3578 pag.
885 3510 1012 3564 342,
1040 3501 1266 3563 coniicit,
1290 3515 1352 3547 ne
1374 3496 1525 3545 hilum
1552 3496 1761 3561 quidem.
1922 3502 2007 3549 25.
2052 3500 2282 3549 Decrevit.
2304 3499 2537 3563 Intelligit
2562 3499 2612 3545 S.
2636 3494 2689 3544 C.
2712 3492 2815 3541 Mar·

750 3594 801 3641 J.
821 3592 888 3637 V.
910 3588 965 3633 L.
1851 3579 1974 3627 cello
2013 3579 2214 3628 consule
2240 3579 2478 3627 referente
2513 3578 2680 3625 factum
2706 3586 2719 3620 ε
2742 3582 2818 3633 qm

823 3683 911 3717 aa.
935 3660 1178 3712 Excitat-i.
1204 3663 1314 3709 Hoc
1333 3657 1610 3707 dicitzRem
1627 3656 1765 3703 Bruti
1851 3671 2044 3707 senatus
2068 3659 2295 3706 voluutas
2320 3669 2487 3724 aperte
2510 3651 2820 3720 significabatur

754 3751 1046 3812 desperatam
1090 3739 1311 3797 restitui,
1345 3738 1457 3802 quia
1502 3751 1612 3793 rex,
1645 3735 1766 3782 mihi
1853 3738 1914 3785 de
1942 3752 2216 3785 successore
2237 3737 2414 3785 Cesar-i
2432 3734 2678 3785 mittendo.
2697 3729 2823 3795 Ep.8,

750 3839 887 3878 tauto
917 3820 1154 3891 benet-icio
1188 3819 1468 3877 devinctus,
1508 3815 1763 3881 pecuniam
1850 3816 2055 3873 mmm,
2080 3815 2140 3863 ad
2156 3817 2272 3864 Div.
2299 3817 2441 3864 Mn«.
2667 3862 2670 3865 ,

753 3910 905 3956 Bruto
932 3900 1140 3948 debitam
1157 3933 1172 3957 ,
1197 3913 1342 3961 quam
1377 3895 1599 3944 solvisset
1625 3909 1764 3941 num·
1922 3898 2010 3944 26.
2025 3898 2145 3959 Quae
2157 3907 2212 3943 tu
2228 3911 2404 3961 speras.
2423 3896 2653 3946 Canem
2672 3897 2826 3938 senam·

753 3998 897 4050 quam
914 4012 930 4037 ,
953 3994 1028 4025 me
1055 3976 1376 4026 contendente
1414 3974 1687 4023 soluturum
1713 3987 1763 4020 se
1851 3973 2090 4023 voluntati
2118 3991 2388 4037 cessurum,
2415 3973 2708 4038 provinciam
2739 3981 2823 4015 mc·

750 4057 993 4133 promisit.
1020 4056 1173 4118 Epist.
1204 4072 1225 4103 x
1258 4065 1304 4103 et
1327 4056 1384 4115 3,
1406 4054 1490 4102 lib.
1508 4057 1598 4103 VI.
1618 4055 1763 4102 Man.
1853 4055 2030 4101 cessori
2056 4055 2357 4105 traditurum.
2378 4058 2534 4104 Inan-
