3023 4773
463 338 1007 409 EPISToLAE
1055 339 1195 407 AD
1247 339 1753 426 ATTICUM,
1794 343 1878 427 v,
1928 364 2041 409 20.
2176 339 2313 437 579

199 465 314 536 dio
332 474 393 520 ²⁷
420 461 845 534 Plaetoriano
878 457 1081 556 quod
1102 461 1305 531 Seius
1330 459 1703 534 ambustus
1731 476 1868 550 est,
1905 464 2146 533 minus
2166 488 2319 535 mo-

197 576 368 646 leste
408 571 587 645 ser0.
618 574 967 641 Lucceius
994 569 1084 640 de
1113 573 1200 661 Q.
1231 572 1472 642 Cassio
1487 565 1555 614 ²3
1593 595 1723 642 cur
1758 586 1904 642 tam
1927 572 2317 644 vehemens

198 684 444 770 fuerit,
497 698 571 754 et
622 680 801 779 quid
858 695 1093 752 actum
1150 675 1515 769 sit‚'aveo
1569 684 1774 752 scire.
1833 686 2025 777 Ego,
2086 708 2314 779 quum

198 793 615 865 Laodiceam
657 815 962 879 venere,
1005 792 1320 879 Quinte,
1364 792 1650 861 sororis·
1678 806 1817 860 tuce
1856 790 2035 879 filio,
2077 807 2318 890 togam

198 928 446 1002 puram
461 916 528 962 ²9
541 902 804 998 jubeor
840 900 1010 1000 dare
1032 926 1051 987 ;
1071 902 1184 971 cui
1205 897 1708 972 moderabor-'³⁰
1727 900 2160 998 diligentius.
2184 907 2318 973 De·

192 1018 504 1111 jotarus,
538 1013 744 1107 cujus
780 1012 1061 1082 auxiliis
1094 1014 1375 1107 magnis
1416 1035 1634 1081 usum
1671 1035 1867 1099 sum,
1916 1009 2005 1081 ad
2042 1036 2191 1098 me,
2234 1025 2315 1080 ut

201 1125 510 1222 scripsit,
555 1147 722 1194 cum
758 1119 1228 1192 Ciceronibus
1265 1119 1690 1191 Laodiceam
1718 1135 2066 1191 venturus
2095 1136 2265 1192 erat.

293 1240 480 1328 Tuas
515 1234 729 1304 etiam
764 1234 1156 1328 Epiroticas
1202 1245 1537 1328 exspecto
1584 1231 1861 1319 literas;
1898 1246 1980 1302 ut
2014 1231 2319 1304 habeam

201 1344 548 1414 rationem
594 1366 745 1413 non
796 1340 1018 1411 modo
1077 1343 1377 1437 negotii,
1441 1366 1693 1412 verum
1739 1344 1953 1412 etiam
2007 1345 2136 1413 otii
2192 1345 2320 1413 tui.

204 1459 511 1527 Nicanor
549 1453 626 1523 in
663 1449 908 1521 officio
948 1465 1094 1539 est,
1143 1465 1213 1521 et
1260 1476 1302 1521 a
1345 1475 1463 1522 me
1515 1450 1903 1522 liberaliter
1938 1466 2326 1524 tractatur:

204 1589 454 1661 quem,
480 1577 564 1633 ut
603 1575 819 1658 puto,
853 1564 1156 1630 Romam
1200 1586 1363 1631 cum
1411 1560 1635 1632 literis
1672 1561 1978 1659 publicis
2011 1566 2327 1650 mittam3

204 1688 284 1744 ut
328 1688 403 1745 et
430 1672 849 1768 diligentius
895 1667 1379 1767 perferantur,
1418 1687 1490 1742 et
1521 1671 1713 1743 idem
1747 1672 1836 1742 ad
1875 1697 1990 1743 me
2025 1688 2215 1744 certa
2241 1675 2330 1745 de

208 1800 303 1870 te,
348 1798 420 1855 et
456 1807 497 1852 a
537 1797 608 1852 te
653 1778 929 1851 referat.
976 1776 1290 1850 Alexis-³¹
1325 1781 1524 1876 quod
1569 1780 1745 1851 mihi
1779 1783 1987 1852 toties
2029 1781 2330 1854 salutem

203 1889 577 1977 adscribit,
622 1902 729 1958 est
778 1901 1080 1982 gratum.
1129 1886 1266 1957 Sed
1302 1912 1434 1958 cur
1477 1915 1627 1959 non
1667 1892 1812 1961 suis
1868 1890 2088 1962 literis
2137 1892 2329 1963 idem

204 1999 410 2083 facit,
455 1996 656 2095 quod
683 2020 889 2067 meus
919 1994 1008 2065 ad
1044 2010 1113 2065 te
1138 1997 1379 2067 Alexis
1415 1995 1625 2067 facit?
1659 2000 1954 2070 Phemio
1990 2002 2334 2097 quaeritur

204 2101 488 2201 κέρας3’.
545 2102 685 2174 Sed
739 2100 893 2172 haec
936 2100 1309 2172 hactenus.
1374 2106 1604 2189 Cura,
1667 2118 1751 2173 ut
1793 2106 2055 2192 valeas,
2122 2121 2196 2177 et
2251 2121 2333 2177 ut

206 2217 457 2301 sciam,
518 2212 814 2311 quando
877 2212 1146 2309 cogites
1199 2217 1523 2283 Romam.
1579 2214 1805 2283 Etiam
1862 2228 2080 2311 atque
2116 2218 2330 2288 etiam

205 2327 382 2398 vale.

302 2443 452 2507 Tua
471 2489 490 2524 ,
520 2450 833 2530 tuosque
863 2432 1178 2504 Thermo
1214 2447 1286 2502 et
1314 2436 1625 2528 praesens
1650 2430 2335 2531 Ephesidiligentis-

207 2550 383 2618 sime
436 2542 1057 2626 commendaram,
1109 2555 1182 2612 et
1221 2565 1416 2612 nunc
1463 2564 1597 2638 per
1632 2541 1912 2629 literas;
1949 2542 2336 2639 ipsumque

279 2740 366 2785 27.
391 2721 639 2771 Incendio.
673 2720 897 2767 Graviter
919 2720 1024 2766 fero
1053 2718 1113 2765 de
1148 2717 1222 2764 in-

207 2818 353 2851 censa
388 2799 603 2850 Plaetorii
641 2799 823 2847 domo:
859 2797 944 2846 sed
969 2813 1030 2846 eo
1064 2797 1226 2844 minus

1311 2719 1468 2765 ceium
1494 2727 1544 2765 et
1578 2718 1821 2779 Cassium,
1845 2736 1993 2783 quum
2028 2720 2152 2768 alter
2184 2723 2331 2769 Pom-

1310 2796 1424 2862 peio
1441 2831 1455 2855 ‚
1478 2796 1600 2844 alter
1619 2797 1796 2845 Caesari
1823 2799 2016 2846 faveret.
2049 2801 2201 2848 Man.

206 2883 469 2930 molestum
496 2889 590 2934 est,
620 2877 756 2940 quod
780 2877 947 2925 adusta
984 2875 1125 2923 simul
1153 2885 1226 2922 est

206 2959 486 3026 propinqua
514 2957 610 3003 Seii
651 2954 846 3013 domus,
882 2955 1093 3002 hominis
1123 2969 1227 3002 uon

205 3037 372 3088 amici.
399 3037 500 3084 Aut
518 3036 615 3083 sic:
636 3035 708 3081 Eo
727 3033 887 3080 minus
905 3032 1107 3080 moleste
1126 3034 1229 3080 fero

207 3118 495 3167 Plaetorium
543 3111 952 3179 condemnatum,
992 3112 1127 3174 quod
1170 3126 1232 3158 ex

210 3196 483 3262 appendice
509 3192 686 3255 judicii
728 3190 1003 3237 Plaetoriani
1031 3198 1235 3236 vocatus

209 3289 285 3325 est
305 3277 441 3324 Seius
455 3279 504 3322 in
519 3272 787 3334 judicium,
805 3291 831 3311 α
844 3284 944 3331 quo
959 3285 1013 3316 ea
1033 3268 1236 3331 pecunia

212 3357 562 3419 perveneritn:
596 3363 654 3399 ut
688 3349 916 3397 Rabirius
947 3363 1009 3394 ex
1035 3346 1235 3393 damua-

213 3439 349 3486 tione
383 3433 597 3486 Gabinii.
628 3433 847 3479 Mutum.
886 3454 955 3463 —
990 3425 1235 3473 Posterio-

212 3536 318 3569 rem
360 3532 556 3567 sensum
594 3514 730 3562 alteri
780 3510 1046 3574 praeferunt
1087 3508 1236 3555 Mon-

212 3599 392 3665 gsltius
427 3604 594 3643 noster
636 3602 685 3640 et
727 3587 921 3637 sehfitz.
962 3603 1020 3636 ac
1063 3586 1236 3634 merito

212 3678 417 3744 quidem
435 3709 449 3733 ,
477 3675 528 3721 ni
547 3672 708 3720 fallor.
962 3666 965 3675 ³

292 3757 376 3804 28.
402 3756 474 3801 De
499 3753 559 3814 Q.
586 3749 766 3799 Cassio.
785 3751 848 3811 Q.
870 3747 1035 3799 Cassio
1055 3744 1232 3807 Longi-

214 3852 318 3894 ¹¹03
341 3833 429 3897 qui
453 3846 584 3879 anno
601 3830 819 3891 sequenti
838 3826 1062 3876 tribunus
1078 3821 1235 3888 plebis

214 3932 332 3964 cum
349 3910 572 3961 Antonio
591 3907 772 3970 collega
790 3906 853 3954 nd
875 3907 1105 3954 Caesarem
1124 3916 1235 3966 pro·

214 3998 403 4051 fectus,
442 4003 736 4055 propensum
780 3986 843 4034 ad
886 3984 1028 4039 civile
1058 3982 1236 4031 bellum

227 4072 427 4138 inpulit.
464 4067 730 4121 contentio
764 4067 911 4129 igitur
954 4065 1081 4113 inter
1113 4065 1239 4118 Luc-

1386 2893 1471 2939 ²9·
1506 2878 2112 2950 Togampuram.Yirilem
2141 2890 2332 2943 togam3

1315 2973 1459 3022 quam
1481 2955 1734 3003 sumebant
1747 2966 1981 3019 praetexta
2005 2956 2335 3020 deposita,an-

1317 3051 1384 3083 no
1411 3052 1497 3083 xxv
1534 3033 1692 3083 finito.
1724 3036 1928 3090 Iubeor,
1963 3051 1991 3082 a
2024 3036 2170 3084 fratre
2201 3054 2333 3087 meo.

1319 3116 1469 3163 Ineu-

1392 3195 1475 3241 3ο.
1503 3191 1809 3241 Madet-abor.
1835 3193 1906 3239 Ut
1921 3193 2082 3240 miuus
2102 3192 2339 3253 modesto,

1320 3271 1480 3319 minus
1520 3271 1791 3319 continenti
1819 3284 1832 3318 :
1864 3269 2054 3333 qualem
2082 3288 2133 3319 se
2171 3284 2342 3336 postea

1323 3352 1370 3414 Q
1378 3348 1526 3396 .filius
1535 3349 1684 3413 magis
1695 3348 1917 3413 quotidie
1931 3351 2175 3413 praestitit.
2185 3353 2339 3403 luxu.

1394 3429 1421 3475 3
1435 3443 1477 3476 ι.
1506 3427 1696 3475 Alexis.
1721 3427 1880 3475 Attici
1899 3443 2066 3474 servus
2085 3444 2344 3480 amanuen-

1323 3507 1403 3555 sis.
1431 3506 1533 3553 Cur
1554 3521 1655 3552 non
1674 3504 1838 3555 literas
1859 3504 1967 3569 ipse
1988 3505 2050 3552 ad
2070 3522 2147 3554 me
2164 3508 2314 3558 mittit
2329 3548 2346 3573 ,

1325 3583 1467 3631 sicuti
1486 3582 1786 3629 amanuensis
1800 3598 1933 3630 meus
1947 3582 2069 3630 Tiro
2081 3584 2145 3632 ad
2168 3597 2215 3634 te
2233 3588 2343 3637 mit·

1326 3662 1387 3710 tit
1401 3663 1424 3711 i>
1445 3662 1600 3709 lum.

1391 3741 1474 3788 32.
1511 3737 1684 3805 Κέρας.
1722 3739 1886 3787 Cornu
1905 3775 1918 3796 ,
1973 3740 2342 3796 instrumentum

1322 3818 1579 3867 musicum.
1608 3814 1683 3866 De
1700 3818 1797 3865 hoc
1816 3817 1990 3865 iterum
2012 3822 2153 3883 epist.
2180 3838 2201 3869 1
2218 3859 2233 3881 ,
2253 3826 2339 3877 lib.

1324 3900 1436 3944 vn.
1464 3896 1715 3955 Phemius,
1755 3899 1965 3944 cantoris
2008 3914 2186 3950 nomen
2211 3908 2345 3969 apud

1326 3973 1836 4026 Homerum.videtur
1861 3979 2092 4026 cornicen
2118 3980 2263 4031 fuisse
2295 3986 2348 4032 in

1329 4056 1482 4108 Attici
1507 4053 1707 4111 familie,
1728 4054 1803 4103 vel
1823 4072 1885 4103 ex
1907 4056 2011 4116 eius
2032 4057 2235 4109 libertis.
2261 4061 2349 4117 En.

2002 4144 2112 4243 37.
