3023 4773
567 407 742 492 204,
779 406 877 472 Μ.
920 406 996 470 Τ.
1050 403 1541 473 CICERONIS
1601 352 2094 487 EplsToLAE,
2137 404 2334 489 XVI,
2370 429 2482 499 27.

563 540 638 597 et
680 524 1048 623 languoris
1086 521 1685 595 effeminatissimi
1725 526 1949 595 animi
1986 525 2283 622 plenos,
2329 530 2453 624 qui
2489 529 2626 599 nisi
2665 556 2707 600 a

561 636 1074 735 gubernaculis
1105 638 1573 722 recesserint,
1600 639 1998 707 maximum
2025 634 2116 707 ab
2159 641 2493 709 universo
2530 664 2707 709 nau-

559 746 791 842 fragio
837 745 1247 844 periculum
1298 761 1427 817 est.
1479 745 1917 818 Incredibile
1958 762 2105 835 est,
2164 773 2326 845 quae
2370 772 2501 846 ego
2540 749 2706 821 illos

560 858 747 945 scio,
794 858 1147 954 oppositis
1188 855 1567 928 Gallorum
1612 859 1862 926 castris
1880 852 1934 941 ³,
1981 859 2057 925 in
2108 855 2366 926 aestivis
2416 855 2704 942 fecisse;

560 992 750 1065 quos
787 966 908 1037 ille
954 965 1139 1037 latro
1157 968 1211 1052 ⁴,
1258 968 1395 1036 nisi
1441 964 1717 1063 aliquid
1756 964 2039 1036 firmius
2076 964 2329 1052 fuerit,
2364 970 2701 1037 societate

557 1079 904 1149 vitiorum
939 1076 1258 1157 deliniet.
1292 1079 1433 1146 Res
1466 1090 1577 1147 est
1613 1091 1738 1147 aut
1766 1073 2202 1162 tribunitiiS,
2251 1089 2376 1146 aut
2410 1075 2704 1171 privatis

557 1186 874 1258 consiliis
911 1185 1326 1256 munienda.
1364 1189 1547 1257 Nam
1578 1188 1690 1257 isti
1730 1186 1879 1257 duo
1907 1190 2027 1255 vix
2061 1200 2233 1256 sunt
2260 1185 2492 1282 digni,
2535 1188 2725 1281 qui-

555 1294 697 1368 bus
735 1294 938 1366 alteri
985 1298 1350 1366 Caesenam
1375 1291 1426 1382 ⁵,
1476 1294 1681 1367 alteri
1723 1300 2319 1368 Cossutianarum
2366 1292 2703 1366 taberna-

556 1432 721 1478 rum
766 1405 1235 1478 fundamenta
1272 1404 1543 1478 credas.
1572 1411 1673 1477 Te
1696 1461 1716 1491 ,
1748 1421 1832 1478 ut
1863 1406 2048 1496 dixi,
2087 1404 2243 1479 fero
2280 1405 2531 1478 oculis.

653 1522 804 1614 Ego
849 1541 978 1589 vos
1027 1542 1087 1588 a.
1135 1516 1203 1593 d.
1246 1541 1327 1586 ιιι
1366 1515 1651 1588 kalend.
1693 1516 2002 1604 videb0,
2057 1532 2367 1613 tuosque
2409 1517 2702 1601 ocuIOS,

555 1632 773 1699 etiam
810 1628 868 1698 si
908 1641 976 1698 te
1013 1631 1308 1698 veniens
1349 1631 1421 1696 in
1469 1627 1708 1699 medio
1746 1627 1909 1699 foro
1960 1625 2248 1716 videm,
2307 1627 2699 1701 dissuavia-

554 1737 714 1809 bor.
760 1739 879 1807 Me
914 1760 1091 1807 ama.
1131 1737 1332 1807 Vale.
1393 1794 1398 1798 ,

549 1919 725 1983 iunias.
767 1920 893 1969 Nam
928 1934 1092 1967 mense
1126 1918 1325 1982 quintili
1359 1920 1582 1966 Marcum

554 1994 751 2053 fratrem
772 1999 934 2064 ipsum
957 1997 1020 2046 de
1041 1998 1209 2046 Hirtio
1234 2009 1285 2046 et
1317 2000 1466 2046 Pansa
1494 2015 1584 2063 pn-

553 2095 662 2127 rum
697 2077 970 2128 honorifice
1005 2077 1249 2139 judicasse
1284 2090 1486 2144 apparet
1521 2094 1581 2126 ex

553 2162 697 2223 epist.
715 2159 779 2207 nd
801 2162 910 2208 Att.
931 2159 1073 2216 XVI,
1100 2175 1145 2206 1.
1168 2159 1259 2206 En.

627 2239 678 2286 3.
707 2239 965 2287 Gallorum
997 2237 1185 2286 eastris.
1217 2240 1332 2301 Quo
1361 2248 1582 2301 tempore

553 2316 605 2364 in
615 2317 774 2367 Gallia
795 2333 909 2366 cum
920 2320 1109 2367 Caeeare
1125 2316 1577 2366 militabantfflinv.

627 2404 676 2451 4.
704 2397 797 2444 Ille
828 2397 981 2446 laet-0.
1007 2397 1282 2445 Antonium
1319 2395 1549 2460 Intelligit
1566 2431 1581 2454 ,

552 2484 721 2521 contra
743 2490 889 2537 quem
916 2476 990 2523 illi
1015 2475 1200 2524 bellum
1219 2476 1400 2541 gesturi
1422 2486 1578 2524 erant.

553 2552 810 2602 Existimat
850 2554 982 2602 enim
1017 2555 1234 2619 Quintus
1276 2555 1577 2616 Antonium,

551 2631 649 2679 nini
699 2634 856 2697 copiis
900 2635 1000 2682 suis
1039 2635 1319 2699 viribusque
1365 2633 1580 2683 confisus

551 2713 720 2770 suerit,
747 2712 839 2760 alia
858 2714 934 2761 vin
960 2713 1072 2761 illos
1088 2730 1422 2779 aggressurum
1442 2727 1578 2762 esse:

554 2802 606 2840 et
627 2792 792 2842 omnia
811 2794 1070 2857 facturum,
1087 2806 1144 2844 nt
1157 2795 1269 2843 illos
1288 2796 1382 2844 sibi
1400 2796 1581 2860 placet,

554 2883 603 2919 et
622 2872 676 2919 in
698 2875 986 2922 sententiam
1010 2892 1147 2924 suam
1170 2875 1408 2924 traducat.
1436 2878 1582 2923 Putat

552 2950 688 2999 enim
714 2950 768 3000 id
800 2951 942 3000 facile
966 2966 1380 3017 consequuturum
1403 2954 1580 3003 simili-

553 3029 729 3077 tudine
781 3031 922 3091 vitm,
958 3043 1009 3080 et
1053 3034 1283 3081 societate
1329 3035 1577 3083 vitiorum.

553 3111 772 3158 νισι-οι.

624 3190 671 3236 5.
699 3190 864 3240 Alteri
903 3190 1172 3239 Caesenam.
1209 3189 1450 3239 Omnibus
1485 3191 1577 3238 ini-

552 3283 676 3330 quus
710 3279 811 3317 erat
841 3269 1056 3332 Quintus
1071 3304 1086 3330 ‚
1118 3271 1167 3318 e't
1203 3271 1381 3317 nemini
1418 3286 1580 3333 parce-

1672 1921 1781 1983 bat,
1800 1921 2069 1971 dummodo
2097 1923 2180 1969 irae
2212 1937 2311 1969 ουκ
2337 1937 2394 1968 ιο
2423 1921 2577 1968 fiai-ori
2612 1920 2703 1968 ob·

1672 2010 1975 2065 temperaret.
2019 2003 2095 2049 De
2141 2001 2380 2049 ambobus
2426 1999 2523 2047 illis
2570 2016 2701 2049 coss.

1671 2079 1860 2144 design.
1884 2081 2090 2144 pessime
2129 2080 2365 2128 sentiebat
2392 2095 2405 2128 ε
2453 2090 2701 2127 verumta-

1668 2175 1781 2207 men
1826 2172 2065 2224 quantum
2117 2159 2354 2225 suspicari
2398 2173 2660 2221 possumus
2679 2193 2697 2219 ,

1668 2238 1872 2286 alterum
1909 2238 2110 2286 illorum
2155 2238 2456 2301 ignaviorem
2498 2237 2681 2284 inertie

1658 2333 1865 2381 remque
1881 2317 2035 2364 altero
2054 2316 2358 2365 existimabat
2380 2330 2393 2364 :
2419 2331 2532 2363 nam
2552 2332 2700 2380 quem

1666 2397 1851 2461 aliquid
1892 2397 2085 2445 consilii
2122 2397 2301 2445 habere
2334 2397 2537 2462 putabat
2553 2431 2569 2456 ‚
2614 2397 2703 2443 vix

1669 2476 1870 2540 dignum
1893 2492 1997 2525 esee
2022 2476 2217 2525 diceb-t
2238 2477 2320 2525 cni
2338 2479 2535 2529 Caesena
2562 2492 2704 2528 com-

1666 2556 1958 2605 mitteretur.
1983 2556 2206 2605 Alterum
2221 2591 2239 2618 ‚
2265 2556 2352 2619 qui
2374 2555 2559 2603 nulline
2582 2571 2708 2603 eon·

1669 2635 1767 2683 allii
1793 2646 1933 2698 esset,
1958 2635 2045 2683 sed
2067 2637 2263 2701 penitus
2290 2633 2472 2682 infimi
2499 2636 2701 2698 ingenii,

1669 2731 1726 2762 ac
1781 2715 2282 2779 intemperantissimae
2338 2723 2524 2761 naturae
2545 2748 2560 2771 ‚
2614 2715 2705 2761 vix

1670 2806 1799 2843 reete
1836 2811 1980 2860 posse
2014 2794 2268 2855 judicabat
2306 2809 2475 2841 curare
2528 2792 2707 2839 funda-

1670 2886 1833 2922 menta
1897 2874 2297 2924 Cossutianarum
2373 2872 2704 2920 tabernarum.

1669 2952 2033 3003 Mun—Vide
2053 2955 2229 3001 iterum
2248 2951 2463 3000 Turneb.
2487 2950 2703 2999 Advers.

1668 3033 1792 3081 VIII
1808 3069 1823 3092 ,
1852 3036 1897 3083 5.
1917 3060 1987 3070 —
2010 3033 2276 3081 Caesenam.
2302 3030 2555 3096 Oppidum
2594 3047 2704 3078 non

1667 3113 1792 3161 adeo
1837 3113 2264 3162 contemnendum.
2322 3111 2467 3160 Unde
2508 3113 2709 3159 Pre'vose

1667 3192 1787 3240 velit
1815 3193 2157 3242 Cumanorum
2183 3210 2243 3243 ex
2269 3195 2359 3244 MS
2391 3192 2529 3256 quod
2561 3193 2705 3240 Mau.

1668 3271 1860 3335 allegat.
1900 3274 1990 3320 En.
