3023 4773
594 385 794 466 214..
1538 378 1769 444 VITA

591 520 738 591 est,
784 500 937 572 non
973 522 1230 598 expers
1282 496 1418 568 fuit
1461 496 1653 567 illius
1692 495 2013 593 periculi.
2068 499 2398 592 Namque
2435 500 2725 580 Anicia,

590 614 967 709 Pomponii
1014 607 1485 693 consobrina,
1514 619 1863 704 nupserat
1898 609 1996 676 M.
2015 608 2294 692 Servio,
2329 603 2525 676 fratri
2565 606 2725 677 Sul-

588 725 778 819 picii.
831 726 1114 816 Itaque,
1173 715 1554 789 interfecto
1599 714 1963 814 Sulpici0‚
2024 730 2492 813 posteaquam
2543 715 2724 786 vidit

585 837 913 905 Cinnano
959 829 1279 903 tumultu
1315 830 1674 898 civitatem
1713 850 1869 897 esse
1910 825 2440 924 perturbatam3
2477 852 2721 924 neque

590 928 724 1011 sibi
758 939 910 1009 dari
948 935 1356 1009 facultatem
1396 960 1531 1033 pro
1574 936 1921 1032 dignitate
1959 936 2285 1024 vivendi,
2331 940 2512 1034 quin
2547 939 2720 1009 alte-

588 1066 860 1121 rutram
898 1063 1176 1146 partem
1209 1044 1649 1134 offenderet,
1692 1045 2089 1117 dissociatis
2131 1048 2388 1117 animis
2425 1050 2723 1131 civium,

591 1186 817 1259 quum
850 1156 1328 1245 aliiSullaniS,
1343 1157 1460 1227 alii
1478 1158 1827 1227 Cinnanis
1858 1155 2175 1227 faverent
2203 1157 2555 1252 partibus,
2571 1155 2725 1228 ido-

592 1291 810 1336 neum
845 1281 1132 1365 tempus
1170 1281 1365 1336 ratus
1402 1264 1658 1336 studiis
1699 1263 2149 1360 obsequendi
2184 1269 2331 1336 suis
2352 1321 2371 1354 ,
2407 1267 2725 1338 Athenas

589 1403 666 1446 se
707 1375 1058 1447 contulit:
1096 1400 1336 1471 neque
1374 1400 1463 1445 eo
1513 1380 1750 1446 secius
1796 1373 2322 1445 adolescentem
2371 1381 2675 1446 Marium
2703 1431 2726 1458 ‚

593 1488 872 1557 hostem
892 1485 1337 1579 judicatum,
1354 1486 1542 1580 juvit
1581 1482 1848 1580 opibus
1884 1486 2065 1569 suiS‚
2092 1483 2297 1578 cujus
2325 1482 2568 1580 fugam
2597 1508 2726 1582 pe-

590 1598 799 1666 cunia
827 1593 1246 1666 sublevavit.
1284 1600 1376 1665 At
1410 1618 1501 1664 ne
1539 1594 1660 1665 illa
1691 1596 2172 1691 peregrinatio
2202 1592 2722 1665 detrimentum

589 1702 884 1802 aliquod
922 1704 1214 1776 afferret
1244 1706 1343 1775 rei
1372 1703 1736 1791 familiari,
1779 1703 2036 1775 eodem
2073 1729 2406 1802 magnam
2442 1719 2720 1802 partem

589 1814 1043 1886 fortunarum
1074 1814 1351 1909 trajecit
1378 1838 1701 1885 suarum.
1736 1817 1871 1884 Hic
1898 1817 1996 1883 ita
2023 1816 2229 1901 vixit,
2256 1828 2336 1883 ut
2368 1816 2729 1907 universis

587 1924 1149 1996 Atheniensibus
1197 1930 1456 1996 merito
1523 1940 1707 1995 esset
1749 1927 2176 1996 carissimus.
2230 1926 2411 1994 Nam
2463 1939 2735 2021 praeter

592 2037 920 2131 gratiam,
951 2060 1113 2131 quae
1148 2036 1295 2130 jam
1332 2039 1409 2106 in
1441 2033 1980 2107 adolescentulo
2019 2060 2275 2132 magna
2310 2047 2497 2121 erat,
2535 2055 2733 2131 saepe

591 2147 737 2214 suis
775 2142 1040 2242 opibus
1085 2146 1407 2241 inopiam
1446 2170 1701 2216 eorum
1750 2144 2112 2242 publicam
2159 2144 2437 2216 levavit.
2473 2148 2727 2235 Quum

480 2326 485 2331 ,
589 2255 783 2324 enim
832 2278 1198 2339 versuram
1251 2251 1481 2325 facere
1537 2252 1827 2352 publice
1882 2246 2173 2327 necesse
2217 2270 2433 2341 esset;
2478 2280 2731 2352 neque

586 2361 743 2456 ejus
780 2361 1272 2434 conditionem
1314 2389 1595 2461 aequam
1632 2362 2019 2453 haberent3
2066 2389 2352 2463 semper
2386 2391 2460 2436 se
2500 2367 2731 2437 inter-

589 2476 876 2569 posuit,
920 2487 1137 2570 atque
1178 2479 1314 2563 ita,
1355 2490 1435 2545 ut
1479 2501 1723 2573 neque
1764 2500 2059 2548 usuram
2113 2500 2461 2573 umquam
2506 2474 2598 2546 ab
2639 2480 2731 2548 iis

587 2585 978 2678 acceperit,
1013 2608 1255 2681 neque
1284 2585 1571 2683 longius
1593 2640 1612 2672 ,
1643 2611 1862 2683 quam
1891 2585 2167 2656 dictum
2196 2600 2418 2675 esset,
2450 2612 2572 2656 eos
2601 2586 2732 2658 de-

586 2691 759 2762 bere
790 2717 1037 2790 passus
1068 2696 1178 2764 sit.
1208 2695 1428 2786 Quod
1456 2711 1854 2796 utrumque
1884 2710 2037 2766 erat
2059 2697 2144 2766 iis
2169 2695 2503 2767 salutare.
2537 2699 2725 2767 Nam

584 2826 823 2899 neque
883 2803 1329 2901 indulgendo
1381 2809 1904 2876 inveterascere
1961 2830 2216 2876 eorum
2266 2831 2360 2875 aes
2402 2805 2721 2876 alienum

585 2910 1015 3007 patiebatur,
1035 2938 1272 3011 neque
1304 2913 1868 3012 multiplicandis
1887 2917 2126 2986 usuris
2147 2940 2482 2987 crescere.
2504 2919 2730 2986 Auxit

585 3022 726 3092 hoc
757 3020 1082 3094 officium
1123 3024 1256 3096 alia
1295 3048 1596 3120 quoque
1631 3023 2075 3097 liberalitate.
2115 3029 2295 3104 Nam
2345 3028 2729 3099 universos

580 3128 951 3203 frumento
990 3132 1316 3215 donavit;
1350 3135 1448 3202 ita
1485 3148 1567 3203 ut
1603 3132 1908 3230 singulis
1942 3149 2219 3230 septem
2246 3132 2471 3204 modii
2503 3135 2725 3207 tritici

583 3240 952 3327 darentur,
988 3246 1114 3337 qui
1147 3242 1408 3313 modus
1442 3268 1799 3316 mensurae
1831 3242 2239 3315 medimnus
2276 3245 2570 3316 Athenis
2600 3271 2730 3344 ap-

583 3348 913 3446 pellatur.

678 3464 798 3531 111.
830 3463 963 3532 Hic
994 3477 1237 3533 autem
1269 3465 1372 3532 sic
1400 3487 1476 3534 se
1509 3463 1840 3560 gerebat,
1873 3476 1954 3532 ut
1987 3466 2395 3534 communis
2418 3461 2691 3535 infimis
2711 3522 2731 3546 ,

586 3592 716 3665 par
755 3571 1207 3670 principibus
1244 3572 1659 3658 videretur3
1713 3598 1863 3671 quo
1902 3571 2171 3644 factum
2220 3589 2386 3663 est,
2424 3589 2505 3645 ut
2550 3573 2731 3648 huic

584 3702 840 3749 omnes
883 3679 1237 3770 honores,
1276 3708 1462 3780 quos
1499 3697 1829 3782 possent,
1868 3682 2159 3780 publice
2197 3682 2581 3773 haberent,
2625 3691 2735 3757 ci-

580 3811 892 3885 vemque
930 3790 1163 3862 facere
1206 3794 1601 3865 studerent.
1654 3796 1821 3883 Quo
1858 3792 2217 3865 beneficio
2262 3794 2381 3865 ille
2423 3798 2526 3865 uti
2582 3822 2730 3867 no-

582 3897 757 3968 luit:
791 3898 990 3993 quod
1025 3903 1356 3973 nonnulli
1398 3908 1493 3974 ita
1529 3908 2117 4002 interpretantur,
2154 3908 2383 3976 amitti
2408 3916 2425 3946 ¹
2471 3909 2727 3979 civita-

663 4067 708 4097 1.
741 4049 920 4096 Ame'm‘
939 4051 1026 4097 σίν.
1054 4070 1174 4100 rom.
1203 4055 1306 4102 alia
1331 4056 1540 4106 adscita.
1563 4057 1686 4105 vide
1713 4070 1834 4105 orat.
1858 4074 1951 4123 pro
1976 4059 2167 4109 Caecina
2193 4071 2240 4108 et
2267 4075 2357 4125 pro
2379 4059 2525 4108 Corn,
2549 4060 2727 4109 Balbo.
