3023 4773
586 394 721 479 342
1207 392 1303 459 Μ.
1357 392 1431 458 T.
1485 391 2064 460 CICERONIS

580 510 933 583 Lentulus
975 508 1368 581 Clodiani¹‘
1415 506 1628 579 filius.
1677 514 1914 606 Atque
1956 509 2098 587 hoc
2139 507 2301 580 loco
2338 508 2517 582 illud
2554 535 2704 585 non

567 610 774 720 ¹queo
823 621 1216 719 praeterire,
1268 617 1508 714 quod,
1570 643 1801 715 quum
1847 619 1939 690 de
1991 620 2495 694 consularibus
2547 647 2707 701 mea

585 735 818 830 prima
862 739 1084 801 sors¹²
1128 732 1413 815 exisset,
1457 752 1604 798 una
1639 753 1817 801 voce
1850 744 2139 801 senatus
2174 728 2513 828 frequens
2540 736 2708 804 reti-

581 842 903 914 nendum
936 865 1053 910 me
1086 840 1162 909 in
1190 838 1386 911 Urbe
1422 840 1724 911 censuit.
1756 845 1911 911 Hoc
1939 839 2130 911 idem
2159 857 2327 938 post
2357 866 2472 913 me
2499 847 2706 914 Pom-

579 955 747 1049 peio
790 949 1089 1022 accidit:
1123 965 1203 1020 ut
1240 973 1374 1019 nos
1418 948 1606 1035 dun,
1653 951 1859 1047 quasi
1902 951 2204 1047 pignora
2251 950 2701 1049 reipublicae,

574 1062 866 1132 retineri
909 1058 1334 1130 videremur.
1377 1058 1573 1149 Quid
1614 1060 1807 1129 enim
1850 1084 1987 1157 ego
2031 1059 2422 1132 aliorum¹³
2468 1063 2542 1131 in
2586 1087 2700 1132 me

574 1168 1092 1262 ἐπι·ιι[>ων·ιῐιι.ιιιτικΝι
1132 1180 1579 1261 exspectem,
1608 1190 1838 1262 quum
1879 1164 2027 1237 haec
2049 1165 2248 1238 domi
2279 1168 2705 1239 nascantur?

667 1276 976 1348 Urbanae
1007 1290 1249 1347 autem
1282 1299 1396 1346 res
1425 1278 1530 1347 sic
1559 1300 1637 1346 se
1674 1274 1966 1349 habent.
2006 1278 2299 1372 Agraria
2326 1276 2441 1348 lex
2471 1303 2515 1350 a
2545 1277 2699 1348 Fla-

571 1391 693 1459 vio
753 1384 1049 1457 tribuno
1107 1384 1342 1484 plebis
1403 1384 1869 1457 vehementer
1937 1384 2339 1481 agitabatur
2408 1398 2703 1461 auctore

573 1494 1043 1595 Pompeio¹⁵;
1079 1521 1239 1592 quae
1277 1494 1458 1566 nihil
1501 1496 1848 1594 populare
1888 1494 2235 1579 habebat,
2275 1509 2531 1594 praeter
2570 1520 2698 1566 au·

574 1603 942 1679 ctorem¹⁶.
960 1612 1065 1677 Ex
1084 1606 1221 1677 hac
1239 1630 1374 1702 ego
1391 1605 1569 1702 lege,
1590 1605 1903 1678 secunda
1923 1607 2292 1677 concionis
2311 1604 2701 1691 voluntate,

572 1720 817 1791 omnia
867 1717 1245 1804 tollebam,
1298 1742 1460 1812 quae
1511 1716 1605 1788 ad
1661 1721 2101 1815 privatorum
2155 1714 2700 1788 incommodum

575 1828 1074 1927 pertinebantz,
1105 1825 1497 1900 liberabam
1521 1834 1578 1883 ¹⁷
1621 1848 1869 1923 agrum
1898 1850 2066 1898 eum
2085 1880 2105 1914 ,
2132 1827 2293 1923 qui,
2333 1830 2406 1895 P.
2434 1826 2704 1911 Mucio,

570 1943 652 2008 L.
683 1939 1074 2035 Calpurnio
1096 1936 1514 2008 consulibus
1531 1934 1617 2025 ¹⁸,
1640 1935 1977 2033 publicus
1997 1935 2242 2007 fuisset
2259 1945 2355 2023 ¹⁹3
2376 1935 2702 2006 Sullano·

571 2074 736 2120 rum
772 2047 1150 2119 hominum
1166 2058 1231 2107 ²0
1269 2052 1756 2146 possessiones
1790 2045 2305 2119 confirmabam
2328 2073 2349 2135 ς
2372 2047 2699 2118 Volater-

571 2280 859 2333 collocat-m
874 2278 1017 2329 dicit.
1043 2280 1176 2329 Eu«.
1197 2302 1268 2317 --
1285 2280 1491 2327 Joeatur
1504 2279 1585 2327 Gi-

542 2360 546 2364 ’
571 2375 684 2410 cero
709 2375 820 2407 cum
856 2359 1053 2410 nomine
1089 2356 1301 2416 Lentuli,
1331 2358 1540 2406 formato
1559 2374 1586 2405 a

1672 2277 1832 2326 ritatis
1853 2276 2125 2341 producere
2150 2276 2200 2323 in
2228 2279 2406 2329 Rostra
2423 2310 2438 2335 ,
2452 2292 2698 2328 nonnum-

1674 2372 1818 2421 quam
1845 2356 2012 2420 plures
2026 2391 2041 2414 ,
2060 2356 2148 2420 qui
2165 2355 2354 2421 populo
2376 2355 2622 2414 suaderet,
2642 2368 2697 2406 ut

569 2439 691 2495 lens,
709 2438 872 2486 lentis.
890 2439 985 2485 En.

575 2545 580 2550 «
647 2533 669 2564 x
683 2534 703 2565 1
717 2551 730 2564 .
769 2515 1015 2565 Clodiam*-
1036 2512 1244 2566 Carolus
1275 2515 1503 2578 Sigonius
1535 2515 1586 2561 in

570 2596 723 2644 Fastis
744 2597 993 2652 Romanis,
1010 2594 1225 2642 ostendit
1243 2594 1375 2641 hunc
1394 2593 1588 2644 Clodia·

569 2691 686 2723 num
706 2675 853 2722 fuis-e
875 2675 971 2723 Cn.
997 2671 1281 2722 Cornelium
1302 2673 1560 2721 Lentulum
1574 2707 1588 2730 ,

569 2755 657 2818 qul
683 2751 858 2800 consul
877 2752 970 2799 fuit
995 2767 1125 2799 anno
1151 2754 1214 2799 U.
1235 2752 1294 2800 C.
1318 2752 1416 2800 6⁸1
1437 2785 1452 2810 ,
1471 2767 1587 2799 eum

569 2837 625 2882 1⁴.
666 2832 829 2880 Gellio
871 2830 1124 2895 Poplicola
1146 2847 1160 2888 ;
1200 2832 1280 2879 cul
1324 2829 1587 2878 subscribit

571 2912 844 2975 Stephanus
857 2911 1056 2974 Pighius
1072 2907 1123 2956 ln
1141 2910 1318 2958 Annal.
1338 2909 1480 2958 Rom.
1494 2908 1583 2957 lib.

571 2992 712 3039 xvl.
735 2993 913 3039 GRAEV.
1399 3015 1404 3024 ·

643 3085 723 3117 ια.
770 3072 928 3132 Quum
955 3084 1064 3115 mea
1077 3067 1242 3130 prima
1261 3083 1368 3115 sors
1396 3066 1587 3116 exisset.

572 3148 736 3210 Legati
757 3159 888 3196 sorte
905 3159 989 3195 aut
1006 3147 1248 3209 suffragiis
1265 3144 1408 3193 electi
1428 3145 1589 3191 mitte-

571 3226 763 3276 bantur.
784 3228 982 3274 Tacitus
1008 3226 1260 3275 Biston-iar.
1285 3227 1373 3271 IV.
1394 3228 1588 3272 Poma„

646 3307 726 3353 13.
767 3304 901 3367 Quid
921 3304 1049 3350 enim
1077 3318 1168 3367 ego
1191 3303 1418 3349 aliorum.
1438 3301 1589 3351 Αἰτω-

492 3383 498 3390 '
568 3383 736 3453 λογὶα,
758 3397 821 3431 ne
842 3382 988 3430 verba
1015 3381 1094 3429 illa
1109 3416 1122 3440 ,
1152 3403 1177 3422 α
1195 3395 1290 3428 nos
1322 3381 1423 3429 duo
1445 3380 1588 3444 quasi

569 3465 776 3527 pignora
827 3461 1106 3526 reipublicae
1155 3459 1351 3507 retineri
1397 3460 1587 3508 videre-

569 3559 679 3592 mur
698 3564 720 3584 ι
738 3578 752 3603 ,
779 3543 924 3589 nimia
946 3552 1226 3605 arroganter
1249 3541 1427 3589 dixisse
1453 3542 1586 3589 vide·

571 3632 719 3668 retur.
756 3622 924 3670 Coaa.
952 3619 1241 3684 —-„Malim,
1284 3620 1582 3674 alienor-rem,

568 3700 664 3747 hoc
690 3709 791 3756 est,
815 3712 1146 3747 externorum.
1178 3702 1407 3748 Manasr.

645 3787 725 3832 ιι.
751 3768 1123 3844 fimo-ovipara.
1145 3780 1343 3828 Laudes.

647 3858 724 3903 ¹5.
757 3860 969 3903 Auctore
994 3859 1244 3921 Pompeio.
1272 3860 1424 3919 Cujus
1456 3859 1585 3906 mili-

569 3936 701 3983 tibus
724 3949 778 3981 ea
812 3933 918 3995 lege
944 3951 1054 3997 affer
1081 3937 1338 3984 dividitur.
1365 3938 1516 3985 Dion.
1548 3939 1583 3985 1.

569 4014 1324 4063 XXXVll.Con.-—-Solebant
1345 4015 1496 4079 legem
1516 4018 1585 4065 la·

567 4095 666 4145 turi
690 4093 844 4140 virum
857 4106 1038 4153 nagnae
1054 4092 1347 4155 dignationis
1355 4106 1403 4141 et
1418 4107 1584 4143 aueto-

1674 2435 1827 2499 legem
1855 2437 1980 2484 hanc
2003 2468 2019 2495 ,
2051 2452 2196 2499 quam
2223 2447 2325 2483 erat
2350 2435 2477 2483 lator
2503 2446 2697 2500 rogatu-

1676 2531 1774 2573 rus,
1788 2515 1906 2563 velit
1927 2514 2120 2576 inhere.
2148 2517 2197 2562 Ia
2221 2514 2478 2563 dicebatur
2502 2527 2693 2565 auctor.

1675 2595 1850 2642 (ἔπιεν.

1753 2675 1832 2720 ι6.
1881 2675 2162 2721 Auctorem.
2212 2671 2330 2719 Non
2372 2672 2592 2737 intellige
2635 2675 2696 2722 de

1674 2751 1868 2810 Flavio,
1888 2762 1944 2799 m
1965 2752 2114 2799 abb-⁸
2136 2751 2198 2799 ae
2211 2741 2442 2813 samm,
2457 2753 2541 2800 „a
2560 2755 2696 2801 Pom-

1672 2831 1852 2894 peium.
1865 2830 1946 2879 Sic
1956 2832 2058 2880 Cic.
2068 2831 2378 2894 reprehendit
2396 2834 2696 2896 Pompeium,

1672 2910 1807 2973 quod
1838 2910 1999 2973 legum
2026 2927 2146 2974 quas
2167 2912 2328 2960 Caesar
2352 2910 2403 2958 in
2441 2913 2695 2964 consulatu

1677 2987 1872 3048 tulerat,
1885 3000 2059 3037 auctor
2076 2991 2257 3040 suisset.
2274 2990 2355 3040 Ad
2373 2993 2601 3041 Attsvm
2612 3028 2627 3052 ,
2646 2995 2694 3040 3.

1755 3085 1834 3129 1⁶7·
1860 3069 2163 3118 Libembam.
2200 3071 2479 3120 Eximebam
2504 3089 2530 3119 e
2550 3073 2655 3135 lege
2680 3088 2694 3122 τ

1677 3148 2033 3210 possessoribus
2070 3147 2277 3212 relinqui
2314 3150 2548 3196 volebam.
2587 3151 2688 3196 Fla-

1678 3226 1786 3273 vius
1811 3238 1968 3274 autem
1995 3227 2047 3274 in
2072 3225 2176 3289 lege
2198 3226 2368 3275 tulerat
2382 3264 2397 3289 ,
2418 3238 2470 3274 ut
2487 3227 2690 3290 privatis

1675 3305 1931 3369 ademptus
1947 3306 2248 3354 divideretur
2262 3306 2450 3370 populo
2468 3320 2687 3363 romano,

1674 3384 1840 3447 eisque
1883 3396 2069 3433 tantum
2113 3386 2332 3450 pecunia
2372 3383 2688 3441 redderetur,

1675 3476 1909 3526 quantum
1937 3480 2027 3527 pro
2064 3466 2168 3525 ejus
2202 3466 2300 3527 agri
2329 3463 2573 3527 emptione
2598 3480 2691 3509 nu·

1675 3555 1950 3592 merassent.
1979 3544 2126 3592 Man.

1708 3624 1712 3628 ⁴
1751 3624 1831 3668 18.
1871 3625 1929 3669 Ρ.
1971 3622 2165 3677 Mucio,
2201 3625 2253 3670 L.
2287 3621 2546 3686 Calpurnio
2564 3638 2686 3668 coss.

1676 3702 1804 3749 Anu.
1836 3702 1898 3749 U.
1925 3702 1979 3750 C.
2007 3701 2126 3748 620.
2157 3702 2248 3751 En.

1751 3795 1829 3841 ¹9·
1854 3778 2076 3827 Publicus
2085 3777 2281 3842 [αἱπερὶ.
2302 3779 2558 3841 Quiquum
2582 3788 2693 3841 post

1674 3875 1760 3906 eos
1787 3859 2011 3906 eonsules
2036 3859 2236 3922 privatis
2272 3870 2394 3906 esset
2434 3857 2690 3916 venditus,

1676 3937 1806 4000 plebi
1835 3939 1970 4000 quasi
1994 3936 2245 4001 publicum
2273 3938 2499 3986 distribui
2517 3934 2693 3986 Cicero

1673 4016 1887 4063 uolebat.
1915 4019 2059 4064 Mart.

1750 4113 1830 4143 ao.
1860 4096 2170 4152 Sullanorum
2188 4094 2692 4156 kominoempossem'o·
