3023 4773
590 400 728 484 304
1231 398 1326 462 M.
1379 396 1457 462 T.
1510 396 2084 465 CICERONIS
2140 404 2141 407 ’

588 523 789 608 sivit,
829 518 1007 617 quid
1053 516 1144 587 de
1188 515 1577 611 religione,
1612 530 1684 586 et
1721 514 1811 586 de
1848 516 2301 613 promulgata
2342 518 2721 613 rogatione

587 633 903 703 sentiret.
939 634 1320 724 Loquutus
1356 627 1454 696 ita
1501 641 1609 697 est
1653 628 1728 695 in
1771 640 2061 714 senatu,
2113 637 2193 693 ut
2242 628 2482 694 omnia
2529 626 2719 696 illius

586 747 857 818 ordinis
914 742 1239 814 consulta
1283 751 1529 838 γενικῶς
1555 752 1616 784 ¹⁰
1672 738 2035 827 laudaret3
2078 740 2441 835 mihique,
2489 756 2570 811 ut
2614 764 2718 812 as-

586 856 806 943 sedit,
842 852 1058 936 dixit,
1099 877 1173 923 se
1209 866 1509 949 putare,
1548 851 1715 920 satis
1749 848 1842 919 ab
1880 873 1991 934 se,
2031 853 2242 919 etiam
2287 849 2377 919 de
2417 852 2564 919 istis
2604 874 2717 919 re-

586 967 839 1046 bus¹¹,
894 988 1047 1035 esse
1106 984 1562 1058 responsum.
1619 963 1917 1029 Crassus
1969 974 2438 1055 posteaquam
2500 957 2767 1044 vidit,-

588 1076 794 1145 illum
844 1074 1209 1169 excepisse
1251 1068 1538 1140 laudem
1576 1093 1665 1139 ex
1704 1094 1831 1155 eo,
1868 1066 2067 1164 quod
2103 1069 2712 1166 suspicarentur¹²

590 1184 960 1270 homineS,
998 1183 1062 1253 ei
1098 1180 1551 1252 consulatum
1592 1203 1835 1250 meum
1873 1178 2155 1276 placere
2177 1232 2196 1265 ,
2227 1179 2570 1263 surrexit,
2601 1203 2718 1247 or-

587 1295 1099 1388 natissimeque
1146 1291 1236 1362 de
1283 1315 1449 1361 meo
1488 1290 1869 1361 consulatu
1915 1289 2263 1385 loquutus
2309 1305 2459 1376 est3
2497 1301 2580 1357 ut
2623 1293 2718 1357 ita

587 1409 892 1492 diceret,
944 1431 1057 1491 se,
1115 1404 1318 1501 quod
1377 1419 1563 1475 esset
1623 1417 1934 1489 senator,
1990 1402 2193 1499 quod
2254 1403 2463 1490 civis,
2518 1400 2716 1499 quod

589 1518 795 1603 liber,
849 1515 1049 1614 quod
1091 1518 1399 1599 viveret,
1456 1514 1635 1583 mihi
1673 1528 2048 1609 acceptum
2086 1510 2392 1597 referre3
2434 1513 2717 1608 quoties

588 1626 970 1724 conjugem
997 1680 1016 1713 ,
1049 1627 1334 1723 quoties
1373 1623 1711 1710 domum,
1734 1624 2036 1720 ’quoties
2073 1625 2374 1720 patriam
2413 1622 2717 1705 videret,

584 1739 794 1809 toties
818 1761 894 1807 se
922 1732 1357 1806 beneficium
1386 1757 1632 1804 meum
1656 1732 1922 1803 videre.
1949 1732 2141 1823 Quid
2178 1731 2449 1802 multa?
2482 1747 2716 1802 totuin

589 1847 786 1917 hunc
821 1846 1100 1932 locum,
1141 1868 1360 1940 quem
1401 1869 1538 1941 ego
1576 1830 1766 1914 'varie
1803 1845 1982 1913 meis
2019 1840 2507 1929 orationibus,
2540 1867 2717 1940 qua-

584 1981 750 2026 rum
790 1970 870 2024 tu
911 1952 1357 2024 Aristarchus
1386 1977 1503 2039 eS,
1534 1952 1733 2024 soleo
1768 1954 2104 2050 pingere,
2140 1951 2231 2023 de
2270 1953 2590 2038 flamma,
2626 1952 2717 2023 de

580 2067 856 2148 ferro¹³
912 2069 1156 2163 (nosti
1217 2068 1367 2139 illas
1414 2070 1711 2150 ληκύθους
1739 2068 1891 2163 ¹⁴),
1945 2067 2153 2138 valde
2201 2070 2510 2165 graviter
2551 2092 2716 2166 per—

586 2183 827 2251 texuit.
873 2176 1281 2250 Proxime¹⁵
1322 2180 1743 2275 Pompeium
1791 2176 2152 2250 sedebam.
2206 2178 2535 2249 Intellexi
2581 2178 2718 2247 ho-

583 2295 851 2360 minem
908 2289 1222 2371 moveri;
1278 2302 1524 2358 utrum
1571 2293 1900 2359 Crassum
1946 2290 2127 2358 inire
2177 2311 2333 2359 eam
2379 2289 2711 2385 gratiam,

584 2426 800 2499 quam
833 2401 987 2498 ipse
1008 2396 1069 2442 ¹⁶
1094 2401 1661 2497 praetermisisset
1681 2454 1699 2485 ,
1723 2423 1813 2469 an
1843 2424 1993 2469 esse
2018 2413 2248 2469 tantas
2273 2424 2388 2469 res
2415 2415 2716 2487 nostras,

587 2537 744 2608 quae
771 2526 918 2582 tam
947 2509 1201 2580 libenti
1232 2524 1487 2579 senatu
1519 2508 2018 2597 laudarentur,
2049 2507 2139 2579 ab
2174 2534 2261 2580 eo
2293 2514 2717 2606 praesertim,
2797 2523 2811 2537 ·

659 2764 736 2798 ιο.
761 2750 977 2802 Γιναῶς.
1005 2745 1325 2795 Generaliter.
1695 2747 1844 2794 veluti
1871 2746 2150 2804 coloribus,
2179 2758 2273 2795 etc.
2309 2748 2718 2796 lnam—Plinius

656 2845 676 2876 1
694 2845 736 2875 1.
765 2829 840 2875 De
866 2825 966 2873 istis
994 2826 1145 2873 rebus.
1175 2828 1316 2873 Hanc
1344 2824 1608 2873 lectionem
1697 2826 1803 2873 Sec.
1820 2826 1880 2873 de
1900 2826 2135 2874 Cicerone
2147 2841 2293 2890 agens
2314 2841 2328 2876 ε
2350 2829 2543 2876 «Marci
2565 2829 2719 2876 nostri

548 2911 552 2915 ’
577 2910 628 2957 J.
648 2911 710 2956 V.
725 2911 779 2955 L.
795 2905 1023 2970 preses-13
1049 2904 1132 2952 alii
1162 2905 1349 2953 malunt
1368 2904 1429 2950 de
1449 2904 1607 2961 istius,
1697 2905 1913 2962 ληκύθους
1940 2922 2039 2953 non
2062 2906 2273 2969 fugimus
2298 2927 2346 2955 ι.
2382 2909 2537 2971 Epist.
2559 2910 2632 2968 11,
2653 2924 2680 2955 a
2700 2921 2717 2968 ς

580 2988 642 3034 de
671 2986 788 3042 mei,
832 2984 894 3031 de
929 2983 1130 3041 nostris,
1171 2985 1233 3031 de
1277 2983 1376 3032 mei
1421 2983 1603 3047 ipsium
1700 2996 1747 3033 et
1773 2986 2029 3049 Aristoph.
2057 2985 2145 3050 (in
2163 2989 2288 3034 Ran.
2314 2985 2335 3051 )
2363 2987 2425 3034 de
2450 2987 2682 3051 Euripide
2703 3005 2718 3036 z

582 3066 670 3115 sed
695 3066 869 3114 Cicero
909 3064 1014 3128 ipsa
1043 3063 1186 3110 verba
1215 3063 1435 3127 Pompeii
1464 3062 1604 3109 adhi·
1691 3063 1898 3117 ληκύθιον
1946 3062 2184 3114 ἀπώλεσεν
2225 3066 2384 3129 dixit,
2433 3079 2489 3116 nt
2524 3069 2719 3115 nimiam

581 3147 697 3208 bet,
723 3160 833 3209 quae
869 3143 1018 3191 latine
1044 3141 1306 3189 scientibus
1323 3176 1338 3200 ,
1366 3140 1496 3188 idem
1525 3157 1606 3187 vn·
1693 3146 1800 3205 ejus
1825 3144 2185 3193 affectationem
2218 3157 2455 3209 carperet.
2484 3148 2586 3195 En.

581 3227 682 3273 lent
703 3241 759 3272 ae
778 3224 839 3271 de
861 3222 1030 3282 rebus,
1054 3236 1167 3284 quoe
1188 3220 1262 3266 ad
1279 3232 1326 3267 te
1336 3220 1605 3284 pertinent.
1777 3224 1854 3271 15.
1882 3223 2129 3273 Proxime.
2152 3225 2374 3272 Sanctius
2396 3225 2603 3271 Mina-v.
2626 3223 2717 3272 lib.

583 3309 658 3354 De
684 3302 777 3351 bac
803 3302 854 3347 vi
881 3299 1187 3365 pronominis
1216 3298 1303 3346 iste
1330 3298 1444 3346 vide
1469 3311 1610 3347 notas
1700 3305 1749 3358 1,
1776 3319 1885 3366 cap.
1915 3305 1975 3350 16
1993 3337 2007 3361 ,
2028 3303 2180 3350 edidit
2204 3318 2216 3352 τ
2247 3328 2272 3346 ιι
2293 3304 2542 3350 Proximus
2568 3305 2719 3351 Pom·

583 3385 714 3432 J.v.
744 3385 798 3430 1..
827 3380 887 3429 de
917 3378 1140 3440 Finibus,
1167 3380 1269 3437 111,
1300 3394 1378 3426 ια.
1400 3380 1492 3426 En.
1697 3382 1862 3446 peium
1896 3381 2145 3441 sedebam,
2179 3383 2270 3430 hac
2300 3381 2523 3442 adiuncta
2560 3385 2722 3430 anim-

662 3480 680 3511 ι
696 3479 741 3510 a.
761 3461 896 3518 Alii,
922 3458 1098 3522 «quod
1117 3458 1168 3505 bi
1194 3475 1328 3522 susp.
1344 3479 1384 3506 ι.
1413 3458 1445 3505 J
1450 3461 1530 3506 N.
1556 3460 1610 3505 L.
1700 3460 1987 3507 adversione
2012 3476 2024 3507 ι
2067 3461 2287 3509 Dicimus
2310 3460 2455 3508 latine
2482 3475 2497 3521 3
2549 3463 2722 3510 Proxi-

666 3545 743 3592 13.
783 3544 859 3590 De
885 3540 1127 3607 flamma,
1165 3539 1228 3586 de
1250 3539 1418 3604 [ει-νο.
1447 3541 1612 3602 Quum
1701 3557 1809 3587 mus
1844 3542 2103 3604 Pompeio,
2138 3543 2450 3605 Pompeium,
2477 3540 2539 3587 ad
2577 3543 2724 3589 Pom·

588 3622 827 3670 incendiis
843 3618 1053 3677 Urbem,
1071 3619 1316 3666 civitatem
1337 3618 1488 3680 caede,
1504 3635 1611 3666 mea
1702 3620 1891 3683 peium,
1919 3636 1946 3666 a
1974 3622 2239 3684 Pompeio,
2267 3630 2381 3685 post
2405 3622 2722 3685 Pompeium,

595 3703 774 3748 virtute
803 3699 918 3746 dico
945 3714 1046 3746 esse
1067 3697 1335 3745 liberatam.
1363 3698 1506 3745 Mu«.
1700 3698 1969 3745 secundum
1996 3700 2282 3763 Pompeium
2301 3734 2316 3760 ,
2341 3712 2544 3764 propter
2569 3703 2724 3749 Pom·

666 3788 744 3835 ις.
775 3778 918 3826 Nosti
951 3777 1061 3826 illas
1097 3776 1330 3834 ληκὺθους.
1371 3777 1490 3825 Non
1518 3777 1613 3824 dis·
1699 3778 1865 3842 peium
1883 3800 1923 3827 a.
1964 3780 2077 3827 Boc
2103 3796 2219 3844 ergo
2236 3814 2251 3837 ,
2283 3803 2306 3821 ‹-
2326 3782 2552 3828 Proxime
2579 3782 2724 3829 Pom-

590 3857 722 3906 eedit
740 3873 767 3903 a
785 3857 1118 3906 translatione.
1142 3859 1362 3915 Nam,ut
1375 3857 1612 3921 pictores,
1701 3856 1870 3920 peium
1892 3879 1915 3898 ··
1936 3891 1950 3916 ,
1981 3875 2070 3923 per
2092 3858 2287 3922 ellipsin
2315 3857 2502 3906 dictum
2525 3870 2626 3917 est;
2647 3860 2723 3906 in-

592 3938 644 3985 ἐκ
682 3940 774 3985 τῶν
812 3933 1046 3994 ληκὺθων,
1085 3953 1195 4000 quae
1233 3948 1347 3984 sunt
1385 3935 1611 4000 ampulla
1701 3945 1890 3998 tegi-um
1917 3937 2089 3996 suerit,
2114 3937 2343 3985 Proxime
2365 3937 2613 3986 πάθαν.

591 4018 976 4081 pigmentorum,
1006 4026 1228 4074 snmnnt,
1255 4031 1365 4078 quoe
1392 4014 1454 4062 ad
1483 4015 1613 4063 eolo·
1774 4016 1854 4062 16.
1893 4019 2018 4081 Ipse.
2056 4019 2129 4065 De
2158 4018 2339 4065 nostris
2370 4017 2516 4066 rebus
2540 4029 2722 4066 tacens.

589 4094 795 4146 mudum
833 4102 967 4168 apta.
986 4107 1194 4151 novere,
1222 4095 1290 4141 sic
1317 4093 1608 4156 eloquentiae
1698 4094 1856 4143 eona.
