3023 4773
686 375 827 465 432
1319 382 1415 449 M.
1467 383 1545 447 T.
1599 382 2178 453 CICERONIS

684 503 894 573 niret.
936 502 1079 598 Ipsi
1118 499 1662 596 processimus¹‚
1690 515 1764 571 et
1794 499 2370 572 Thessalonicam
2405 525 2467 571 a.
2497 496 2567 571 d.
2598 528 2643 571 x
2665 497 2799 575 kal.

678 612 839 706 jun.
874 613 1244 681 venimus:
1284 633 1522 704 neque
1558 606 1646 679 de
1683 609 1872 679 illius
1904 610 2159 680 itinere
2199 608 2597 706 quidquam
2631 613 2800 681 certi

682 718 1128 791 habebamus
1153 773 1172 807 ‚
1211 721 1348 790 nisi
1389 743 1556 789 eum
1592 717 1683 789 ab
1710 718 1998 816 Epheso
2031 734 2195 789 ante
2228 719 2598 814 aliquanto
2635 745 2796 818 pro-

682 829 969 902 fectum.
1002 834 1243 918 Nunc,
1277 830 1433 900 istic
1463 828 1640 926 quid
1671 843 1925 926 agatur
1941 840 1994 915 ²,
2025 854 2285 925 magno
2314 853 2534 926 opere
2564 832 2797 901 timeo.

678 944 1131 1036 Quamquam
1174 954 1256 1008 tu
1299 937 1521 1007 altera
1558 938 1859 1035 epistola
1890 937 2142 1010 scribis
2177 937 2272 1008 id.
2320 943 2486 1009 mai.
2530 938 2799 1025 audiri,

676 1047 833 1120 fore
850 1103 869 1136 ‚
894 1063 975 1119 ut
1001 1051 1232 1120 acrius
1260 1047 1748 1145 postularetur
1765 1046 1826 1137 ³3
1853 1050 2074 1119 altera
2093 1103 2112 1135 ‚
2146 1048 2291 1142 jam
2322 1072 2477 1120 esse
2501 1051 2796 1120 mitiora.

675 1159 814 1230 Sed
859 1158 1009 1229 haec
1060 1172 1168 1229 est
1210 1158 1440 1255 pridie
1484 1156 1690 1243 data,
1742 1183 1959 1254 quam
1998 1157 2115 1228 illa
2157 1185 2172 1226 ε
2220 1182 2368 1253 quo
2408 1158 2800 1230 conturbor

673 1270 920 1363 magiS.
977 1273 1268 1363 Itaque.
1323 1287 1552 1362 quum
1598 1291 1800 1337 meus
1847 1291 1960 1337 me
2015 1291 2286 1337 moeror
2337 1268 2799 1362 quotidianus

673 1379 935 1448 lacerat
963 1391 1034 1447 et
1070 1373 1363 1446 conficit
1384 1429 1403 1462 ‚
1431 1391 1589 1446 tum
1618 1401 1789 1447 vero
1820 1376 1968 1447 haec
1995 1376 2230 1448 addita
2268 1403 2436 1448 cura
2470 1379 2584 1449 vix
2623 1380 2799 1449 mihi

669 1490 887 1557 vitam
909 1487 1261 1583 reliquam
1291 1485 1477 1557 facit.
1513 1485 1651 1556 Sed
1682 1500 1752 1556 et
1776 1488 2132 1584 navigatio
2161 1487 2600 1584 perdifficilis
2627 1488 2794 1561 fuit:

670 1611 743 1667 et
784 1596 906 1666 ille
947 1599 1266 1666 incertus
1290 1648 1308 1679 ‚
1354 1593 1480 1665 ubi
1535 1618 1667 1690 ego
1711 1618 1941 1665 essem
1973 1651 1992 1683 ‚
2039 1593 2337 1668 fortasse
2385 1597 2602 1667 alium
2636 1623 2797 1668 cur-

666 1731 828 1778 sum
857 1708 1124 1805 petivit.
1147 1710 1323 1776 Nam
1348 1703 1670 1775 Phaetho
1685 1703 1986 1777 libertus
2002 1729 2165 1776 eum
2184 1731 2335 1776 non
2357 1705 2560 1795 vidit3
2579 1723 2797 1778 vento

667 1819 980 1912 rejectus
1015 1814 1106 1886 ab
1138 1815 1316 1885 illoto
1353 1815 1426 1883 in
1456 1813 1953 1885 Macedoniam
1975 1871 1995 1899 ‚
2032 1811 2284 1886 Pelloe⁵
2319 1815 2494 1886 mihi
2537 1833 2798 1914 praesto

669 1926 827 1998 fuit.
874 1921 1222 2021 Reliqua⁶
1274 1948 1494 2021 quam
1538 1922 1717 1993 mihi
1756 1922 2074 1994 timenda
2108 1927 2292 2013 sint,
2323 1923 2576 2013 vide0‚
2625 1952 2800 2010 nec,

669 2037 847 2134 quid
875 2034 1180 2107 scribam
1202 2087 1220 2119 ‚
1250 2032 1487 2105 habeo
1515 2087 1534 2116 ‚
1562 2048 1634 2105 et
1671 2034 1915 2104 omnia
1943 2035 2197 2118 time03
2235 2058 2371 2104 nec
2407 2049 2551 2105 tam
2587 2038 2801 2107 mise-

664 2173 829 2217 rum
873 2160 979 2216 est
1023 2144 1458 2242 quidquam,
1506 2143 1705 2239 quod
1759 2170 1907 2236 uon
1953 2148 2025 2214 in
2072 2159 2388 2214 nostram
2434 2142 2798 2216 fortunam

667 2255 918 2329 cadere
960 2254 1307 2324 videatur.
1358 2252 1713 2350 Equidem
1771 2252 2004 2324 adhuc
2054 2258 2304 2339 miser,
2347 2257 2422 2324 in
2476 2259 2800 2327 maximis

666 2367 843 2437 meis
878 2366 1216 2435 aerumnis
1255 2377 1327 2434 et
1356 2343 1708 2447 luctiBuS,
1756 2362 1897 2435 hoc
1934 2377 2135 2434 metu
2177 2362 2491 2460 adjectu,
2533 2391 2796 2438 maneo

666 2474 1187 2548 Thessalonicae
1228 2497 1664 2570 suspensus3
1701 2499 1834 2545 nec
1871 2473 2103 2544 audeo
2138 2473 2554 2571 quidquam.

741 2697 760 2727 ι
775 2714 788 2728 .
810 2678 1151 2727 Processimus.
1174 2676 1482 2741 Dyrrhachio
1501 2713 1518 2739 ,
1539 2693 1566 2723 a
1586 2694 1687 2741 quo

666 2758 1011 2807 Thessalonica
1082 2756 1217 2804 abest
1272 2772 1391 2804 cxiv
1439 2772 1509 2805 m.
1557 2772 1684 2819 pass.

667 2841 938 2965 co:.⁸·lstie
964 2911 1088 2977 quid
1111 2924 1309 2978 agatur.
1341 2911 1565 2961 Timebat
1581 2947 1596 2971 ,
1625 2929 1687 2959 ne

663 2998 774 3060 quis
790 3002 1037 3043 accusaret
1051 2991 1421 3055 repetundarum
1444 2992 1686 3053 Quintum

664 3079 859 3123 fratrem
882 3088 941 3120 ex
961 3070 1211 3134 provincia
1231 3071 1532 3117 redeuutem.
1557 3069 1685 3117 Vide

662 3154 818 3210 infra,
838 3153 978 3216 epist.
1000 3166 1032 3212 9
1054 3160 1102 3197 et
1128 3166 1205 3209 ¹7.
1233 3151 1384 3196 Mu«.

737 3235 783 3281 3.
813 3230 989 3279 Acrius
1000 3227 1359 3292 postularetur.
1385 3228 1469 3273 Est
1487 3260 1503 3286 ,
1534 3237 1587 3275 ut
1606 3244 1686 3275 ρο-

663 3320 913 3361 cusaremr
928 3308 1159 3357 acerrime
1183 3317 1233 3353 et
1251 3305 1683 3354 vehementissime.

662 3395 802 3440 Hunc
838 3387 969 3437 enim
1011 3386 1108 3433 vim
1146 3400 1272 3448 saepe
1308 3384 1518 3444 habent,
1559 3403 1685 3450 quos

663 3467 958 3534 grammatici
985 3475 1160 3513 vocant
1188 3464 1557 3528 comparativus.
1587 3467 1684 3513 Res

662 3561 734 3597 est
752 3549 880 3595 trita.
900 3549 1077 3596 (ἷκεν.
1095 3570 1167 3582 -
1184 3545 1471 3593 Nominarat
1488 3545 1685 3594 Atticus

662 3638 1015 3683 accusatos-eum
1033 3624 1207 3674 Cicero
1224 3639 1402 3671 nornen
1422 3624 1624 3673 omittit.

736 3720 783 3762 4.
819 3709 973 3754 Vento
997 3704 1199 3769 rejectus
1227 3703 1291 3751 ab
1315 3702 1416 3750 illo.
1442 3703 1519 3751 Ne
1546 3702 1682 3750 illum

661 3784 825 3844 adire,
858 3802 914 3831 sc
954 3783 1118 3831 videre
1157 3782 1369 3847 potuerit
1398 3797 1411 3829 z
1446 3782 1680 3830 sententia

660 3864 805 3930 plane
822 3864 981 3912 bons:
1003 3863 1054 3910 in
1071 3863 1199 3911 libro
1223 3874 1382 3910 tsmeu
1400 3861 1568 3908 Faerni
1581 3895 1599 3921 ‚
1617 3861 1682 3908 ab

662 3942 757 3990 Ilio
783 3944 1015 4005 scriptum
1041 3953 1140 4000 est;
1164 3940 1518 4006 negligentiam
1536 3940 1682 3989 libra·

661 4024 845 4068 riorum
866 4021 916 4065 in
941 4018 1090 4066 ductu
1107 4019 1375 4076 literarum,
1399 4037 1459 4066 an
1483 4021 1595 4083 quia
1616 4021 1680 4067 ita

660 4111 783 4147 esset
807 4101 853 4146 in
874 4099 1165 4161 exemplari,
1185 4099 1313 4147 unde
1331 4099 1401 4146 illi
1419 4100 1680 4163 descripse-

1775 2688 1919 2737 runt,
1949 2679 2059 2743 quis
2091 2679 2248 2743 possit
2279 2679 2477 2729 dicere?
2509 2683 2639 2731 Illud
2665 2683 2797 2732 affit-

1775 2774 1905 2806 mare
1931 2775 2212 2822 possumus,
2236 2758 2278 2805 si
2303 2760 2367 2806 ab
2384 2759 2479 2807 llio
2499 2774 2684 2809 rectum
2707 2766 2793 2822 sit,

1775 2852 1800 2883 a
1829 2837 1926 2883 loci
1954 2837 2098 2896 hujus
2127 2838 2361 2885 sententis
2392 2855 2492 2886 uon
2521 2840 2794 2890 abhorrere.

1776 2916 1888 2963 Fuit
1904 2915 2033 2962 enim
2058 2916 2295 2980 oppidum
2315 2928 2364 2964 et
2383 2920 2543 2981 ipsum
2564 2921 2613 2966 in
2631 2922 2795 2969 eadem

1776 3010 1860 3041 ora
1879 2994 2032 3055 Asiae,
2048 3011 2143 3058 qua
2168 3006 2215 3042 et
2235 2995 2467 3061 Ephesus.
2495 2998 2796 3047 Phaethonta

1773 3073 1971 3136 quidem
2021 3084 2212 3122 constat
2238 3107 2254 3129 ‚
2300 3091 2411 3121 cum
2455 3078 2643 3139 Quinto
2695 3096 2795 3127 nou

1772 3151 1956 3200 fuisse:
1994 3151 2080 3201 sed
2120 3154 2443 3202 conveniendi
2479 3157 2582 3216 ejus
2621 3175 2792 3217 causa,

1773 3231 2046 3294 Ephesum,
2080 3243 2163 3279 aut
2191 3233 2333 3280 Ilium
2362 3235 2590 3298 navigare
2618 3254 2795 3285 conau-

1775 3321 1871 3357 tem
1892 3347 1907 3372 ,
1944 3311 2058 3359 inde
2096 3311 2324 3371 rejectum
2364 3312 2418 3360 in
2452 3315 2793 3365 Macedoniam

1772 3399 2056 3454 tempestate
2080 3391 2238 3437 ruisse.
2266 3393 2495 3441 Minu».

1848 3469 1893 3517 5.
1922 3469 2090 3517 Peuce.
2122 3471 2229 3516 Fuit
2255 3469 2383 3517 Pella
2407 3473 2652 3537 praecipua
2680 3475 2793 3520 Ma-

1771 3548 1990 3596 cedouioe
2014 3546 2148 3598 urbs.
2175 3548 2321 3605 Mela,
2341 3552 2419 3606 11,
2445 3552 2474 3597 3
2497 3566 2510 3599 :
2535 3552 2792 3599 «Macedo-

1770 3643 1886 3675 num
1898 3627 2068 3692 populi
2084 3639 2279 3675 centum
2291 3630 2636 3693 quinquaginta
2650 3630 2793 3678 urbes

1769 3706 2018 3765 habitant,
2040 3724 2241 3769 quarum
2270 3706 2395 3754 Pella
2416 3719 2463 3755 et
2487 3710 2716 3773 maxima,
2742 3720 2790 3757 et

1767 3784 1984 3832 illustris.
2018 3786 2219 3833 Alumui
2257 3784 2503 3843 efficiunt,
2538 3789 2791 3853 Philippus

1769 3864 1969 3910 Greciae
2018 3863 2234 3914 domitor
2256 3901 2271 3925 ,
2325 3866 2603 3917 Alexander
2650 3870 2790 3916 etism

1770 3943 1898 3992 Asiae
1916 3965 1960 3991 ⁸·-
1988 3945 2165 3991 (ἷκεν.

1840 4025 1892 4070 6.
1923 4023 2144 4087 Reliqua.
2177 4028 2300 4088 Quae
2329 4028 2463 4076 fratri
2483 4046 2590 4077 meo
2611 4029 2674 4078 ab
2698 4030 2786 4076 iui-

1768 4102 1909 4149 micis
1919 4104 2095 4151 nostris
2105 4104 2633 4171 videmus-impendere.
2645 4111 2785 4155 Max«.
