3023 4773
637 453 726 503 ιο
1273 430 1372 498 Μ.
1423 430 1501 498 Τ.
1551 426 2125 505 CICERONIS

616 550 1143 640 benivolentia,
1190 562 1702 651 perpetuaque-
1725 527 2183 623 observantia
2199 601 2221 638 ,
2272 548 2452 622 mihi
2491 549 2760 626 libera·

618 664 888 737 lissime
929 676 1150 762 atque
1188 661 1706 733 humanissime
1738 662 2096 760 recepisti.
2137 662 2449 760 Cuspius
2467 717 2488 749 ,
2535 662 2763 737 homo

614 774 695 845 in
730 797 987 846 omnes
1024 796 1195 844 suos
1229 768 1830 856 officiosissimus,
1869 769 2170 847 mirifice
2215 771 2576 869 quosdam
2619 773 2761 847 ho-

613 887 848 956 mines
893 907 981 954 ex
1028 882 1162 953 ista
1206 882 1583 981 provincia
1633 895 1882 953 tuetur
1921 894 1994 953 et
2038 880 2308 979 diligit,
2368 898 2763 981 propterea

612 990 819 1090 quod
848 990 986 1063 fuit
1014 992 1092 1062 in
1123 988 1356 1063 Africa
1385 990 1531 1078 bis,
1567 1014 1802 1089 quum
1826 991 2155 1065 maximis
2180 993 2542 1065 societatis
2561 992 2590 1038 ³
2630 1020 2762 1067 ne-

612 1103 821 1201 gotiis
851 1115 1206 1200 praeesset.
1242 1106 1499 1199 Itaque
1538 1101 1681 1173 hoc
1716 1100 1872 1196 ejus
1903 1099 2262 1190 officium,
2303 1102 2510 1199 quod
2547 1103 2762 1177 adhi-

609 1209 740 1287 bet
766 1234 932 1309 erga
958 1209 1155 1300 illos,
1184 1235 1321 1309 ego
1347 1235 1509 1283 mea
1535 1207 1877 1284 facultate
1906 1224 1978 1282 et
2005 1213 2229 1308 gratia
2249 1213 2453 1285 soleo
2470 1268 2490 1303 ,
2520 1239 2761 1312 quan-

611 1334 770 1393 tum
806 1344 1143 1420 possum,
1175 1320 1537 1417 adjuvare.
1573 1324 1814 1413 Quare
1850 1322 2383 1417 Cuspianorum
2422 1328 2762 1396 omnium

613 1429 1262 1504 commendationis
1292 1455 1581 1504 causam
1602 1431 1739 1503 hac
1761 1429 1892 1503 tibi
1917 1430 2220 1529 epistola
2246 1432 2763 1530 exponendam

612 1544 880 1643 putavi.
924 1540 1250 1641 Reliquis
1293 1542 1613 1640 epistolis
1656 1556 1944 1614 tantum
1990 1540 2282 1628 faciam,
2324 1557 2411 1614 ut
2457 1546 2762 1617 notam⁴

611 1676 974 1751 apponam
1021 1675 1218 1740 eam,
1274 1678 1437 1751 quoe
1476 1652 1656 1724 mihi
1698 1667 1936 1725 tecum
1975 1654 2362 1743 convenit,
2415 1668 2490 1726 et
2542 1655 2763 1727 simul

610 1760 1045 1858 significem,
1101 1762 1193 1835 de
1253 1787 1561 1835 numero
1611 1787 1765 1835 esse
1829 1764 2080 1860 Cuspii
2131 1764 2556 1837 amicorum.
2611 1763 2762 1837 Sed

613 1871 803 1944 hanc
849 1871 1590 1957 commendationem,
1637 1896 1858 1970 quam
1903 1871 2018 1943 his
2057 1873 2277 1944 literis
2323 1874 2759 1972 consignare

611 1982 847 2072 volui,
889 1985 1068 2056 scito
1113 2008 1268 2056 esse
1303 1986 1638 2055 omnium
1681 1984 2191 2080 gravissimam.
2233 1988 2418 2059 Nam
2477 1989 2547 2056 P.
2608 1987 2763 2055 Cu-

611 2093 813 2192 spius
848 2094 1190 2193 singulari
1232 2092 1472 2167 studio
1511 2092 1889 2165 contendit
1939 2117 1982 2164 a
2017 2118 2172 2179 me,
2226 2107 2312 2164 ut
2358 2091 2494 2164 tibi
2531 2117 2761 2191 quam

611 2202 1153 2300 diligentissime
1187 2207 1266 2275 L.
1288 2204 1556 2276 Julium
1589 2202 2196 2276 commendarem.
2232 2205 2404 2299 Ejus
2433 2229 2568 2302 ego
2602 2218 2762 2275 stu-

612 2310 736 2385 dio
769 2314 889 2384 vix
913 2314 1167 2389 videor
1190 2314 1371 2386 mihi
1399 2312 1803 2388 satisfacere
1827 2338 2064 2415 posse,
2098 2315 2158 2386 si
2185 2328 2353 2384 utar
2373 2311 2611 2384 verbis
2635 2314 2762 2404 iis,

611 2423 917 2522 quibus,
976 2450 1210 2523 quum
1245 2425 1785 2522 diligentissime
1824 2424 1997 2524 quid
2039 2425 2355 2523 agimuS,
2406 2427 2514 2494 uti
2562 2424 2759 2495 sole-

607 2559 794 2606 mus.
828 2539 1031 2608 Nova
1058 2536 1384 2633 quaedam
1415 2535 1766 2634 postulat,
1793 2550 1866 2607 et
1897 2550 2103 2632 putat
2135 2558 2252 2606 me
2276 2534 2339 2630 ej
2350 2559 2434 2604 us
2469 2533 2764 2630 generis

611 2643 996 2720 artificium
1026 2644 1396 2745 quoddam
1431 2661 1703 2719 tenere.
1729 2646 1813 2718 Ei
1840 2669 1975 2742 ego
2009 2646 2376 2742 pollicitus
2402 2668 2566 2716 sum
2588 2697 2609 2733 ,
2635 2668 2764 2718 me

604 2778 699 2826 ex
725 2757 978 2829 intima
1001 2771 1247 2828 nostra
1279 2770 1431 2828 arte
1468 2757 2079 2855 deprompturum
2101 2752 2487 2826 mirificum
2519 2778 2762 2853 genus

609 2865 1279 2937 commendationis.
1337 2866 1421 2936 Id
1460 2890 1693 2963 quum
1743 2865 2029 2962 assequi
2070 2889 2225 2935 non
2266 2888 2561 2961 possum
2591 2917 2611 2949 ‚
2668 2879 2760 2936 tu

607 2999 690 3048 re
724 2976 940 3048 velim
990 2974 1296 3063 efficias,
1349 2991 1429 3048 ut
1462 2976 1622 3058 ille,
1675 3000 1940 3075 genere
1991 2997 2316 3046 mearum
2379 2974 2758 3045 literarum

609 3086 1051 3176 incredibili,
1095 3087 1444 3185 quiddam
1486 3085 1886 3182 perfectum
1920 3085 2332 3156 arbitretur.
2368 3082 2456 3155 Id
2493 3081 2709 3156 facies
2732 3140 2756 3174 ,

594 3196 672 3284 ,si
711 3222 931 3269 omne
972 3221 1203 3296 genus
1243 3196 1725 3283 liberalitatiS,
1785 3193 1986 3293 quod
2030 3210 2103 3266 et
2155 3193 2246 3267 ab
2299 3193 2757 3268 humanitate

612 3319 688 3382 et
724 3322 1076 3403 potestate
1115 3322 1240 3380 tua
1277 3305 1634 3405 proficisci
1680 3307 1978 3404 poterit,
2019 3329 2170 3378 non
2207 3302 2428 3377 modo
2461 3328 2585 3394 re,
2626 3304 2758 3377 sed

609 3417 825 3487 etiam
845 3418 1111 3507 verbis,
1132 3419 1339 3492 vultu
1363 3418 1680 3516 denique
1705 3414 2317 3516 exprompseris-²⁹:
2343 3441 2505 3516 quae
2530 3441 2754 3514 quan·

611 3538 772 3597 tum
802 3527 880 3602 in
912 3529 1283 3625 provincia
1317 3528 1640 3601 valerent
1660 3582 1680 3617 ,
1704 3528 1963 3604 vellem
1991 3541 2331 3628 expertus
2360 3551 2551 3600 esses
2567 3524 2620 3599 ⁶.

687 3763 741 3814 3.
785 3763 1055 3817 Sociaads.
1091 3767 1498 3828 Public-norum,
1547 3768 1635 3832 qui
1720 3766 1797 3817 sui
1821 3782 1997 3828 sensu,
2022 3781 2127 3822 nou
2153 3782 2214 3817 ex
2239 3766 2449 3818 eliorum
2468 3766 2755 3828 voluntate,

612 3844 794 3894 Atrion
814 3845 1068 3909 vectigalia
1089 3842 1363 3911 exigebant.
1379 3850 1528 3897 Mur.
1721 3846 2107 3910 commendaret,
2136 3846 2328 3911 signum
2364 3846 2617 3911 quoddam
2653 3861 2749 3910 ap·

684 3932 734 3982 4.
759 3924 959 3975 Natam.
995 3927 1129 3974 Inter
1150 3927 1435 3982 Ciceronem
1459 3939 1508 3975 et
1530 3929 1632 3976 Vs·
1720 3937 1952 3991 poneret,
1974 3936 2032 3975 ut
2058 3941 2230 3991 graves
2252 3925 2698 3976 commendationes
2721 3941 2758 3974 ι

613 4002 789 4052 lorium
814 4002 1092 4053 inAfriesm
1115 4002 1503 4070 proficiscentem
1519 4021 1636 4056 oon·
1720 4005 1911 4058 levibus
1931 4005 2357 4072 distinguerentur.
2384 4007 2531 4055 Mu.

617 4093 840 4140 venerat,
877 4093 961 4146 ut,
993 4083 1173 4148 quibus
1206 4084 1358 4138 literis
1392 4087 1437 4134 ei
1459 4086 1634 4137 Cicero
1794 4087 1847 4136 5.
1873 4086 2260 4152 &pr-empseris.
2279 4087 2416 4134 Man.
2433 4082 2755 4150 expresseris.

614 4159 824 4224 aliquem
856 4177 968 4212 vere
995 4172 1142 4229 atque
1173 4179 1234 4214 ex
1272 4164 1454 4215 intimo
1485 4166 1636 4216 animi
1792 4167 1845 4218 6.
1884 4167 2069 4217 Vallem
2103 4177 2332 4232 expertus
2365 4180 2505 4214 esses.
2547 4165 2624 4213 Ex
2653 4163 2755 4213 hoe
