3023 4773
514 373 1027 443 EPISTOLAE
1078 377 1214 446 An
1263 375 1763 466 ΑΤΤΙευΜ,
1814 382 1958 467 IV,
2008 382 2075 466 4.
2210 383 2357 478 489

233 494 706 591 signationem
721 505 749 536 ²
787 492 1304 591 Tyrannionis³
1349 495 1721 570 mirificam
1763 499 2113 573 librorum
2151 528 2355 575 meo-

232 628 439 692 rum3
475 629 791 701 quorum
844 606 1160 701 reliquiae
1203 607 1440 678 multo
1483 608 1816 681 meliores
1871 627 2074 702 sunt,
2133 639 2353 710 quam

234 729 564 810 putaram
581 717 634 783 ⁴.
667 715 896 785 Etiam
919 713 1175 785 velim⁵
1211 716 1390 786 mihi
1413 720 1656 789 mittas
1679 717 1771 790 de
1805 722 1945 790 tuis
1974 719 2355 793 librariolis

237 824 423 895 duos
446 823 758 922 aliqum,
789 823 1056 921 quibus
1083 830 1444 923 Tyrannio
1462 841 1710 900 utatur
1733 828 2288 925 glutinatoribus
2302 828 2361 918 ⁶,

236 932 326 1004 ad
357 948 592 1005 cetera
610 935 1040 1005 administris
1059 962 1079 1024 3
1098 937 1329 1032 iisque
1349 941 1696 1035 imperes,
1725 952 1808 1009 ut
1824 953 2114 1009 sumant
2142 965 2361 1011 mem-

237 1043 647 1131 branulam,
686 1068 774 1116 ex
816 1069 962 1141 qua
1001 1044 1275 1117 indices
1311 1046 1522 1136 fiant,
1573 1073 1760 1145 quos
1800 1071 1930 1120 vos
1970 1053 2232 1137 Graeci,
2278 1065 2362 1120 ut

240 1151 543 1248 opinor,
578 1147 914 1232 συλλάὸους
932 1161 957 1205 7
981 1151 1374 1249 appellatis,
1404 1152 1542 1224 Sed
1569 1152 1752 1242 haec,
1780 1155 1838 1226 si
1857 1153 1990 1225 tihi
2013 1157 2145 1226 erit
2175 1182 2368 1228 com·

240 1253 561 1330 modum.
608 1262 769 1356 lpse
812 1284 986 1331 vero
1029 1261 1283 1359 utique
1323 1260 1434 1333 fac
1477 1267 1760 1351 venias,
1796 1266 1855 1336 si
1895 1280 2104 1362 potes
2145 1271 2220 1337 in
2255 1267 2385 1339 his·

186 1429 187 1432 ,
243 1367 419 1439 locis
478 1369 993 1458 adhaerescere,
1032 1386 1102 1442 et
1144 1368 1438 1443 Piliamss
1476 1373 1856 1447 adducere.
1904 1380 2010 1448 Ita
2065 1379 2258 1447 enim
2300 1393 2375 1448 et

242 1502 530 1576 aequum
555 1495 696 1568 est,
733 1496 807 1552 et
833 1482 1031 1581 cupit
1057 1482 1307 1555 Tullia.
1333 1483 1621 1556 Medius
1640 1483 1860 1557 fidius
1889 1512 1998 1557 nae
2025 1501 2106 1558 tu
2135 1488 2369 1558 emisti

244 1712 327 1760 eui
344 1685 516 1759 labeni
541 1710 792 1762 assentior.
811 1713 1080 1775 Utramque
1103 1723 1264 1761 tamen
1349 1727 1446 1775 tur,
1471 1711 1679 1766 omnem
1699 1728 1814 1765 suut
1840 1716 1961 1766 dicti
1982 1750 1997 1776 ,
2021 1718 2237 1783 Hesycb.
2266 1718 2371 1768 Σίλ-

244 1791 418 1840 eodem
442 1807 646 1839 numero
672 1803 922 1850 notamus,
941 1803 999 1840 ut
1023 1810 1049 1841 a
1078 1793 1267 1858 vulgari
1349 1791 1485 1844 λυῧον
1502 1831 1517 1855 ,
1553 1792 1767 1845 ἀκάνθιον
1787 1833 1803 1859 ,
1840 1791 1991 1864 ἁδρὸν
2018 1793 2100 1846 καὶ
2131 1791 2374 1864 ἐδώδιμόν

245 1871 421 1920 ordine
444 1886 545 1917 non
573 1870 870 1920 recedamus.
899 1873 995 1919 En.
1351 1889 1415 1932 τι,
1440 1869 1524 1922 καὶ
1545 1875 1598 1925 τὸ
1625 1881 1718 1925 τῶν
1743 1870 1934 1938 βιέλίων
1955 1869 2107 1943 digia.
2132 1876 2377 1925 Dicuntur

319 1968 370 2000 a.
414 1950 822 2014 Designationem.
860 1949 1095 1999 Ordinem
1111 1983 1129 2011 ‚
1168 1967 1269 2016 quo
1352 1951 1492 1999 aliter
1511 1951 1767 2014 πιττάκια,
1791 1954 1865 2002 illi
1883 1954 2090 2014 indices,
2109 1957 2211 2002 sive
2229 1972 2379 2003 mem-

245 2028 547 2078 bibliotheca
571 2044 675 2076 mea
694 2029 999 2093 disponatur.
1021 2031 1164 2077 Mu«.

325 2111 376 2157 3.
413 2108 748 2170 Tyrannionis.
786 2109 1115 2158 Grammatici.
1144 2106 1272 2156 vide

250 2206 332 2253 ep.
354 2196 383 2245 4
408 2187 497 2235 lib.
522 2190 591 2248 11,
604 2188 666 2235 ad
688 2190 1144 2251 Q.Fr.1n.--Alii,
1162 2189 1274 2236 «os-

248 2269 421 2317 sendes
436 2268 817 2333 designatione...
832 2265 1177 2317 bibliothecam
1192 2288 1236 2314 ιο.

328 2356 374 2406 4.
402 2349 534 2408 Alii,
553 2360 783 2413 putaras.
806 2351 857 2398 J.
874 2350 939 2398 V.
971 2350 1028 2397 L.

325 2430 375 2478 5.
401 2429 527 2488 Ani,
551 2431 749 2479 vellem.
771 2430 900 2479 LV.
924 2432 981 2479 L.
1022 2424 1025 2429 ¹

325 2506 376 2556 6.
431 2508 834 2558 Glutinatoribus.
882 2506 1274 2557 Glutinatoribus

253 2603 358 2635 non
390 2586 549 2635 solum
582 2587 844 2636 utebantur
875 2586 939 2635 ad
975 2586 1276 2638 voluminum

204 2676 207 2677 ’
254 2678 389 2730 terga
414 2666 693 2714 exornanda
705 2703 719 2725 ,
735 2666 821 2714 sed
840 2665 902 2714 ad
920 2666 1109 2714 chartas
1126 2682 1275 2713 mem·

256 2744 490 2793 branasve
531 2745 966 2811 conglutinandas‚
1000 2746 1133 2797 utin
1167 2744 1279 2795 lou-

258 2840 374 2887 gum
416 2836 616 2889 possent
658 2824 874 2874 extendi.
920 2827 981 2872 In
1029 2824 1277 2871 volumine

258 2903 385 2951 enim
404 2903 658 2952 chartaceo
679 2904 859 2952 ehartae
880 2903 1060 2951 chartis
1075 2903 1277 2951 adtexe-

259 2981 438 3030 bantur
458 2984 513 3030 in
532 2982 917 3047 longitudinem,
939 2994 994 3031 ut
1015 2983 1146 3031 volvi
1164 3000 1280 3047 pos·

261 3072 368 3109 sent
392 3062 445 3109 iu
476 3062 708 3109 rutulum.
744 3065 805 3108 In
838 3061 1090 3109 codicibus
1115 3061 1280 3126 plures

261 3140 449 3189 tabellae
461 3157 517 3188 ac
535 3142 723 3206 paginae
732 3176 748 3202 ,
763 3142 1111 3203 cujuscumque
1123 3152 1281 3190 essent

262 3221 500 3280 materiae,
527 3221 635 3268 aliae
663 3220 769 3267 aliis
798 3219 1279 3283 supet-struebantur,

261 3317 413 3364 eaque
450 3317 603 3348 massa
648 3300 930 3365 paginarum
954 3333 970 3359 ‚
1010 3316 1122 3363 quae
1163 3300 1281 3363 quin

262 3379 450 3443 filutine
473 3395 670 3443 quoque
690 3379 870 3426 fuerint
893 3390 1160 3442 compactae
1179 3394 1284 3426 nou

264 3469 338 3506 est
390 3456 741 3512 dubitandum,
796 3447 1048 3504 dicebatur
1098 3455 1283 3517 codex,

265 3538 406 3598 cujus
418 3538 570 3585 forma
583 3537 752 3586 eadem
770 3538 861 3584 fnit
878 3551 988 3599 quae
1005 3546 1285 3583 nostrorum

267 3615 502 3663 librorum
518 3650 532 3674 ‚
558 3617 641 3679 qni
663 3633 725 3664 ex
741 3625 956 3663 nostrate
973 3615 1136 3661 charta
1154 3630 1286 3662 com·

267 3696 550 3759 pinguntur.
592 3695 848 3744 Salmasius
862 3728 876 3749 ,
917 3694 978 3742 de
1022 3695 1286 3742 Usurarum

267 3774 447 3834 modo,
475 3791 583 3839 cap.
625 3791 717 3836 10,
750 3791 895 3839 quem
925 3772 1037 3822 vide
1066 3774 1287 3838 pluribus

268 3855 331 3903 de
349 3854 439 3901 hac
459 3870 509 3901 re
529 3854 869 3917 disputantem.

342 3950 389 3993 7.
426 3928 704 3989 Συλλάέους.
749 3936 910 3982 Graev.
944 3931 1286 3997 corrigendum

268 4012 472 4077 putabat
483 4049 497 4075 ,
513 4008 771 4069 σιλλΰὸους.
792 4013 1144 4060 Membranulae
1160 4014 1289 4061 euim

270 4091 451 4154 quibus
480 4091 665 4140 indices
695 4093 933 4140 librorum
964 4092 1289 4141 inscribeban-

1354 2030 1547 2091 brauae,
1588 2034 1767 2097 quibus
1800 2034 2189 2083 inscribebantur
2217 2035 2378 2083 uomi-

1355 2125 1416 2157 na
1468 2124 1748 2172 auctorum,
1800 2124 1847 2160 et
1892 2130 2001 2177 qnae
2044 2114 2377 2162 voluminibus

1357 2181 1801 2253 adglutinabantur.
1838 2188 2048 2242 Σίλλυῧοι
2084 2205 2132 2240 et
2183 2189 2380 2244 σίλλυὸα

1356 2281 1471 2328 sunt
1504 2271 1650 2318 etiam
1684 2271 1869 2335 pelles,
1895 2287 2014 2335 quas
2047 2289 2145 2321 orae
2176 2275 2379 2322 vestium

1357 2347 1654 2408 adsuebaut‚
1683 2360 1742 2398 ut
1772 2364 1833 2397 ex
1861 2349 2093 2410 Polluce,
2129 2352 2378 2418 Hesychio

1360 2437 1409 2475 et
1437 2429 1690 2477 Eustathio
1718 2428 1887 2477 docuit
1913 2429 2169 2478 Salmasius
2196 2432 2257 2480 ad
2286 2432 2378 2480 Hi-

1358 2509 1557 2555 storiam
1581 2509 1867 2573 Augnstam.
1889 2509 2026 2557 Sicut
2045 2521 2205 2558 autem
2229 2510 2380 2575 pelles

1361 2587 1461 2635 oris
1495 2587 1703 2635 vestium
1735 2588 2089 2649 adsuebantnr‚
2128 2591 2198 2638 sic
2237 2589 2380 2638 etiam

1359 2666 1634 2731 pelliculae,
1666 2684 1749 2715 seu
1783 2668 2125 2717 membranulae
2150 2686 2260 2717 cum
2293 2685 2384 2717 no·

1360 2745 1577 2798 minibus
1596 2748 1886 2811 scriptorum
1911 2759 1960 2796 et
1983 2764 2187 2813 operum
2214 2746 2383 2811 affige-

1360 2825 1543 2874 bantur
1566 2828 1712 2890 tergis
1737 2826 2036 2874 voluminum
2063 2838 2113 2875 et
2135 2828 2385 2876 codicum.

1364 2906 1493 2952 Eine
1524 2904 1667 2952 etiam
1694 2904 1814 2953 dicit
1839 2906 1890 2953 in
1919 2905 2126 2970 epistola
2152 2917 2387 2969 sequente

1365 2994 1414 3031 et
1437 2985 1466 3032 8
1484 3019 1499 3045 ,
1523 2983 1868 3031 bibliothecam
1895 3001 2029 3031 suam
2051 2984 2228 3032 talibus
2250 2985 2389 3050 silly-

1363 3062 1441 3110 bis
1463 3062 1752 3111 illustratam
1778 3073 1826 3111 et
1850 3064 2030 3128 pictam
2051 3066 2197 3112 fuisse
2223 3063 2285 3112 ab
2309 3064 2388 3112 his

1362 3141 1592 3190 librariis.
1628 3144 1754 3191 Nam
1782 3153 1832 3189 et
1858 3143 1910 3190 in
1928 3141 2026 3189 illis
2042 3143 2112 3190 sic
2132 3144 2389 3207 legendum

1367 3232 1466 3280 est,
1484 3238 1587 3269 nou
1602 3220 1789 3283 sillybis
1808 3221 1922 3287 (aut
1938 3221 2133 3281 syllabis
2146 3218 2191 3285 )‚
2204 3233 2262 3269 ut
2279 3221 2393 3269 libri

1367 3316 1470 3364 prae
1486 3317 1539 3348 se
1557 3301 1735 3348 serunt.
1757 3302 1932 3350 Gsaev.

1442 3381 1492 3427 8.
1531 3378 1722 3428 Piliam.
1753 3380 1920 3427 Piliam
1950 3377 2170 3426 noudum
2198 3379 2393 3427 Atticus

1371 3458 1579 3506 duxerat
1608 3474 1827 3507 uxorem.
1863 3457 2075 3520 Nuptias
2109 3458 2238 3504 enim
2267 3457 2396 3505 cele·

1368 3537 1530 3585 bravit
1544 3539 1704 3601 pridie
1721 3538 1791 3586 id.
1811 3538 1907 3586 seb.
1931 3548 1986 3584 ut
2005 3546 2079 3583 est
2098 3536 2150 3583 in
2172 3538 2313 3600 epist.
2338 3534 2395 3594 3,

1368 3615 1459 3664 lib.
1478 3617 1549 3677 11,
1568 3617 1629 3663 ad
1648 3620 1712 3679 Q.
1729 3607 1940 3664 frati-ein.
1962 3618 2079 3662 Haec
2097 3627 2260 3663 autem
2279 3617 2396 3663 scri-

1372 3705 1458 3759 pta
1487 3711 1555 3742 111
1596 3694 1692 3743 kal.
1722 3695 1844 3743 febr.
1899 3693 2209 3757 Accipimus
2245 3696 2397 3759 igitur

1374 3776 1444 3821 sic
1462 3808 1478 3833 ‚
1503 3775 1699 3838 nuptias
1720 3772 1919 3838 quidem
1942 3772 2161 3819 nondum
2183 3773 2396 3820 celebra-

1376 3865 1472 3911 tas,
1514 3852 1600 3900 sed
1645 3852 1983 3917 desponsatam
2030 3863 2187 3900 tamen
2227 3853 2395 3901 fuisse.

1376 3936 1522 3982 Mas.
1562 3960 1632 3969 —
1665 3935 1717 3981 si
1749 3943 1892 3996 potes
1926 3930 2192 3989 adducere,
2226 3933 2268 3980 si
2303 3930 2398 3980 tibi

1378 4012 1658 4060 concedunt
1685 4023 1909 4076 parentes
1928 4045 1942 4069 ,
1961 4022 2016 4057 ut
2035 4027 2137 4058 eam
2160 4010 2400 4067 adducas,

1378 4108 1526 4155 quam
1551 4090 1770 4141 nondum
1792 4089 2005 4139 duxeris.
2033 4092 2195 4141 Coss.
