3023 4773
597 404 733 474 ’ὄπα

1243 406 1337 473 Μ.
1390 407 1467 471 Τ.
1524 405 2073 473 CICERONIS

597 525 825 596 multo
872 525 1124 595 melius
1168 547 1401 610 nunc,
1439 530 1658 620 quam
1701 522 2072 621 reliquisti.
2121 526 2302 594 Nam
2327 519 2390 583 ⁵9
2435 539 2506 595 et
2544 525 2725 596 illud

594 634 803 705 nobis
855 658 1008 705 non
1060 631 1305 718 obest,
1360 631 1588 703 videri
1643 644 1972 701 nostrum
2029 636 2526 703 testimonium
2576 657 2725 705 non

594 751 917 820 valuisse.
956 749 1217 818 Missus
1250 762 1355 818 est
1386 749 1675 844 sanguis
1710 745 1995 816 invidiae
2010 743 2079 789 ⁶⁰
2114 747 2266 816 sine
2303 747 2592 833 dolore;
2627 763 2729 819 at·

594 885 738 957 que
774 861 984 930 etiam
1026 857 1166 928 hoc
1211 862 1470 954 magiS,
1516 856 1715 953 quod
1758 881 2011 928 omnes
2048 856 2151 927 illi
2190 854 2502 928 fautores
2534 858 2726 927 illius

590 969 872 1067 flagitii,
917 992 1072 1038 rem
1112 965 1559 1038 manifestam
1606 967 1803 1038 illam
1848 966 2297 1064 redemptam
2343 992 2503 1065 esse¹
2532 993 2573 1039 a
2603 971 2725 1061 ju-

588 1078 869 1151 dicibus
917 1076 1380 1148 confitentur.
1433 1074 1831 1162 Accedit⁶¹,
1884 1076 2085 1174 quod
2134 1077 2254 1149 illa
2291 1080 2726 1150 concionalis

590 1188 856 1260 hirudo
889 1188 1116 1256 aerarii
1133 1184 1227 1271 δ’,
1279 1186 1540 1258 misera
1585 1212 1667 1258 ac
1712 1188 1965 1282 jejuna
2010 1187 2427 1284 plebecula,
2479 1215 2594 1260 me
2632 1188 2726 1263 ab

596 1300 734 1370 hoc
763 1301 1026 1393 Magno
1061 1299 1276 1367 unice
1306 1295 1502 1393 diligi
1534 1311 1741 1393 putat
1774 1325 1789 1365 ε
1829 1312 1902 1367 et
1935 1296 2227 1368 hercule
2259 1297 2488 1368 multa
2520 1313 2592 1368 et
2612 1299 2727 1392 ju-

594 1407 830 1481 cunda
854 1406 1382 1479 consuetudine
1411 1408 1778 1502 conjuncti
1808 1407 1995 1477 inter
2023 1432 2159 1478 nos
2182 1430 2466 1492 summ,
2495 1432 2727 1503 usque

596 1543 726 1603 e0‚
782 1530 864 1587 ut
918 1516 1145 1587 nostri
1211 1518 1327 1586 isti
1387 1518 1890 1589 comissatores
1942 1518 2457 1612 conjurationis
2486 1571 2507 1597 ,
2563 1516 2725 1587 bar-

597 1627 825 1699 batuli
859 1627 1194 1721 juvene5‚
1242 1626 1446 1696 illum
1493 1627 1569 1695 in
1612 1626 2071 1698 sermonibus
2114 1631 2409 1697 Cnaeum
2457 1631 2731 1697 Cicero-

596 1734 844 1808 nem⁶3
899 1735 1284 1833 appellent.
1343 1740 1598 1832 Itaque
1656 1724 1729 1807 et
1785 1735 2014 1821 ludis,
2057 1750 2131 1807 et
2175 1734 2729 1832 gladiatoribus,

599 1842 959 1914 mirandas
1007 1836 1518 1936 ἐπισημασίαςω,
1568 1841 1722 1909 sine
1776 1840 1920 1909 ulla
1974 1844 2339 1937 pastoritia
2387 1839 2731 1925 fistula⁶⁵‚

598 1957 1118 2030 auferebamus.

696 2073 761 2139 Ν
766 2092 909 2139 unc
946 2081 1056 2139 est
1091 2068 1527 2163 exspectatio
1564 2067 2064 2150 comitiorum,
2101 2065 2174 2135 in
2210 2089 2354 2162 qua
2390 2064 2731 2136 omnibus

600 2182 838 2252 invitis
883 2179 1109 2252 trudit
1154 2194 1400 2251 noster
1442 2182 1747 2276 Magnus
1792 2180 1951 2251 Auli
1998 2178 2227 2250 filium
2249 2177 2354 2266 ⁶⁶3
2393 2196 2612 2279 atque
2657 2184 2731 2250 in

681 2375 762 2437 59.
821 2373 952 2421 Nam
997 2384 1046 2422 et
1083 2370 1224 2420 illud.
1280 2369 1502 2418 Alterum
1549 2380 1622 2424 et,

606 2452 744 2516 quod
779 2451 894 2500 huic
940 2450 1228 2515 respondeat
1245 2486 1260 2508 ,
1309 2449 1500 2496 videtur
1544 2448 1629 2497 de·

607 2531 807 2577 siderari
826 2545 840 2578 :
861 2530 945 2577 sed
973 2531 1146 2579 Cicero
1166 2545 1290 2592 soepe
1311 2528 1626 2592 particulam,

605 2609 948 2666 dictionemve,
961 2624 1070 2673 quoe
1086 2618 1409 2671 exspectatur,
1424 2606 1626 2664 omittit;

604 2705 693 2736 nec
730 2699 889 2735 tamen
916 2699 1124 2751 cceptam
1150 2686 1435 2733 seutentiam
1461 2685 1624 2733 absol-

604 2768 690 2815 vit.
719 2768 784 2813 Ut
810 2766 892 2813 hic
927 2766 1132 2813 alterum
1163 2776 1212 2812 ec
1247 2765 1440 2822 omisit,
1480 2777 1626 2828 atque

604 2847 708 2906 ejus
747 2845 860 2893 loco
899 2845 1089 2902 intulit,
1137 2866 1158 2885 ι
1187 2844 1394 2892 Accedit
1432 2843 1554 2892 illud
1580 2866 1623 2891 ι.

605 2921 752 2973 Mu«.

675 3003 757 3051 6ο.
780 3002 955 3050 Missus
974 3014 1045 3049 ese
1064 3001 1258 3068 sanguis
1280 3001 1490 3050 invidiae.
1511 3002 1626 3048 Pro·

610 3084 632 3127 s
630 3082 701 3129 uit
720 3080 936 3129 nobisad
945 3081 1346 3145 exstinguendam
1368 3079 1600 3128 invidiam
1611 3114 1627 3138 ‚

605 3159 761 3208 videri
794 3171 1016 3212 nostrum
1054 3161 1382 3216 testimonium
1410 3175 1511 3206 uon
1544 3176 1626 3207 va-

607 3240 766 3288 luisse.
795 3239 874 3286 Sic
900 3250 947 3285 et
976 3239 1141 3286 Livius
1169 3238 1295 3285 libro
1317 3240 1422 3285 111:
1451 3259 1473 3281 ι
1493 3240 1628 3287 Dau-

609 3319 731 3378 dua,
770 3318 931 3381 iuquit
954 3351 968 3374 ‚
1012 3316 1209 3363 invidiae
1257 3328 1330 3365 eat
1377 3319 1629 3381 sanguis».

606 3399 760 3447 lnan.

678 3478 766 3525 61.
796 3475 894 3524 Alii
913 3510 928 3534 ‚
952 3495 976 3514 ι·
996 3474 1204 3522 Accedit
1233 3473 1406 3523 illud».
1425 3478 1548 3525 LV.
1572 3479 1622 3527 L.

676 3557 760 3604 62.
785 3553 1089 3603 concionalis
1113 3553 1287 3600 hirudo
1306 3554 1491 3604 cerarii.
1521 3559 1624 3603 Uu-

607 3632 668 3680 de
691 3633 970 3696 largitiones
1007 3632 1113 3682 fleri
1140 3635 1278 3698 cupit
1297 3670 1310 3690 ‚
1339 3635 1507 3698 quales
1534 3637 1621 3683 tri-

607 3712 726 3759 buni
767 3714 908 3760 nimis
950 3714 1207 3776 populares
1249 3714 1404 3763 facere
1444 3714 1620 3762 solent.

606 3791 768 3837 Coun.
787 3818 858 3827 --
888 3790 1194 3840 concionalis
1223 3803 1382 3840 autem
1416 3794 1621 3854 dicitur,

605 3869 718 3930 quia
749 3878 881 3915 totos
905 3868 1008 3916 dies
1041 3870 1091 3916 in
1120 3872 1440 3920 concionibus
1466 3872 1620 3920 tribu·

606 3947 740 3992 uitiis
778 3947 1108 3996 consumebat.
1143 3951 1269 3997 Vide
1301 3954 1523 4000 Gronov.
1561 3951 1622 3998 de

607 4029 805 4073 sennen.
829 4027 920 4082 IV,
946 4042 994 4087 9.
1022 4031 1196 4076 Gsaev.

672 4107 755 4153 (53.
803 4104 1000 4151 Cnoeum
1025 4105 1314 4155 Ciceronem.
1334 4110 1406 4156 Ex
1437 4111 1545 4174 ipso
1574 4121 1620 4156 et

1715 2384 1793 2417 me
1823 2370 2070 2430 junctum.
2093 2372 2193 2420 Sic.
2224 2372 2369 2437 epist.
2407 2381 2465 2429 ιι
2491 2409 2508 2436 ‚
2535 2371 2621 2422 lib.
2643 2374 2731 2421 IV.

1716 2450 1873 2498 (lons.

1729 2519 1737 2530 “
1788 2528 1873 2584 64.
1920 2517 2268 2596 ἐπισημασίας.
2313 2530 2733 2594 Significatiunu.

1715 2614 1769 2654 nt
1793 2607 2017 2669 plausum
2033 2642 2049 2666 ‚
2071 2619 2119 2656 et
2141 2626 2249 2673 quae
2276 2621 2511 2674 preterea
2536 2612 2738 2662 benivo-

1716 2685 1915 2734 lentiam
1938 2687 2229 2751 significant.
2249 2686 2395 2739 Mau.

1786 2766 1872 2814 65.
1890 2765 2001 2814 Sine
2021 2768 2124 2815 ulla
2134 2767 2401 2832 pastoricia
2421 2770 2604 2830 fistula.
2623 2770 2736 2819 Siue

1714 2843 1817 2891 ullo
1845 2845 2007 2893 sibilo.
2052 2847 2177 2896 Nam
2201 2847 2371 2896 odium
2397 2849 2575 2907 sibilo,
2599 2866 2737 2898 amor

1715 2921 1889 2984 plausu
1908 2923 2209 2987 significatur
2226 2940 2241 2977 ε
2263 2929 2389 2978 utin
2409 2931 2628 2980 oratioue
2645 2946 2736 2993 pro

1716 3002 1899 3050 Sextio.
1922 3005 2192 3053 Pastoritiae
2212 3022 2328 3054 vero
2346 3006 2524 3057 listulae
2542 3024 2693 3058 sonus
2708 3026 2736 3056 a

1714 3080 1860 3128 sibilo
1905 3099 2009 3130 non
2057 3083 2201 3147 louge
2249 3084 2414 3135 distat.
2463 3090 2631 3150 Itaque
2685 3099 2737 3138 et

1716 3156 1907 3225 συςῖζκν
1933 3177 2026 3223 pro
2045 3161 2265 3220 sibilare.
2293 3175 2344 3211 et
2363 3163 2525 3214 fistula
2556 3181 2734 3214 sonum

1716 3237 1859 3286 edere
1881 3256 1894 3288 ε
1922 3239 2127 3310 σύριγγα.
2154 3258 2271 3290 vero
2298 3258 2388 3305 pro
2404 3243 2569 3301 sibilo,
2594 3255 2646 3292 et
2674 3243 2739 3294 fi-

1718 3317 1844 3365 stula
1872 3321 2121 3383 pastoritia
2152 3321 2429 3385 reperimus.
2457 3324 2566 3384 Qua
2589 3322 2653 3372 do
2679 3340 2734 3373 re

1718 3397 1913 3461 scripsit
1932 3399 2184 3463 ingeniose
2197 3413 2249 3450 et
2264 3400 2447 3449 erudite
2473 3402 2544 3450 Μ.
2564 3404 2734 3452 Auto-

1714 3476 1823 3523 nius
1849 3478 2075 3528 Muretus
2104 3482 2157 3528 iu
2183 3481 2438 3530 Varianam
2466 3481 2733 3532 lectionum

1711 3554 1863 3604 libris.
1883 3561 1902 3621 (
1922 3558 2051 3606 Vide
2072 3559 2159 3608 lib.
2188 3562 2242 3616 1.
2259 3576 2369 3624 cap.
2401 3577 2462 3623 ¹9
2479 3561 2514 3624 ).
2542 3563 2697 3613 Insu-

1782 3634 1867 3683 66.
1903 3637 2222 3704 Aeelifiliun.
2256 3643 2310 3688 L.
2332 3640 2622 3698 Asu-anatum,
2641 3644 2733 3705 qui

1711 3710 1840 3758 bello
1886 3715 2224 3766 Mithridatico
2282 3718 2470 3782 legatus
2519 3723 2738 3784 Pompeii

1711 3791 1891 3852 suerat,
1919 3806 1968 3843 ct
1992 3796 2043 3842 in
2070 3795 2213 3844 bellis
2231 3798 2461 3850 civilibus
2481 3800 2549 3852 ah
2565 3800 2737 3848 eodem

1709 3871 1871 3932 stetit,
1898 3884 2065 3936 estque
2110 3877 2163 3924 iu
2202 3877 2440 3940 Hispania
2486 3896 2514 3924 a
2554 3880 2739 3928 Casan

1716 3951 1929 4000 occisus.
1953 3952 2081 4001 Vide
2107 3954 2335 4013 Dionem,
2354 3957 2739 4006 xxxv1.v1de

1714 4041 1761 4077 et
1788 4031 2036 4095 Lipsium,
2056 4034 2171 4080 Var.
2208 4037 2341 4082 Leet.
2372 4036 2458 4083 lib.
2492 4039 2595 4092 111,
2624 4053 2738 4101 cap.

1712 4109 1902 4158 ultimo.
1932 4113 2112 4160 Guaev.
