3023 4773
636 384 732 471 34
1279 391 1376 460 Μ.
1428 392 1506 463 Τ.
1560 390 2149 462 CICERONIS

626 571 901 593 mmm
905 573 1268 594 mm
1275 574 1735 597 mmmmm
1741 577 2117 607 ⁹50me

2484 582 2776 605 mmm

1228 756 1823 837 EPISTOLA
1888 760 2178 840 XXII.

624 926 695 980 T.
723 918 1003 978 Manlium
1031 939 1138 977 suo
1168 932 1228 978 et
1251 918 1535 979 Varronis
1578 919 1815 978 nomine
1861 920 2253 980 commendat.
2298 923 2568 1002 (Romae,
2607 944 2768 983 anno

1518 1016 1590 1071 U.
1619 1015 1682 1071 C.
1717 1015 1879 1090 707.)

1294 1182 1613 1247 CICERO
1658 1183 1973 1251 SERVIO
2021 1185 2085 1250 S.

716 1341 796 1407 T.
831 1335 1217 1420 Mantum,
1253 1330 1381 1428 qui
1414 1333 1826 1429 negotiatur
1852 1331 2252 1431 Thespiis¹,
2293 1335 2763 1409 vehementer

616 1446 858 1543 diligo.
914 1447 1095 1515 Nam
1142 1455 1215 1513 et
1254 1464 1537 1539 semper
1581 1464 1697 1512 me
1736 1442 2008 1532 coluit,
2065 1444 2763 1544 diligentissimeque

614 1555 1062 1640 observavit,
1104 1566 1176 1623 et
1212 1576 1251 1622 a
1289 1552 1543 1623 studiis
1586 1556 1853 1627 nostris
1878 1579 2026 1625 non
2054 1554 2421 1628 abhorret.
2455 1558 2758 1630 Accedit

612 1691 741 1753 e0,
787 1662 987 1761 quod
1025 1667 1254 1734 Varro
1280 1663 1630 1733 Murena²
1662 1687 2102 1762 magnopere
2146 1668 2299 1761 ejus
2343 1692 2555 1740 causa
2595 1668 2759 1741 vult

613 1778 859 1847 omnia
890 1802 905 1844 ε
935 1773 1066 1871 qui
1092 1786 1335 1843 tamen
1366 1772 1830 1861 existimavit,
1865 1776 1995 1846 etsi
2031 1779 2177 1846 suis
2204 1776 2450 1863 literis,
2482 1776 2755 1875 quibus

610 1884 748 1957 tibi
779 1883 1132 1955 Manlium
1165 1880 1761 1971 commendabat,
1796 1883 1999 1955 valde
2038 1884 2471 1974 confideret,
2504 1901 2753 1966 tamen

609 2020 770 2066 mea
798 1990 1428 2065 commendatione
1454 1991 1727 2089 aliquid
1757 1997 2183 2067 accessionis
2208 1994 2385 2069 fore.
2424 2001 2543 2070 Me
2580 2001 2752 2096 qui-

608 2104 778 2177 dem
816 2128 1045 2203 quum
1075 2102 1327 2173 Manlii
1356 2100 1826 2191 familiaritas,
1856 2118 2011 2176 tum
2042 2110 2388 2179 Varronis
2421 2108 2750 2182 studium

611 2219 1039 2300 commovit,
1098 2226 1178 2284 ut
1221 2211 1312 2283 ad
1363 2226 1434 2283 te
1471 2237 1693 2309 quam
1753 2219 2280 2287 accuratissime
2333 2217 2749 2292 scriberem.

605 2327 1110 2398 Gratissimum
1154 2324 1373 2421 igitur
1408 2321 1589 2393 mihi
1632 2320 1920 2410 feceriS,
1963 2327 2021 2396 si
2064 2325 2233 2399 huic
2274 2328 2746 2404 commenda-

604 2439 788 2510 tioni
846 2462 1023 2508 meae
1069 2447 1348 2516 tantum
1398 2432 1778 2523 tribueris,
1847 2453 2203 2534 quantum
2257 2441 2375 2510 cui
2428 2438 2752 2515 tribuisti

600 2548 992 2648 plurimum
1024 2573 1039 2617 ε
1071 2543 1145 2615 id
1170 2558 1315 2629 est,
1346 2545 1402 2616 si
1432 2549 1511 2614 T.
1546 2545 1893 2616 Manlium
1931 2573 2150 2645 quam
2181 2551 2490 2621 maxime
2512 2605 2532 2639 ,
2570 2559 2746 2649 qui-

603 2658 1064 2753 buscumque
1093 2653 1312 2726 rebus
1340 2654 1644 2726 honeste
1670 2679 1750 2726 ac
1771 2679 1906 2753 pro
1929 2671 2051 2728 tua
2072 2657 2417 2756 dignitate
2437 2665 2744 2758 poteris,

595 2770 866 2864 juveris
895 2781 1113 2863 atque
1150 2767 1551 2836 ornaveris:
1589 2790 1675 2836 ex
1707 2766 2076 2863 ipsiusque
2105 2782 2448 2865 praeterea
2484 2773 2747 2867 gratis-

601 2879 797 2950 simis
826 2891 901 2948 et
930 2876 1459 2948 humanissimis
1489 2874 1817 2946 moribus
1844 2873 2198 2952 confirmo
2227 2877 2388 2964 tibi,
2423 2893 2495 2950 te
2530 2904 2744 2970 eum,

597 3014 818 3088 quem
855 2987 1040 3059 soles
1062 3042 1082 3076 ,
1120 2984 1436 3058 fructum
1470 3009 1511 3055 a
1541 2982 1910 3058 bonorum
1947 2987 2267 3058 virorum
2305 2987 2561 3061 officiis
2604 3015 2743 3062 ex-

592 3115 951 3198 spectare,
998 3122 1153 3171 esse
1190 3111 1595 3195 capturum.

670 3297 716 3330 1.
744 3280 977 3345 Thespiis.
1006 3279 1137 3328 Urbe
1162 3277 1366 3328 Boeotiae
1390 3276 1482 3327 sub
1511 3281 1611 3328 110-
1697 3289 1908 3340 qervato,
1935 3290 1990 3327 ut
2007 3281 2230 3346 Pompeii
2255 3281 2425 3348 Magni
2456 3298 2595 3331 socer
2630 3285 2740 3335 Sci-

588 3359 749 3407 licone
777 3358 840 3406 ad
865 3359 1025 3407 einum
1049 3357 1324 3418 Graecum,
1350 3358 1508 3408 Musis
1534 3374 1610 3408 na·
1697 3357 1783 3421 pio
1807 3358 2066 3418 Metellus,
2101 3360 2363 3424 adoptatus
2387 3378 2414 3409 a
2441 3362 2505 3423 Q.
2525 3364 2740 3415 Caecilio

586 3454 685 3485 cra.
709 3439 882 3485 Guv.
1697 3436 1902 3494 Metello
1922 3440 2036 3496 Pio,
2056 3455 2209 3502 quum
2233 3450 2357 3487 esset
2377 3451 2515 3488 antea
2534 3443 2736 3492 Corne-

659 3534 708 3564 a.
730 3520 888 3564 Varro
904 3518 1032 3567 Mur.
1050 3519 1195 3568 linae
1212 3519 1481 3570 Varronem
1496 3518 1612 3570 Mu·
1696 3515 1780 3564 lic
1815 3517 1972 3580 gentis
1989 3532 2007 3579 ς
2042 3529 2102 3567 ut
2139 3522 2295 3567 Varro
2339 3518 2568 3567 Lucullus
2585 3553 2600 3578 ,
2635 3538 2739 3588 qm

585 3612 750 3656 renam
776 3595 914 3643 facile
942 3595 1233 3646 crediderim
1254 3598 1358 3658 eju·
1374 3597 1610 3648 vmouis
1697 3612 1827 3646 anuo
1851 3597 1913 3644 U.
1932 3598 1988 3646 C.
2009 3599 2112 3647 680
2147 3598 2320 3647 consul
2349 3599 2444 3647 suit
2459 3632 2476 3658 ‚
2518 3614 2734 3666 accepto

586 3677 809 3723 Murena
819 3684 1002 3737 petrem
1014 3675 1612 3742 fuissequictunAugueto
1697 3676 1935 3726 Ten-utin
1974 3678 2132 3741 gentis
2170 3680 2493 3743 cognomine,
2524 3680 2738 3733 Liciniae

587 3759 651 3804 A.
669 3755 732 3802 U.
748 3755 853 3819 730
874 3753 1177 3812 comulatam
1191 3755 1352 3820 gessit.
1363 3759 1610 3810 Varronec
1695 3764 1902 3804 retento.
1955 3758 2185 3805 Mum-na
2239 3773 2355 3806 vero
2411 3758 2736 3812 scribendum

584 3845 720 3882 erant
737 3832 978 3881 Terentia
994 3834 1606 3897 gentie,Mnrenaeautem‚
1693 3849 1824 3894 esee,
1856 3851 1957 3897 non
1990 3839 2230 3894 Murena,
2268 3854 2419 3902 quum
2449 3854 2476 3884 a
2510 3837 2739 3911 μυραὶνᾳ

583 3912 782 3960 Liciniae
808 3927 820 3958 ε
856 3912 897 3957 is
936 3910 1087 3974 igitur
1113 3912 1307 3961 videtur
1335 3930 1398 3961 ex
1430 3914 1523 3962 alin
1551 3916 1605 3964 in
1691 3914 1825 3976 pisce
1867 3913 2165 3975 deducatur,
2204 3928 2261 3964 ut
2290 3918 2382 3965 alia
2410 3934 2731 3972 romanarum

581 3992 722 4038 aliam
740 4007 830 4054 per
843 3988 1159 4054 adoptionem
1177 3995 1441 4043 transiiue:
1460 3996 1600 4045 Man.
1690 3994 1907 4056 gentium
1934 3996 2225 4058 cognomina
2242 4030 2256 4054 ‚
2289 3997 2405 4045 licet
2428 3997 2733 4050 adversante

577 4074 739 4110 autem
770 4061 918 4120 dicit,
944 4077 1008 4109 ex
1026 4062 1212 4110 Licinia
1231 4063 1283 4110 iu
1303 4065 1600 4125 Terentiam,
1687 4071 1907 4136 lapidum
1941 4075 2255 4139 antiquorum
2292 4077 2617 4140 auctoritate,
2653 4081 2728 4130 li-

575 4157 706 4191 novo
723 4141 1017 4205 cognomine
1035 4153 1270 4208 accepto,
1296 4154 1457 4193 vetere
1474 4161 1598 4195 eon·
1687 4150 1860 4200 beuter
1883 4154 2273 4204 existimaverim.
2299 4156 2445 4206 Mur.
