3023 4773
793 372 1339 462 EPISTOLAE,
1374 371 1598 464 XVI,
1645 402 1755 448 αι.
2212 384 2342 481 195

207 500 574 595 sejunctus
580 497 824 595 jocus⁶
851 523 891 570 a
915 500 1306 598 philologia
1327 513 1385 587 ⁷,
1409 517 1482 573 et
1499 502 1920 599 quotidiana
1941 503 2265 589 συζητῆσει
2286 503 2338 574 ⁸.

210 611 387 681 Huic
425 634 560 706 ego
603 609 852 691 ,locum
879 622 911 668 9
969 613 1042 680 in
1090 611 1427 709 proximo
1467 611 1829 702 conduxi,
1885 632 1996 704 et,
2051 633 2133 689 ut
2172 645 2342 719 pos-

204 746 402 805 sum,
457 746 549 791 ex
606 721 784 791 meis
839 722 1189 820 angustiis
1251 721 1443 793 illius
1494 736 1826 795 sustento
1894 731 2335 802 tenuitatem.

203 835 551 902 Praeterea
586 829 1049 903 declamitare
1091 856 1316 930 graece
1354 831 1551 931 apud
1589 838 1993 906 Cassium¹⁰
2020 838 2341 925 institui;

207 940 421 1013 latine
447 939 646 1039 apud
679 942 1036 1012 Bruttium
1069 943 1385 1013 exerceri
1417 943 1612 1014 volo.
1650 948 1838 1014 Utor
1870 941 2341 1021 familiaribus

207 1064 276 1121 et
321 1048 771 1148 quotidianis
824 1050 1402 1139 convictoribus,
1452 1077 1642 1149 quos
1693 1077 1938 1126 secum
1980 1058 2344 1156 Mitylenis

205 1161 588 1257 Cratippus
618 1157 953 1246 adduxit,
989 1158 1416 1233 hominibus
1444 1177 1519 1234 et
1553 1160 1815 1252 doctis,
1842 1180 1915 1237 et
1942 1165 2046 1237 illi
2076 1170 2344 1266 proba-

198 1270 512 1339 tissimis
547 1270 862 1341 Multum
891 1270 1107 1342 etiam
1135 1294 1424 1342 mecum
1449 1286 1559 1344 est
1583 1273 1977 1370 Epicrates,
2003 1280 2343 1378 princeps

197 1379 753 1452 Atheniensium
772 1432 792 1467 ‚
823 1394 896 1452 et
922 1380 1279 1452 Leonides
1295 1391 1382 1469 ¹¹,
1415 1395 1487 1453 et
1508 1382 1775 1454 horum
1801 1388 2022 1457 ceteri
2048 1389 2337 1462 similes.

193 1488 289 1556 Τὰ
335 1490 450 1581 μὲν
493 1487 595 1556 οὖν
639 1489 776 1558 καθ’
809 1492 1053 1584 ἠρᾶθ’
1096 1482 1274 1559 τάδε.
1335 1491 1446 1573 De
1509 1486 1778 1585 Gorgia
1835 1506 2079 1563 autem
2133 1496 2337 1593 quod

193 1595 373 1667 mihi
414 1595 706 1685 scribiS,
745 1612 900 1669 erat
930 1596 1233 1695 quidem
1264 1596 1384 1669 ille
1421 1598 1498 1668 in
1539 1596 1966 1696 quotidiana
1999 1601 2343 1679 declama·

193 1707 396 1777 tione
432 1705 677 1795 utilis;
725 1705 851 1779 sed
891 1709 1136 1779 omnia
1171 1711 1590 1806 postposui,
1626 1707 2028 1784 dummodo
2066 1739 2333 1812 praece-

191 1811 333 1906 ptis
383 1811 613 1908 patris
656 1835 1012 1909 parerem.
1069 1811 1413 1911 Διαρῤἤδην
1441 1812 1499 1858 ¹³
1546 1816 1746 1886 enim
1789 1819 2208 1916 scripserat,
2260 1840 2343 1895 ut

194 1946 365 1991 eum
393 1919 838 1993 dimitterem
864 1925 925 1971 ¹⁴
968 1927 1231 1995 statim.
1268 1925 1747 2021 Tergiversari
1773 1925 2010 2017 nolui,
2048 1954 2144 2001 ne
2181 1956 2341 2004 mea

191 2145 332 2192 betur
349 2142 613 2202 Mediceo,
639 2153 695 2191 ut
724 2143 930 2193 adnotat
954 2145 1219 2210 Egnatius,

189 2222 546 2287 usurp-vitque
584 2235 641 2273 ut
679 2225 937 2289 genuinam
972 2225 1222 2273 Victorius

1319 2165 1342 2189 ι
1364 2146 1549 2193 Verum
1575 2145 1655 2192 hic
1682 2146 1922 2211 impransi
1937 2162 2125 2199 mecum
2153 2153 2338 2219 disqui-

1309 2224 1400 2272 rite
1413 2245 1455 2272 ο.
1477 2226 1543 2272 Η.
1565 2225 1747 2272 Sruu.

190 2303 240 2349 in
278 2303 507 2351 editione
546 2319 665 2362 ωας
692 2314 960 2369 posteaque
996 2305 1050 2352 in
1086 2321 1222 2353 suam

189 2382 487 2431 movit
541 2382 822 2432 Lambinus.
890 2382 1223 2434 confirmatur

183 2464 282 2521 jam
307 2463 436 2511 mihi
465 2461 530 2509 de
552 2462 793 2527 excerptis
809 2464 1055 2534 Vaticani.
1084 2463 1221 2512 Alias

188 2541 378 2604 plebeie
385 2552 483 2600 est,
493 2541 868 2603 «jucundissima
891 2544 1219 2603 conjunctio».

189 2624 247 2669 Et
271 2638 366 2671 cur
385 2639 499 2672 non
520 2639 550 2670 a
574 2624 874 2673 «convivere
901 2622 1219 2673 convictio?-

186 2704 356 2752 θυι.
415 2750 438 2764 ‚

251 2783 308 2830 6.
334 2782 473 2840 Alii,
498 2781 657 2831 Iocus.
680 2785 734 2833 J.
756 2782 823 2832 V.
842 2786 898 2833 1..

257 2880 306 2923 7.
355 2861 657 2926 Philologia.
704 2864 835 2911 Bene
873 2863 1220 2926 interpretatur

191 2941 474 3003 hauns,
505 2952 659 2990 artem
704 2941 1011 2990 subtiliorem
1049 2941 1238 3008 dispu-.

190 3022 324 3070 tandi
353 3020 416 3069 dc
444 3020 592 3069 rebus
612 3020 1030 3085 quibuscumque,
1045 3022 1100 3070 in
1126 3024 1220 3087 pri-

188 3104 278 3149 nis
300 3100 650 3165 philosophiae.
679 3100 873 3164 Aliquis
897 3100 1030 3164 apud
1047 3103 1215 3150 Graev.

187 3181 352 3240 mallet
377 3178 736 3244 philosophia3
772 3178 858 3228 sed
893 3195 998 3227 non
1026 3178 1219 3228 videtur

184 3262 428 3325 cogitasse
454 3259 579 3323 quid
602 3261 665 3307 sit
686 3259 962 3324 philologia
988 3258 1220 3323 deceptus

182 3340 376 3404 *algui
389 3341 632 3405 opinione
644 3339 762 3388 salsa
777 3338 838 3387 dc
848 3339 946 3388 hoc
956 3337 1220 3387 verboAE'n.

256 3422 308 3467 8.
337 3416 610 3476 Συζητήσιι.
645 3421 763 3469 Nou
798 3419 957 3484 placet
995 3417 1217 3465 Lambini

183 3498 564 3562 interpretatio,
607 3498 1085 3562 «conquisitionenz

181 3593 238 3625 ea
254 3612 274 3636 ‚
297 3593 410 3642 quae
430 3588 570 3625 antee
590 3577 755 3626 afferri
771 3577 985 3635 solebat,
1010 3599 1034 3619 α
1048 3587 1214 3624 mutua

179 3660 460 3721 qwtione
478 3681 525 3704 a.
560 3656 857 3720 Intelligitur
883 3656 1015 3704 enim
1042 3656 1103 3704 de
1126 3655 1215 3703 illo

177 3737 477 3801 quotidiano
517 3735 800 3799 colloquio,
829 3751 932 3799 quo
960 3733 1020 3782 de
1046 3734 1138 3782 bac
1165 3749 1215 3780 re

175 3815 356 3874 nodo,
373 3815 529 3864 modo
549 3815 612 3863 de
632 3814 716 3862 illa
736 3814 1014 3880 disputatur
1033 3828 1047 3862 :
1066 3813 1216 3862 motis

173 3896 321 3943 ultro
345 3896 571 3958 citroque
586 3909 734 3959 super
751 3911 807 3942 ea
828 3893 1217 3942 dubitationibus

171 3987 228 4023 et
255 3972 636 4038 quaesdonibm.
674 3974 786 4022 Hoc
822 3983 984 4021 autem
1020 3972 1109 4036 qui
1146 3973 1215 4018 sa-

170 4057 355 4111 cium,
388 4070 492 4103 non
528 4054 859 4116 «conquirere
875 4073 928 4112 n,
954 4051 1040 4100 sed
1068 4072 1092 4092 «
1110 4050 1213 4098 dis-

170 4135 421 4197 quinte»
450 4132 551 4181 dici
577 4143 818 4196 possunt:
841 4141 898 4180 ut
925 4133 1049 4179 Hor.
1071 4129 1214 4186 dixit,

1125 3514 1234 3545 nec.

1381 2317 1435 2364 9.
1463 2305 1664 2352 Locum.
1705 2306 1818 2354 Hoc
1863 2316 1963 2368 est,
2007 2310 2110 2356 sive
2149 2310 2334 2369 aedem,

1307 2379 1409 2430 sive
1426 2381 1707 2431 cubiculum
1721 2420 1736 2444 ,
1759 2385 1811 2433 in
1834 2400 1937 2450 quo
1962 2385 2166 2457 bpbitet.
2194 2392 2335 2456 Soepe

1308 2461 1443 2508 Iocus
1458 2470 1531 2509 est
1550 2462 1889 2524 diversorium,
1904 2466 2193 2531 hospitium,
2208 2482 2266 2519 ut
2285 2472 2336 2519 in

1308 2537 1393 2587 illa
1430 2540 1639 2588 solemni
1674 2542 1926 2593 locutione
1943 2580 1957 2605 ‚
2007 2566 2033 2588 α
2049 2546 2188 2595 locus
2231 2549 2336 2598 lau·

1311 2618 1477 2683 tiaque
1520 2619 1691 2683 legatis
1730 2623 1975 2685 praebita»
1997 2657 2014 2686 ,
2054 2642 2163 2690 quae
2203 2645 2333 2693 saepe

1311 2697 1444 2761 apud
1469 2697 1661 2746 Livium
1685 2699 1879 2764 legitur.
1914 2704 2086 2753 θην.

1384 2792 1461 2825 10.
1492 2777 1727 2828 Cassium.
1763 2779 1934 2844 Neque
1972 2783 2063 2833 iste
2091 2785 2202 2848 quis
2232 2786 2332 2834 fue·

1306 2856 1398 2915 rit,
1431 2855 1622 2905 dicunt.

1384 2951 1406 2983 1
1423 2952 1466 2984 r.
1489 2933 1740 2986 Leonides.
1759 2938 1857 3000 Qui
1876 2955 2029 3003 quum
2051 2942 2114 2990 ad
2142 2943 2335 2993 Cicero·-

1307 3031 1419 3063 nem
1438 3014 1498 3063 de
1515 3013 1622 3063 filio
1637 3015 1892 3077 scriberet,
1910 3019 2031 3066 certi
2053 3021 2174 3069 nihil
2188 3040 2332 3071 ausus

1305 3104 1378 3142 est
1402 3091 1646 3158 polliceri.
1678 3096 1838 3158 Epist.
1865 3097 1959 3157 16,
1991 3098 2077 3148 lib.
2106 3102 2247 3160 XIV,
2270 3102 2332 3148 ad

1306 3174 1413 3223 Att.
1443 3175 1588 3224 Mn«.

1376 3268 1467 3302 -ια,
1507 3249 1585 3303 Τὰ
1626 3252 1712 3320 μὲν
1753 3248 1831 3304 οὖν
1875 3258 1982 3306 καθ’
2015 3256 2159 3324 ἡμᾶς.
2208 3259 2332 3320 Quae

1307 3331 1456 3395 igitur
1479 3332 1542 3379 ad
1566 3348 1660 3381 nos
1682 3334 1955 3398 pertinent,
1991 3337 2097 3386 haec
2124 3347 2255 3385 sunt.

1377 3413 1467 3464 13.
1495 3406 1780 3481 Διαῤῥήὸην.
1807 3417 2009 3480 Aperte.

1383 3500 1460 3548 ιι..
1496 3491 1821 3543 Dimiteerem.
1842 3495 2074 3554 Causam,
2109 3511 2197 3542 cur
2217 3512 2327 3544 eum

1303 3586 1330 3617 a
1353 3568 1458 3619 filio
1488 3571 1669 3622 dimitti
1694 3574 1869 3623 Cicero
1886 3574 2123 3638 voluerit,
2140 3576 2329 3625 Plutar-

1303 3652 1424 3700 chus
1445 3652 1571 3701 hanc
1592 3665 1779 3713 narrat,
1815 3654 1955 3718 quod
1984 3655 2049 3703 ad
2074 3668 2246 3720 potum
2278 3669 2329 3704 et

1302 3731 1578 3795 voluptates
1594 3731 1951 3780 adolescentem
1967 3733 2199 3786 alliceret.
2214 3739 2327 3789 Hoc

1305 3810 1505 3858 fortasse
1541 3811 1772 3874 magistro
1817 3811 1994 3861 didicit
2026 3825 2219 3864 strenue
2255 3818 2329 3865 bi·

1302 3888 1418 3938 bere
1440 3890 1613 3939 Cicero
1633 3888 1783 3939 filius.
1808 3890 1932 3939 Nam
1955 3892 2101 3942 binos
2125 3896 2331 3961 congios

1304 3969 1450 4017 simul
1481 3969 1683 4018 haurire
1713 3968 1913 4018 solitum
1943 3973 2112 4022 scribit
2142 3974 2329 4023 Plinius

1304 4048 1392 4097 lib.
1411 4051 1554 4108 XIV,
1581 4065 1690 4113 cap.
1717 4050 1805 4098 ult.
1831 4044 1987 4101 ‘Mun
2021 4079 2093 4090 —
2121 4055 2181 4102 Et
2220 4053 2325 4101 vid.

1303 4130 1470 4200 Senec.
1493 4128 1555 4177 de
1577 4129 1744 4178 Benef-
1765 4133 1853 4189 Π,
1883 4126 1964 4180 3ο.

1979 4215 2084 4283 13.
