3023 4773
541 434 1059 505 EPISTOLAE
1107 435 1251 503 AD
1293 436 1808 524 ATTICUM‚
1857 440 1988 539 tv,
2049 439 2155 508 18.
2273 438 2410 511 533

283 572 357 628 et
410 577 583 630 suus
629 558 1066 654 competitor
1113 557 1470 628 Domitius
1524 579 1690 628 cum
1734 559 2155 631 consulibus
2204 557 2414 631 fecis·

282 683 479 757 sent,
519 668 626 740 uti
662 665 880 738 ambo
922 670 1063 736 H-s
1108 666 1611 764 quadragena⁴
1658 669 2080 741 consulibus
2125 670 2417 758 darent,

224 804 232 813 ·
284 781 341 847 si
386 793 627 851 essent
658 777 793 875 ipsi
837 774 1172 848 consules
1214 775 1417 866 facti,
1462 779 1599 848 nisi
1629 793 1770 849 tres
1802 777 2156 877 au'gures5
2187 780 2416 854 dedis·

284 904 475 977 sent,
511 889 641 986 qui
676 911 752 959 se
789 884 1103 958 adfuisse
1138 884 1498 974 dicerent,
1548 911 1779 984 quum
1816 888 1931 959 lex
1966 890 2239 960 curiata
2270 888 2413 961 fer-

283 1011 519 1084 retur,
546 1023 706 1096 quae
732 997 872 1067 lata
910 1020 1062 1066 non
1093 994 1374 1086 esset⁶;
1415 1012 1488 1069 et
1525 998 1675 1068 duo
1706 997 2159 1085 consulares»,
2188 1001 2417 1095 quise

285 1107 606 1179 dicerent
628 1111 701 1177 in
722 1105 1067 1178 ornandis
1092 1108 1481 1203 provinciis
1506 1107 2010 1180 consularibus
2029 1107 2416 1180 scribendo

285 1216 632 1305 adfuisse,
676 1241 908 1314 quum
945 1217 1289 1287 omnino⁷
1339 1242 1431 1287 ne
1477 1233 1767 1289 senatus
1811 1216 2106 1314 quidem
2144 1216 2416 1290 fuisset.

232 1381 237 1388 ,
285 1333 449 1397 Haec
485 1328 755 1424 pacti0,
805 1350 953 1396 non
1006 1324 1286 1414 verbiS,
1331 1325 1455 1397 sed
1494 1324 1957 1399 nominibus⁸
2003 1342 2076 1398 et
2108 1333 2417 1424 perscri-

287 1436 654 1534 ptionibus
673 1448 729 1525 9,
770 1435 1168 1507 multorum
1213 1429 1487 1508 tabulis
1514 1448 1576 1481 ¹0
1612 1463 1845 1536 quum
1894 1462 2047 1508 esse
2089 1435 2272 1509 facta
2313 1437 2421 1511 di-

356 1628 408 1676 4.
446 1620 693 1670 Corradus
723 1636 752 1667 e
781 1630 876 1670 vet.
911 1618 1051 1668 libris
1087 1622 1302 1686 reposuit

285 1699 643 1765 quadringena.
662 1702 714 1750 J.
732 1701 797 1749 V.
823 1702 879 1748 L.

356 1781 405 1828 5.
431 1783 544 1828 Tres
561 1794 787 1844 augures.
807 1780 1124 1844 Nam,quum
1143 1778 1225 1826 lex
1239 1779 1303 1826 ad

283 1860 521 1925 populum
541 1860 709 1917 fertur,
724 1857 887 1907 adsint
902 1874 1095 1906 necesse
1108 1857 1304 1921 est‚qui

285 1940 453 1987 dicant
490 1939 636 1986 licere
660 1954 749 2001 per
773 1938 952 1985 Jovem
978 1936 1135 2000 legem
1170 1936 1303 1985 ferri.

284 2021 408 2066 'l'res
430 2028 590 2065 antem
628 2017 803 2080 plane,
839 2032 993 2079 quum
1013 2015 1096 2062 lex
1119 2014 1304 2063 curiata

289 2097 554 2155 ferebatur,
581 2097 693 2160 quia
719 2096 917 2159 triginta
934 2095 1080 2142 curias
1103 2105 1201 2142 tres
1218 2109 1305 2141 ve·

289 2186 414 2224 teres
440 2175 595 2224 tribus
629 2173 1059 2241 represenubant.
1101 2174 1306 2220 'Veteres

287 2266 446 2303 autem
474 2255 634 2304 tribus
670 2271 813 2304 suum
841 2269 1046 2317 quaeque
1078 2266 1307 2316 augurem

285 2335 472 2383 habuit.
498 2337 645 2384 Man.
665 2360 740 2372 —
756 2337 901 2382 Hunc
925 2348 1121 2380 omnem
1140 2331 1306 2381 locum

287 2416 563 2463 mnscribit
581 2413 916 2479 Montesquieu
926 2449 942 2471 ‚
974 2413 1241 2461 Grandem·
1261 2421 1309 2459 ee

288 2495 574 2543 Decadenee
611 2494 703 2565 dq
724 2492 988 2552 Romaim,
1033 2508 1079 2541 c.
1125 2508 1185 2539 ιο
1206 2525 1221 2550 ,
1259 2501 1309 2539 et

289 2575 522 2623 exclamat
544 2590 558 2624 :
582 2576 726 2637 «ραι
748 2573 812 2621 de
836 2567 1168 2620 malhonne‘ees
1187 2586 1308 2636 gens

287 2653 411 2702 dans
428 2671 494 2701 un
511 2654 620 2701 seul
632 2654 859 2701 coner-ae!
872 2673 898 2693 n
916 2653 1006 2700 En.

357 2734 409 2783 6.
457 2736 583 2797 Quoe
622 2732 730 2780 laea
770 2747 868 2780 non
909 2742 1042 2778 esset.
1090 2730 1311 2792 Augures

290 2813 439 2877 igitur
454 2812 614 2875 pretio
631 2821 767 2858 erant
777 2809 1052 2858 adducendi
1066 2842 1081 2867 ,
1093 2819 1148 2856 ut
1164 2807 1312 2855 latam

288 2892 623 2940 mentirentur.
654 2890 770 2936 Non
801 2890 981 2937 licebat
1012 2898 1174 2936 autem
1205 2887 1311 2934 sine

289 2972 473 3019 curiata
489 2970 595 3032 lege
617 2967 823 3015 militare
841 2968 1097 3032 imperium
1120 2969 1173 3014 in
1196 2981 1311 3030 pro-

288 3049 465 3097 vinciis
481 3047 678 3095 habere.
704 3047 852 3095 Man.

365 3145 411 3188 7.
434 3129 591 3189 Quum
606 3124 819 3173 omnino.
838 3124 963 3172 Nam
979 3130 1140 3172 revera
1156 3140 1312 3187 neque

292 3209 385 3256 lata
406 3208 587 3255 curiata
608 3202 714 3261 lex,
740 3218 897 3265 neque
916 3212 1108 3249 senatus
1128 3202 1309 3250 fuerat:

290 3287 400 3344 sed,
428 3285 567 3350 quasi
588 3294 851 3344 utrumque
878 3281 1078 3343 suisset,
1105 3281 1171 3328 ita
1201 3297 1314 3344 pro-

290 3366 558 3414 vinciarum
595 3361 1092 3418 administrationem,
1120 3368 1170 3406 et
1208 3360 1315 3423 lege

294 3445 514 3503 curiata,
542 3454 592 3492 et
618 3444 710 3492 SC.
734 3456 787 3489 se
815 3440 1012 3488 daturos
1037 3437 1321 3489 consulibus

296 3522 648 3587 promittebant
671 3520 934 3569 Memmius
970 3528 1019 3565 et
1057 3517 1318 3571 Calvinus,

294 3605 336 3651 si
352 3603 500 3657 modo
518 3602 614 3664 ipsi
629 3611 786 3648 essent
800 3597 1025 3647 consules
1042 3596 1175 3644 facti.
1192 3597 1270 3644 In.

364 3683 413 3730 8.
430 3680 731 3729 Nominibus.
750 3679 965 3727 Nomina
977 3678 1177 3743 proprie
1189 3676 1319 3724 dicta

296 3764 358 3811 «le
381 3759 661 3822 hujusmodi
692 3758 868 3806 debitis
892 3773 1003 3821 qua
1028 3756 1132 3805 siue
1156 3758 1315 3805 usuris

295 3841 664 3890 contrahuntur.
708 3838 829 3887 Ideo
855 3848 904 3885 et
940 3837 1115 3901 pararii
1141 3853 1317 3901 proxe-

295 3932 513 3983 netaeque
530 3917 832 3982 interpositi,
847 3917 929 3979 qui
944 3916 1199 3979 pecuniam
1213 3933 1317 3965 mu·

297 4014 428 4049 tuam
459 3997 819 4062 quaerentibus,
854 4011 998 4057 quam
1033 3996 1137 4042 sine
1173 4012 1315 4043 usura

295 4079 572 4143 acciperent
592 4111 606 4135 ‚
656 4074 920 4123 creditores
972 4074 1317 4131 conciliarent,

298 4159 382 4222 qui
408 4160 478 4205 sic
507 4157 623 4204 dare
654 4154 851 4202 vellent.
889 4154 1114 4213 Quorum
1140 4170 1321 4217 proxe-

1390 1634 1610 1672 netarum
1638 1640 1784 1689 opera
1811 1640 1912 1672 non
1943 1635 2045 1672 erat
2077 1640 2203 1688 opus
2229 1625 2307 1672 his
2332 1626 2417 1689 qui

1388 1705 1646 1770 pecuniam
1685 1705 1870 1753 soenore
1905 1720 2093 1752 sumere
2126 1705 2417 1768 cogitarent.

1388 1785 1543 1831 Recta
1567 1783 1698 1831 enim
1719 1782 1784 1830 ad
1806 1798 2019 1831 mensam
2037 1783 2419 1846 srgentariorum

1391 1860 1550 1920 ibant,
1588 1874 1736 1926 atque
1776 1861 1922 1920 inde,
1964 1861 2005 1909 si
2042 1861 2331 1925 pignoribus
2367 1876 2417 1911 et

1389 1939 1684 2005 hypothecis
1725 1941 1913 1989 idoneis
1955 1957 2124 1989 cavere
2164 1951 2419 2007 poterant,

1392 2017 1646 2067 sumebant
1687 2032 1920 2083 quantum
1961 2018 2161 2067 vellent.
2204 2020 2419 2069 sannas.

1394 2094 1456 2143 de
1473 2097 1646 2144 Usnris
1667 2112 1774 2161 cap.
1797 2098 1847 2145 6.

1465 2189 1516 2238 9.
1558 2176 2001 2239 Perscriptt‘onibus.
2040 2179 2418 2242 Perscriptiones

1393 2263 1505 2300 suut
1519 2287 1534 2312 ,
1550 2264 1610 2301 nt
1626 2269 1756 2300 nunc
1774 2253 2062 2317 loquuntur,
2071 2257 2418 2320 assignationes

1396 2332 1461 2379 ad
1477 2332 1779 2399 trapezitam,
1789 2349 1874 2380 seu
1886 2348 2116 2384 mensam.
2129 2337 2407 2385 Solutiones
2421 2372 2434 2399 ,

1394 2411 1556 2475 inquit
1582 2412 1869 2471 Salmasius,
1902 2413 2036 2478 apud
2063 2416 2293 2480 antiquos
2319 2419 2424 2464 Ro·

1395 2507 1568 2539 manos
1612 2489 1721 2539 fieri
1767 2490 1933 2540 solitas
1979 2493 2180 2558 legimus
2225 2496 2421 2544 duobus

1396 2569 1580 2628 modis,
1600 2570 1756 2618 velex
1771 2587 1893 2618 ma
1905 2604 1921 2631 ,
1943 2572 2022 2620 vel
2039 2589 2100 2621 ex
2120 2590 2302 2622 mensa.
2320 2576 2422 2637 Qui

1399 2648 1549 2696 domo
1571 2648 1815 2706 solvebat,
1835 2664 1898 2699 ex
1918 2667 2029 2699 arca
2053 2668 2139 2700 sua
2166 2655 2424 2717 pecuniam

1397 2743 1585 2776 sumere
1619 2728 2008 2793 intelligebatur,
2052 2748 2162 2794 quae
2205 2732 2275 2779 ibi
2320 2733 2422 2780 sine

1399 2807 1562 2853 fructu
1597 2808 1853 2871 recondita
1885 2809 2180 2858 servabatur.
2213 2812 2325 2872 Qui
2362 2828 2424 2857 ex

1399 2901 1561 2933 mensa
1577 2888 1961 2935 numerationem
1979 2889 2185 2936 faciebat
2201 2923 2217 2947 ,
2235 2889 2426 2952 duplici

1397 2965 1549 3013 modo
1577 2981 1681 3013 eam
1709 2966 1864 3013 facere
1891 2967 2081 3014 solitus.
2115 2972 2215 3015 Aut
2241 2969 2369 3015 enim
2396 2987 2422 3016 a

1399 3046 1641 3093 mensurio
1667 3045 1939 3110 accipiebat
1966 3046 2181 3103 foenore,
2215 3050 2301 3109 qui
2333 3064 2425 3111 pro

1399 3124 1510 3187 ipso
1550 3139 1784 3171 summam
1822 3141 1968 3188 quam
2001 3124 2332 3186 desiderabat,
2378 3139 2425 3174 et

1402 3207 1480 3252 cui
1507 3215 1801 3251 numeratam
1829 3204 1960 3252 illam
1983 3203 2154 3262 vellet,
2183 3202 2426 3270 dependei

1401 3282 1504 3331 bat.
1535 3284 1679 3329 Tunc
1705 3283 1899 3332 debitor
1928 3284 2039 3331 talis
2051 3299 2264 3331 mumae
2289 3301 2428 3332 men·

1402 3362 1531 3409 sario
1571 3362 1823 3410 existebat.
1877 3365 1979 3411 Aut
2023 3364 2281 3427 pecuniam
2323 3365 2429 3429 ipse

1406 3439 1616 3488 habebat
1640 3441 1775 3506 apud
1799 3458 2011 3490 mensam
2039 3442 2308 3506 depositam
2323 3476 2340 3502 ‚
2367 3460 2430 3491 ex

1408 3536 1503 3582 qua
1517 3535 1701 3568 summa
1718 3532 1949 3584 quantam
1967 3521 2254 3567 summulam
2269 3522 2435 3579 vellet,

1409 3614 1502 3662 pro
1539 3600 1650 3664 ipso
1687 3600 1972 3647 numerabat
2012 3600 2305 3659 mensarius,
2344 3600 2434 3664 qui

1408 3687 1546 3726 tanto
1565 3680 1766 3727 minoris
1781 3678 1958 3726 exinde
1974 3679 2202 3727 manebat
2218 3679 2433 3729 debitor.

1406 3759 1520 3806 Hoc
1535 3758 1743 3805 seribere
1756 3792 1772 3816 ,
1793 3769 1842 3806 et
1849 3757 2149 3821 perscribere
2164 3758 2438 3818 dicebatur,

1402 3848 1454 3885 et
1480 3836 1597 3885 iude
1613 3836 1853 3901 seripuem
1872 3852 2066 3885 mensae.
2087 3837 2232 3886 Salsu.
2254 3838 2314 3886 de
2341 3839 2436 3886 soe-

1404 3932 1525 3965 nore
1536 3916 1857 3980 Trapezitico‚
1871 3915 1958 3963 lib.
1970 3917 2008 3962 1.
2016 3916 2186 3965 Cicero
2194 3934 2288 3981 pro
2304 3918 2436 3965 Flac·

1406 4013 1466 4044 eo
1496 4010 1509 4044 :
1539 4020 1563 4037 u
1584 3995 1841 4043 Pecuniam
1872 3996 1922 4041 in
1946 3994 2097 4042 aedem
2116 4011 2301 4044 sacram
2320 3994 2433 4043 refi-

1408 4074 1628 4122 ciendam
1644 4091 1696 4121 se
1712 4074 2042 4138 perscripsisse
2057 4075 2193 4123 aiunt
2204 4077 2429 4123 ».Gs.zv.

1490 4171 1565 4203 ιο.
1625 4153 1837 4203 Tabulis.
1886 4153 2014 4202 vide
2056 4153 2339 4203 salmasium
2382 4149 2436 4197 in
