3023 4773
615 399 754 484 414
1256 397 1364 463 M:
1402 397 1478 463 T.
1534 397 2090 466 CICERONIS

612 534 897 617 agatur,
953 541 1088 587 nos
1129 530 1253 585 aut
1288 517 1440 586 sine
1485 516 1848 600 molestia,
1895 532 2018 586 aut
2059 529 2253 586 certe
2293 517 2445 585 sine
2490 537 2737 585 errore
2771 521 2778 528 '

614 629 919 700 futuros.
962 625 1303 697 Precibus
1336 630 1596 696 nostris
1629 640 1700 696 et
1729 626 2226 697 cohortatione
2253 649 2402 695 non
2432 623 2730 719 indiges.

611 738 802 829 Quid
832 760 991 806 mea
1023 735 1383 822 voluntas,
1411 735 1589 832 quid
1616 750 1937 832 tempus,
1971 735 2144 832 quid
2175 740 2278 806 rei
2312 733 2735 832 magnitudo

610 847 965 947 postulet,
1010 846 1366 942 intelligis.
1422 851 1530 916 De
1574 844 1944 942 republica
1997 845 2173 916 nihil
2227 844 2464 915 habeo
2517 844 2603 914 ad
2662 858 2736 913 te

611 956 961 1041 scribere,
1007 957 1140 1026 nisi
1178 978 1543 1024 summum
1586 955 1836 1025 odium
1870 957 2195 1025 omnium
2233 954 2609 1024 hominum
2655 956 2732 1020 in

615 1093 769 1155 eos,
806 1070 933 1163 qui
978 1081 1227 1137 tenent
1268 1067 1508 1135 omnia
1543 1093 1559 1133 e
1599 1066 2015 1136 mutationis
2046 1080 2285 1136 tamen
2323 1088 2484 1161 spes
2520 1062 2736 1132 nulla.

612 1175 793 1261 Sed,
848 1174 1049 1271 quod
1098 1173 1307 1244 facile
1354 1179 1654 1259 sentias,
1710 1173 1919 1246 taedet
1975 1180 2210 1272 ipsum
2267 1176 2735 1271 Pompeium,

614 1284 1226 1380 vehementerque
1263 1286 1592 1381 poenitet.
1651 1289 1816 1355 Non
1858 1285 2205 1382 provideo
2259 1287 2464 1371 satis,
2519 1308 2737 1379 quem

615 1395 886 1462 exitum
918 1390 1242 1462 futurum
1271 1409 1544 1490 putem.
1581 1393 1718 1465 sed
1751 1410 1943 1465 certe
1966 1394 2300 1469 videntur
2316 1394 2469 1464 haec
2496 1394 2737 1489 aliquo

617 1515 982 1599 eruptura.
1020 1501 1277 1572 Libros
1311 1493 1797 1590 Alexandri¹⁰‚
1836 1504 2263 1601 negligentis
2290 1503 2635 1584 homini5‚
2665 1516 2738 1571 et

617 1637 766 1681 non
807 1610 986 1682 boni
1023 1628 1287 1709 poem,
1330 1612 1453 1683 sed
1492 1629 1734 1684 tamen
1768 1639 1918 1686 non
1953 1614 2259 1700 inutilis,
2298 1613 2427 1684 tibi
2464 1613 2728 1683 remisi.

617 1724 1043 1793 Numerium
1080 1724 1531 1794 Numestium
1571 1723 1879 1795 libenter
1914 1728 2154 1822 accepi
2202 1729 2277 1794 in
2313 1724 2735 1808 amicitiam3

615 1846 689 1901 et
734 1832 1102 1902 hominem
1155 1856 1471 1928 gravem,
1527 1848 1600 1905 et
1640 1833 2117 1931 prudentem,
2157 1850 2230 1905 et
2276 1833 2572 1929 dignum
2611 1845 2735 1902 tua

615 1939 1243 2011 commendatione
1281 1947 1608 2038 cognovi.
1762 1936 1796 1974 ⁸

692 2122 770 2153 to.
798 2106 1093 2156 Alexandri.
1111 2068 1237 2156 ville
1255 2126 1400 2173 snpra
1423 2128 1501 2175 ep.
1525 2127 1608 2159 πο.

685 3872 728 3903 1.
754 3858 891 3904 Beer.
914 3861 1125 3910 voculoe.
1151 3864 1209 3908 In
1255 3878 1402 3927 open
1444 3863 1625 3912 sorensi
1713 3881 1824 3928 cap.
1847 3865 1877 3912 3
1895 3898 1909 3923 ,
1926 3882 1953 3912 a
1973 3867 2216 3915 Martiano
2234 3868 2427 3932 Capella
2452 3869 2513 3916 de
2532 3869 2725 3934 Nuptii-

607 3951 746 3999 poene
765 3937 1143 3989 enhaema.
1165 3946 1291 3991 -A
1320 3943 1624 4005 Quintiliano
1713 3940 1889 3993 Philol.
1916 3944 2003 3992 lib.
2035 3949 2098 4004 V,
2133 3964 2239 4012 cap.
2278 3947 2338 3996 de
2372 3949 2722 4013 pronuntiatio·

602 4013 666 4060 ad
691 4027 866 4061 vocem
889 4021 1265 4068 conservandam
1290 4032 1339 4069 et
1356 4024 1623 4087 aagendam
1714 4038 1804 4083 σος
1833 4039 1867 4071 ι
1912 4025 2064 4075 Clu-io
2105 4029 2453 4076 Fortunatiano
2469 4063 2483 4083 ,
2524 4028 2718 4075 Rhetor-

597 4093 966 4142 commendatur
1010 4099 1282 4146 ambulatio
1299 4134 1314 4155 ,
1370 4101 1456 4149 lib.
1518 4104 1619 4162 xl,
1711 4102 1799 4150 lib.
1825 4104 1914 4150 111.
1943 4106 2120 4153 Gnaev.
