3023 4773
644 455 1192 525 EPISTOLAE
1239 454 1380 522 An
1428 453 1931 541 ATTICHM,
1984 458 2100 541 11,
2154 481 2217 525 α.

2351 453 2491 529 365
2582 432 2585 437 ’

374 578 617 674 potius
645 574 950 672 legeret,
995 597 1213 671 quam
1248 597 1467 645 unam
1492 573 1768 644 literam
1802 573 2190 648 scriberet:
2224 583 2351 674 qui
2375 605 2493 651 me

376 685 675 784 epistola
710 680 1052 783 petivit⁸;
1086 683 1176 754 ad
1219 697 1327 770 te,
1374 698 1453 753 ut
1482 682 1730 770 vide0,
1768 686 2144 758 cominus9
2176 691 2488 762 accessit.

376 794 803 889 Conjurasse
845 792 1232 880 mallem¹⁰‚
1258 816 1477 889 quam
1513 793 1851 866 restitisse
1887 795 2404 888 conjurationi,
2438 802 2496 871 si

375 904 580 975 illum
625 905 800 974 mihi
847 902 1288 974 audiendum
1335 916 1721 1000 putassem.
1762 907 1869 974 De
1901 905 2240 993 Lollio¹¹‚
2276 932 2495 982 sanus

374 1040 524 1086 non
570 1039 688 1104 es;
716 1014 804 1086 de
834 1015 1088 1102 Vinio,
1120 1012 1362 1085 laudo,
1406 1012 1544 1084 Sed
1583 1011 1765 1084 heus
1797 1028 1918 1100 tu,
1959 1016 2221 1112 ecquid
2259 1020 2498 1108 vides,

371 1122 513 1196 kal.
534 1135 592 1169 ¹²
626 1128 904 1210 venire,
950 1125 1348 1196 Antonium
1392 1146 1544 1193 non
1576 1127 1820 1194 venire
1840 1120 1900 1166 ¹³
1924 1123 1953 1192 ?
1981 1122 2269 1218 judices
2292 1130 2500 1224 cogi?

373 1260 542 1306 nam
575 1236 673 1305 ita
705 1233 797 1304 ad
832 1257 950 1305 me
985 1235 1287 1305 mittunt
1309 1234 1395 1318 ¹⁴,
1431 1230 1796 1327 Nigidium
1819 1227 1881 1274 ¹⁵
1923 1233 2179 1303 minari
2214 1236 2289 1304 in
2322 1260 2496 1307 con·

375 1347 580 1416 cione
599 1399 618 1433 ‚
645 1370 720 1416 se
733 1344 1052 1440 judicem
1073 1398 1092 1431 ‚
1115 1343 1246 1439 qui
1271 1366 1419 1412 non
1440 1338 1730 1411 affuerit
1747 1393 1767 1429 ‚
1790 1340 2393 1437 compellaturum
2415 1343 2500 1414 ¹⁶.

370 1456 597 1528 Velim
649 1470 923 1543 tamen,
971 1455 1031 1525 si
1071 1453 1251 1551 quid
1285 1466 1392 1523 est
1437 1449 1529 1521 de
1566 1451 1862 1522 Antonii
1898 1451 2258 1548 adventu,
2294 1455 2494 1551 quod

374 1566 702 1653 audieriS‚
731 1564 999 1637 scribas
1032 1564 1120 1635 ad
1151 1589 1292 1651 me,
1323 1561 1794 1658 et‚quoniam
1831 1561 1974 1632 huc
1994 1573 2050 1619 ¹7
2085 1587 2233 1633 non
2258 1566 2497 1652 venis,

374 1701 617 1751 coenes
656 1677 850 1776 apud
889 1701 1024 1748 nos
1061 1678 1314 1774 utique
1351 1676 1584 1774 pridie
1622 1673 1758 1744 kal.
1803 1676 1988 1744 Cave
2026 1674 2230 1746 aliter
2262 1675 2495 1748 facias.

374 1792 562 1859 Cura
581 1843 601 1876 ‚
638 1802 720 1859 ut
758 1788 1015 1858 valeaS.

445 1998 494 2045 8.
514 1993 696 2043 Petis-ie.
720 1991 940 2043 Herodes
955 1991 1096 2040 missa
1115 1990 1179 2039 ad
1195 2007 1272 2039 me
1289 1990 1392 2054 epi-

372 2075 499 2123 stola
512 2108 526 2131 ‚
551 2066 797 2134 tamquam
814 2069 912 2119 telo
930 2071 1116 2118 eminus
1133 2070 1294 2131 jacto,
1317 2085 1394 2117 me

370 2151 640 2211 lacessivit,
659 2159 709 2197 et
727 2149 1018 2214 provocavit
1043 2147 1105 2195 ad
1132 2158 1390 2196 certamen.

373 2233 459 2281 Ait
486 2231 615 2279 enim
643 2247 695 2278 se
723 2229 846 2277 velle
871 2244 957 2277 sua
985 2228 1168 2293 scripta
1193 2227 1256 2276 de
1281 2244 1392 2277 meo

370 2311 629 2359 consulatu
647 2325 759 2357 cnm
779 2310 896 2357 meis
909 2309 1210 2357 committere
1227 2322 1240 2357 ε
1255 2307 1392 2372 quasi

370 2407 543 2459 parum
571 2390 831 2454 eleganter,
854 2399 940 2437 aut
966 2390 1111 2436 etiam
1138 2388 1393 2453 diligenter

371 2471 476 2535 ipse
501 2469 777 2535 scripserim
797 2503 811 2528 ,
841 2484 1129 2531 necesseque
1159 2468 1305 2516 suerit
1338 2467 1391 2515 id

371 2559 706 2614 argumentum
729 2548 792 2596 ab
815 2546 904 2594 illo
927 2546 1136 2595 tractari.
1153 2550 1353 2596 Bosms.

442 2644 495 2692 9.
527 2628 774 2676 Cominus.
806 2626 956 2675 Venit
982 2627 1111 2673 enim
1139 2625 1204 2673 ad
1227 2635 1306 2684 te,
1335 2636 1390 2673 ut

373 2708 664 2772 scriptorum
707 2721 904 2754 suorum
945 2705 1281 2753 molestissima
1317 2705 1387 2753 le-

373 2786 533 2835 ctione
556 2797 604 2834 te
626 2784 906 2833 conficeret.
930 2786 1072 2833 Mu.

446 2881 524 2914 10.
550 2865 842 2931 Consul-asse
862 2864 1076 2913 mallem.
1097 2867 1217 2912 Tam
1237 2864 1391 2911 malus

372 2954 445 2991 est
477 2944 686 3009 scriptor
722 2941 942 2991 Herodes
960 2979 976 3005 ,
1012 2953 1068 2991 ut
1103 2941 1389 3007 praeclarum

372 3021 491 3070 illud
517 3039 676 3071 meum
703 3023 883 3070 sactum
906 3023 1075 3086 potius
1096 3031 1389 3085 conspurcet

373 3114 420 3151 et
445 3101 699 3151 collutulet
722 3103 822 3148 suis
847 3101 1042 3165 scriptis
1059 3134 1074 3158 ‚
1101 3117 1246 3163 quam
1274 3100 1386 3148 illu-

373 3191 507 3231 stret.
534 3183 706 3245 Itaque
724 3180 766 3228 si
789 3178 929 3228 illum
950 3178 1072 3227 mihi
1094 3178 1388 3227 audiendum

371 3273 611 3325 putassem
647 3261 927 3308 recitantem
960 3274 1069 3323 qun
1101 3258 1162 3307 de
1192 3258 1335 3307 rebus
1360 3277 1389 3308 a

372 3357 447 3388 me
472 3339 670 3388 consule
705 3339 850 3403 gestis
881 3338 1172 3402 scripsisset,
1199 3337 1388 3386 mallem

372 3421 516 3468 fuisse
534 3418 596 3467 de
618 3434 820 3468 numero
843 3420 1205 3480 conjuratorum
1223 3451 1238 3475 ,
1263 3428 1312 3465 et
1329 3433 1388 3465 eo

371 3502 568 3549 nomine
578 3517 749 3567 poenas
761 3499 950 3549 dedisse
961 3534 976 3559 ,
988 3514 1135 3563 quam
1144 3514 1200 3546 ea
1210 3497 1389 3562 scripta

369 3580 526 3644 legere
540 3615 556 3640 ,
582 3592 666 3636 aut
682 3579 874 3638 audire,
894 3595 1003 3644 quae
1019 3594 1097 3627 me
1116 3588 1387 3626 enecarent.

371 3660 568 3709 Bosms.

448 3755 530 3788 11.
561 3741 638 3787 De
669 3737 845 3786 Lollio.
875 3739 946 3785 Ita
967 3737 1232 3786 Victorius.
1258 3735 1383 3791 Alii,

370 3820 488 3867 «De
524 3816 640 3873 illo,
686 3831 832 3864 sanus
868 3832 969 3865 non
1008 3832 1092 3877 es,
1140 3816 1201 3864 de
1237 3816 1386 3872 vino,

368 3897 519 3946 laudo
538 3919 581 3946 n.
622 3897 749 3956 Alii,
778 3897 894 3944 «De
927 3895 1066 3956 oleo,
1104 3910 1248 3943 sanus
1286 3911 1388 3944 nou

372 3993 423 4024 ea
451 3992 464 4026 :
496 3977 557 4026 de
595 3977 737 4036 vinc,
770 3976 919 4025 laudo
937 3998 981 4025 n.
1019 3977 1179 4038 Quam
1206 3973 1386 4032 multa,

372 4070 515 4119 quam
538 4056 686 4104 dubia
710 4056 807 4103 huc
836 4055 1044 4103 afferunt
1070 4056 1385 4120 interpretes,

371 4149 428 4186 ut
453 4153 584 4187 suam
618 4137 825 4200 quisque
852 4134 1135 4186 sententiam
1166 4135 1380 4182 tueatur!

1476 1992 1602 2053 Qun
1631 2001 1791 2041 tamen
1816 1993 2138 2056 praetermitto
2174 1994 2366 2052 omnin
2409 1995 2500 2043 etsi

1477 2069 1692 2118 delectus
1712 2072 1804 2117 mei
1823 2074 2127 2122 severitatem
2149 2076 2219 2120 sic
2239 2078 2501 2139 temperavi

1475 2148 1738 2206 hactenus,
1766 2151 1916 2214 magis
1941 2161 1998 2199 ut
2024 2153 2088 2200 sit
2118 2153 2378 2201 verendum
2394 2189 2409 2213 ‚
2438 2172 2502 2203 ne

1475 2226 1531 2274 in
1554 2227 1845 2276 assumendo
1872 2230 2115 2279 oemissior
2140 2233 2284 2281 fuisse
2310 2234 2500 2296 videar,

1475 2321 1621 2370 quam
1639 2309 1854 2356 atrocior
1872 2309 1924 2356 in
1947 2309 2264 2375 repudiando.
2290 2315 2442 2363 Onv.

1554 2404 1634 2436 12.
1653 2389 1771 2437 Kal.
1799 2391 1914 2451 Quo
1939 2388 2020 2437 die
2040 2390 2094 2438 C.
2117 2392 2364 2442 Antonius
2378 2410 2496 2442 cau-

1475 2482 1577 2514 sam
1601 2466 1761 2515 dicere
1784 2466 2008 2516 debebat.
2033 2470 2250 2520 Manu-r.

1556 2546 1632 2593 13.
1654 2546 1767 2592 Non
1787 2546 1970 2594 venire.
1990 2549 2062 2595 Ex
2081 2550 2370 2599 Macedonia
2388 2568 2499 2616 pro·

1475 2623 1637 2673 vincia
1665 2624 1945 2673 redeuntem
1962 2660 1977 2684 ‚
2004 2642 2150 2691 quam
2175 2645 2318 2677 avare
2342 2642 2391 2679 et
2413 2631 2491 2678 in-

1475 2704 1681 2752 feliciter
1702 2704 2133 2757 administraverat.
2160 2708 2291 2757 Vide
2323 2710 2413 2758 lib.
2447 2713 2490 2760 1.

1554 2791 1633 2840 ιι.
1670 2785 1747 2830 Ita
1782 2785 1855 2832 ad
1888 2801 1964 2832 me
2001 2786 2214 2838 mittunt.
2262 2791 2336 2837 Ita
2374 2787 2496 2836 mihi

1475 2866 1632 2911 Roma
1656 2863 1887 2912 scribitur
1913 2880 1939 2911 a
1968 2868 2107 2914 meis.
2136 2868 2280 2915 Mu.

1551 2957 1572 2988 1
1584 2941 1631 2988 5.
1650 2940 1919 3006 Nigidium.
1937 2944 1992 2992 C.
2008 2944 2260 3007 Nigidium
2272 2946 2496 3010 Figulum

1474 3021 1561 3084 qui
1573 3021 1673 3080 jam
1693 3019 1993 3068 tribunatum
2011 3021 2167 3085 plebis
2184 3023 2386 3072 inierat:
2407 3041 2495 3072 un·

1474 3100 1538 3148 de
1557 3097 1693 3165 p'atet
1708 3098 1834 3146 hanc
1853 3115 1933 3164 ep.
1951 3099 2185 3163 scriptam
2208 3118 2311 3150 esse
2333 3119 2494 3153 mense

1475 3178 1733 3227 decembri.
1762 3179 1853 3225 En.

1549 3260 1632 3306 16.
1658 3257 2080 3321 Compellaturum.
2096 3258 2226 3305 Male
2243 3259 2496 3308 Manutius

1474 3336 1705 3401 exponit,
1729 3349 2072 3396 evocaturum,
2091 3349 2388 3386 coacturum.
2409 3341 2493 3387 Est

1472 3417 1604 3464 enim
1629 3426 1994 3479 accusaturum,
2022 3417 2127 3477 ejus
2153 3433 2332 3465 nomen
2359 3416 2490 3465 dela-

1474 3505 1657 3543 turum.
1681 3496 1861 3543 Gnav.

1553 3590 1633 3634 17.
1672 3576 1776 3620 Huc
1802 3590 1901 3621 nou
1925 3573 2082 3621 vem's.
2123 3575 2367 3636 Quoniam
2392 3559 2493 3626 Ro,-

1473 3668 1603 3700 mam
1640 3663 1772 3700 recta
1805 3651 2156 3717 proficisceris,
2195 3670 2285 3703 nec
2321 3657 2393 3703 vis
2433 3656 2494 3704 de

1473 3732 1649 3779 itinere
1678 3730 1958 3790 deflectere,
1991 3742 2046 3779 ut
2080 3733 2132 3780 in
2168 3733 2303 3782 villas
2328 3736 2392 3783 ad
2418 3754 2493 3786 me

1473 3811 1667 3868 venias3
1710 3811 1907 3868 Romae,
1942 3811 2075 3859 domi
2114 3829 2232 3862 meae
2267 3827 2491 3875 ernusto,

1473 3889 1619 3940 tertio
1638 3889 1835 3953 quidem
1859 3889 2112 3951 kalendas,
2138 3892 2179 3940 si
2199 3896 2409 3957 poteris,
2439 3896 2491 3943 id

1473 3980 1564 4029 est,
1586 3970 1672 4018 illo
1694 3972 1804 4035 ipso
1827 3970 1921 4030 die,
1939 3988 2038 4036 quo
2057 3984 2104 4021 te
2124 3972 2186 4021 ad
2207 3974 2388 4023 Urbem
2408 3977 2492 4022 fn-

1473 4060 1637 4098 turum
1655 4049 1825 4098 scribis
1837 4085 1852 4111 ,
1874 4051 2092 4102 siminus
2108 4088 2122 4112 ‚
2150 4053 2317 4118 utique
2334 4053 2491 4119 pridie

1472 4128 1715 4178 kalendas.
1740 4130 1951 4178 Manu-r.
