3023 4773
840 371 1390 458 EPISTOLAE,
1423 374 1593 457 xv,
1635 374 1741 456 14.
2218 371 2350 445 153

257 494 644 567 tristissimis
679 492 856 563 meis
891 491 1368 591 temporibus.
1402 494 1714 564 Accessit
1747 507 1913 590 post
1952 508 2164 565 tuum
2207 497 2350 568 dis-

253 629 508 676 cessum
542 602 983 674 familiaritas
1003 602 1180 674 mihi
1199 628 1366 674 cum
1386 609 1610 674 Bruto
1633 605 1831 674 tuo¹4
1860 607 2189 677 maxima.
2209 611 2356 678 Ita-

248 740 368 812 que
414 715 490 784 in
529 727 771 784 vestro
809 715 1103 810 ingenio
1140 727 1213 784 et
1251 710 1685 784 industria¹⁵
1736 712 1914 782 mihi
1955 714 2349 812 plurimum

242 839 301 894 et
322 825 722 913 suavitatis,
760 839 836 895 et
875 823 1240 921 dignitatis
1272 826 1751 896 constitutum
1786 840 1990 922 puto.
2020 824 2107 896 Id
2146 841 2227 898 tu
2269 842 2353 897 ut

244 949 351 1005 tuo
375 933 620 1006 studio
658 932 1082 1022 confirmes,
1114 949 1188 1005 te
1225 934 1692 1008 vehementer
1723 959 1935 1032 rogo;
1968 935 2354 1034 literasque

239 1043 314 1113 ad
340 1068 455 1114 me
477 1096 498 1131 ,
538 1057 612 1115 et
644 1045 1000 1115 contiuuo
1037 1045 1309 1134 mittas,
1346 1059 1419 1116 et
1453 1070 1682 1143 quum
1711 1049 2014 1117 Romam
2043 1048 2356 1133 veneriS‚

238 1177 432 1250 quam
471 1154 878 1253 saepissime.

298 1345 368 1392 ιι.
388 1335 511 1383 Cum
528 1339 675 1383 Bruto
692 1346 796 1384 tuo.
811 1336 885 1385 M.
898 1336 1078 1384 Bruto:
1101 1337 1240 1398 cujus
1327 1338 1443 1384 Em.
1457 1335 1605 1384 refert
1621 1335 1685 1383 nd
1713 1335 2012 1394 doctrinm,
2029 1334 2354 1400 philosophie

233 1428 356 1460 soror
379 1430 513 1462 uxor
537 1425 641 1462 erat
666 1415 836 1464 cassii.
860 1416 1005 1463 hun.
1325 1415 1606 1477 scientiam
1629 1414 1872 1463 industria
1898 1415 1962 1464 ad
1990 1432 2066 1464 re·
2093 1416 2146 1463 in
2173 1417 2282 1464 foro
2303 1427 2350 1463 et

294 1494 366 1541 15.
382 1491 597 1560 Ingenio
624 1504 677 1541 et
706 1492 963 1543 hidam-ia.
979 1492 1236 1559 Ingenium
1325 1511 1429 1559 rep.
1455 1494 1706 1558 gerendae.
1734 1495 1826 1543 En.

1510 1683 2153 1704 mmmmmmm
2165 1684 2346 1704 mm

848 1879 1459 1960 EPISTOLA
1527 1883 1716 1960 XV.

230 2038 534 2097 Consilium
551 2057 721 2097 suum
745 2038 820 2097 de
835 2058 955 2098 non
977 2040 1317 2099 renovando
1338 2041 1495 2099 civili
1517 2040 1675 2101 bello
1701 2041 2084 2100 demonstrat:
2119 2044 2358 2100 Caesaris

294 2136 660 2198 clementiam
688 2135 905 2195 laudat.
929 2138 1108 2196 Italiae
1130 2137 1378 2215 gemitus
1401 2138 1689 2196 ostendit:
1719 2139 1900 2197 Cassii
1919 2139 2259 2197 sententiam
2284 2139 2357 2197 de

296 2232 515 2292 suturis
556 2235 831 2312 exquirit.
877 2238 1103 2294 Caesare
1158 2236 1368 2295 iterum
1422 2248 1482 2294 et
1528 2235 1775 2296 Servilio
1814 2255 1961 2299 coss,
2002 2236 2316 2314 (Brundisii
2342 2280 2359 2308 ,

287 2347 438 2390 anno
462 2334 543 2392 U.
574 2334 639 2394 C.
665 2330 743 2410 [J.
762 2337 837 2390 V.
862 2335 930 2391 L'.
956 2332 1093 2411 706]
1122 2352 1258 2407 707,
1282 2352 1495 2407 meuse,
1521 2346 1588 2392 ut
1609 2331 1861 2404 videtur,
1888 2330 2119 2405 sextili.)

735 2501 827 2565 Μ.
864 2500 941 2566 T.
975 2503 1049 2567 c.
1088 2504 1162 2566 c,
1199 2500 1492 2568 CAsslo
1542 2502 1605 2566 s,
1640 2478 1713 2567 ἰ).
1748 2503 1829 2568 D.

303 2655 471 2724 Ersl
538 2664 851 2748 uterque
905 2662 1287 2722 nostrum¹
1332 2675 1461 2749 spe
1518 2652 1751 2747 pacis,
1796 2666 1870 2723 et
1910 2650 2080 2723 odio
2133 2654 2353 2725 civilis

219 2763 584 2860 sanguinis
611 2814 630 2848 ‚
672 2759 922 2832 abesse
967 2785 1009 2831 a
1055 2759 1249 2833 belli,
1280 2761 1674 2859 pertinacia
1723 2761 1956 2832 voluit
2002 2791 2017 2833 :
2071 2778 2353 2850 tamen,

221 2873 517 2966 quaudo
538 2882 568 2914 ²
611 2872 770 2967 ejus
792 2870 1074 2943 consilii
1100 2871 1438 2969 princeps
1466 2894 1602 2967 ego
1630 2868 1845 2942 fuisse
1887 2870 2164 2961 videor,
2191 2871 2356 2970 plus

219 2976 558 3052 fortasse³
604 2979 735 3051 tibi
778 2995 1114 3078 praestare
1157 2981 1309 3078 ipse
1348 2979 1621 3067 debeO,
1653 3004 1876 3077 quam
1917 3006 1956 3051 a
1994 2995 2064 3053 te
2095 3006 2353 3078 exspe-

218 3102 419 3161 ctare.
483 3090 673 3177 Etsi,
726 3104 809 3163 ut
851 3115 1037 3188 saepe
1081 3090 1282 3162 soleo
1334 3115 1618 3162 mecum
1668 3089 2066 3177 recordari,
2110 3115 2352 3162 sermo

215 3194 578 3272 familiaris
613 3223 821 3271 meus
855 3214 1091 3272 tecum
1114 3256 1134 3288 ,
1175 3216 1248 3272 et
1284 3201 1456 3272 item
1484 3225 1772 3272 mecum
1806 3214 2016 3287 tuuS,
2046 3199 2348 3271 adduxit

214 3322 612 3408 utrumque
661 3324 992 3382 nostrum
1045 3309 1136 3383 ad
1188 3311 1258 3381 id
1298 3310 1720 3396 consilium,
1771 3324 1855 3381 ut
1906 3335 2054 3380 uno
2101 3310 2349 3408 praelio

277 3545 323 3576 ι.
347 3533 570 3595 Uterque
586 3542 822 3579 nostrum,
849 3533 1067 3595 Uterque
1089 3529 1236 3589 enim,
1326 3546 1353 3577 a
1381 3541 1429 3578 te
1455 3540 1761 3595 exspectare,
1789 3540 1844 3578 ut
1871 3543 1927 3577 en
1949 3527 2132 3576 scribas
2156 3530 2220 3577 ad
2247 3546 2350 3588 me,
2413 3513 2420 3521 ⁸

214 3608 333 3655 vieto
369 3610 429 3657 in
463 3611 711 3658 Pharsalia
736 3611 987 3675 Pompeio,
1005 3610 1067 3658 ab
1093 3611 1239 3658 armis
1324 3609 1506 3674 quibus
1540 3610 1594 3657 in
1640 3610 1878 3660 sententia
1920 3607 2194 3660 confirmer.
2238 3614 2346 3659 Hoc

214 3684 454 3748 discessit,
484 3706 659 3738 verum
692 3690 832 3755 prior
873 3691 1044 3740 cicero
1069 3707 1083 3740 :
1122 3706 1238 3756 pro·
1324 3688 1591 3755 preponit,
1610 3690 1723 3753 quia
1743 3688 1964 3736 dicturus
1982 3701 2112 3750 erat,
2132 3690 2270 3754 quod
2294 3691 2345 3737 in

212 3775 366 3826 Pure·
386 3767 674 3833 subjungit:
701 3772 859 3832 «Ejus
883 3772 1076 3819 consilii
1102 3774 1238 3837 prin·
1324 3779 1543 3818 extremo
1581 3770 1782 3832 posuit:
1828 3769 2023 3817 «Velim
2063 3771 2246 3819 scribas
2284 3770 2348 3816 ad

214 3859 321 3909 equ
345 3864 446 3911 ego
474 3849 622 3897 suine
648 3850 822 3898 videor
834 3871 875 3899 ι.
902 3852 1052 3899 Man.
1325 3869 1422 3917 me,
1439 3852 1561 3917 quid
1587 3851 1751 3898 videas
1768 3884 1783 3910 ,
1804 3851 1927 3915 quid
1951 3852 2350 3916 exspectandum,

273 3942 321 3973 ι.
352 3927 487 3986 Alii,
514 3946 682 3993 queem.
708 3932 758 3979 J.
769 3933 835 3978 V.
853 3933 910 3979 1..
1325 3932 1447 3996 qnid
1467 3929 1710 3996 agendum
1733 3929 1879 3978 nobis
1897 3930 2142 3978 existima
2154 3934 2350 3978 mnam:

280 4005 327 4052 3.
361 4006 476 4053 mas
497 4006 737 4071 sonasse.
772 4008 981 4058 Efficere
1014 4013 1119 4076 ipse
1153 4012 1239 4060 ‹le-
1327 4012 1455 4059 enim
1508 4009 1575 4058 ob
1628 4024 1828 4058 cautam
1869 4010 2116 4074 scripsisse
2161 3994 2351 4057 videtu}

211 4079 330 4141 beo,
373 4101 439 4133 ue
465 4096 512 4134 te
544 4088 782 4151 peniteat
801 4090 996 4138 consilii
1020 4092 1115 4148 tui,
1135 4107 1239 4138 non
1325 4090 1413 4137 has
1438 4090 1619 4139 litem.
1641 4092 1782 4139 Mu«.
