3023 4773
689 357 1253 427 LEONARDI
1311 358 1993 431 MALAESPINAE.
2270 358 2398 430 251

277 478 527 568 gravior
559 493 675 541 aut
705 477 1089 566 religiosior,
1124 500 1247 543 nec
1282 480 1438 543 civis
1472 479 1806 569 integrior,
1856 497 1971 545 aut
2018 481 2373 545 honestatis
2395 530 2413 561 ‚

276 585 737 673 temperantiae,
782 584 1080 666 justitioe,
1141 586 1650 673 constantioeque
1700 587 2101 652 retinentior.
2166 588 2408 653 Divum

276 707 443 754 certe
489 690 967 779 Augustinum,
1010 690 1390 756 Christianae
1433 692 1593 779 reip.
1641 692 1943 756 columen
1972 742 1990 770 ,
2038 694 2410 782 insignique

273 795 564 861 doctrina
597 813 663 860 et
692 796 929 885 pietate
963 796 1308 885 praeditum
1331 846 1348 879 ,
1388 821 1520 863 non
1561 796 1799 886 puduit
1829 798 2047 879 fateri,
2081 816 2147 863 et
2191 798 2408 863 litera-

271 927 417 967 mm
444 926 711 991 quoque
730 926 1082 968 monumen
1092 904 1170 969 tis
1196 921 1504 970 testatum
1532 906 1899 993 relinquere
1917 953 1934 986 ,
1968 927 2038 969 se
2067 905 2189 969 viri
2212 906 2408 987 hujus

269 1008 579 1092 lectione,
600 1009 919 1097 principio
941 1024 1229 1074 mentem
1264 1012 1567 1075 avertisse
1593 1034 1632 1075 a
1664 1010 1919 1074 mundo
1941 1059 1958 1092 ,
1990 1027 2055 1075 et
2087 1010 2170 1075 ad
2196 1013 2409 1076 Deum

268 1114 516 1203 erigere
544 1115 1009 1202 sustollereque
1034 1116 1319 1204 coepisse.
1349 1115 1477 1180 Sed
1504 1116 1666 1205 quid
1691 1116 1862 1205 ago?
1889 1116 2091 1200 Quasi
2115 1139 2251 1180 non
2273 1116 2412 1180 haec

268 1220 336 1283 in
363 1221 460 1284 eis
491 1220 733 1310 culpa‘ri
755 1221 1045 1304 soleant,
1077 1222 1192 1309 qui
1224 1222 1595 1310 posthabita
1638 1246 1792 1286 cura
1824 1222 2406 1287 sacratissimorum

267 1325 617 1407 librorum,
674 1325 747 1389 in
804 1325 906 1389 his
955 1342 1298 1390 versentur
1341 1327 1801 1392 tantummodo
1859 1344 1926 1391 et
1974 1327 2406 1414 acquiescant.

271 1430 471 1514 Quod
509 1431 813 1520 equidem
846 1455 968 1521 ego
1003 1456 1125 1520 pro
1157 1433 1302 1496 vitae
1339 1456 1497 1497 meae
1541 1434 1829 1514 ratione,
1874 1455 1958 1496 ne
1990 1433 2150 1497 mihi
2189 1450 2410 1520 posset

266 1538 496 1629 objici,
531 1539 726 1603 etiam
759 1556 955 1627 atque
987 1540 1182 1605 etiam
1213 1541 1369 1604 cavi.
1400 1540 1569 1604 Nam
1595 1562 1680 1604 ne
1708 1556 1852 1603 tum
1881 1538 2173 1627 quidem,
2204 1563 2409 1627 quum

268 1643 427 1708 huic
462 1644 580 1707 uni
623 1645 715 1708 rei
753 1644 1032 1709 maxime
1065 1644 1429 1728 studerem,
1465 1645 1639 1709 diem
1678 1661 1754 1709 ut
1791 1645 2186 1733 praeterirem
2226 1669 2412 1709 com-

268 1749 448 1830 misi,
483 1749 623 1813 sine
655 1750 824 1813 linea
854 1774 870 1814 :
905 1751 1065 1838 quin
1110 1750 1286 1815 idem
1324 1751 1487 1815 mihi
1523 1751 1658 1816 dies
1707 1750 1907 1815 finem
1953 1774 2138 1840 paene
2192 1751 2411 1817 attulit

267 1877 499 1918 eorum
527 1854 893 1921 studiorum
917 1906 937 1939 ,
971 1857 1086 1943 qui
1136 1872 1202 1921 et
1243 1856 1397 1921 viris
1432 1857 1557 1921 illis
1589 1857 1754 1921 vitae.
1797 1859 2027 1945 Itaque
2058 1857 2408 1937 jacuerunt

267 1961 408 2025 haec
449 1960 601 2025 dein
640 1961 711 2025 in
757 1962 1075 2045 tenebris,
1114 1978 1179 2026 et
1203 1962 1490 2043 jacerent
1523 1962 1738 2028 adhuc
1774 1963 2034 2051 (neque
2071 1962 2247 2026 enim
2286 1985 2410 2050 ego

267 2089 342 2130 ea
372 2066 661 2131 multum
683 2068 1061 2157 amabam),
1100 2069 1225 2133 nisi
1256 2070 1651 2150 amicorum,
1690 2091 1856 2156 quos
1893 2068 2262 2155 complures
2293 2068 2410 2131 ha-

246 2172 397 2237 .beo
439 2171 908 2239 eruditissimos
929 2223 948 2256 ,
999 2197 1136 2238 non
1171 2173 1371 2238 modo
1402 2174 1711 2251 vocibus,
1758 2173 1875 2238 sed
1920 2172 2411 2261 quodammodo

266 2279 463 2343 etiam
498 2280 837 2363 conviciis,
865 2281 933 2345 in
971 2296 1306 2369 aspectum
1337 2280 1686 2368 lucemque
1716 2295 1977 2345 evocata
2013 2280 2320 2362 fuissent,
2350 2297 2416 2345 et

267 2385 454 2474 quasi
483 2386 565 2450 ab
595 2386 772 2451 Orco
797 2386 1085 2458 excitata.
1112 2388 1262 2470 Qua
1286 2386 1352 2451 in
1390 2409 1460 2451 re
1480 2388 1506 2476 (
1526 2388 1864 2453 fatendum
1891 2404 1989 2451 est
2019 2385 2235 2475 enim)
2261 2388 2411 2475 plu-

267 2495 511 2558 rimum
562 2494 739 2585 apud
790 2520 895 2561 me
936 2496 1172 2577 valuit,
1217 2496 1451 2561 eximia
1494 2519 1610 2585 spe
1628 2546 1647 2579 ,
1701 2519 2104 2585 summaeque
2151 2497 2410 2561 virtutis

265 2599 641 2664 adolescens
678 2600 981 2665 Alfonsus
1026 2599 1364 2666 cardinalis
1398 2603 1657 2666 Carasa:
1699 2624 1896 2690 quem
1934 2624 2057 2692 ego
2091 2625 2297 2690 quum
2329 2601 2414 2666 ad

265 2709 515 2797 reliqua
565 2707 778 2773 studia
819 2710 1334 2799 praeclarissima,
1375 2727 1518 2774 tum
1569 2710 1653 2775 ad
1699 2710 1958 2776 dicendi
2007 2711 2276 2801 gloriam
2329 2709 2416 2772 ita

267 2811 614 2876 incitatum
644 2811 819 2895 vidi3
860 2813 946 2877 ita
979 2835 1251 2902 magnos
1288 2834 1672 2902 progressus
1698 2813 1831 2893 jam
1878 2812 2135 2893 fecisse,
2171 2826 2249 2874 ut
2277 2809 2414 2874 aliis

266 2911 624 3001 disciplinis
656 2915 903 2978 avitum
939 2937 1183 2978 nomen
1219 2930 1598 3002 aequaturus
1632 2935 1771 2976 esse
1808 2912 2121 2994 videatur,
2159 2909 2415 2975 dicendi

266 3017 462 3084 laude
496 3019 688 3083 etiam
715 3035 1160 3107 superaturus.
1199 3019 1283 3082 Et
1308 3042 1468 3108 sane
1491 3017 1668 3107 apud
1698 3040 1836 3099 me,
1884 3039 1962 3081 eo
1992 3017 2182 3082 etiam
2210 3015 2415 3104 pluris

266 3147 409 3190 esse
459 3124 632 3190 illius
672 3126 1023 3190 auctoritas
1064 3123 1328 3208 debuit,
1388 3125 1570 3213 quod
1626 3140 1763 3191 tota
1813 3123 1992 3187 natio
2047 3122 2416 3209 familiaque

266 3247 532 3314 nostra,
571 3232 638 3296 in
691 3232 829 3312 ejus
867 3231 994 3297 fide
1020 3231 1273 3318 jamdiu
1303 3232 1730 3321 clientelaque
1766 3231 1851 3296 sit
1884 3254 1900 3295 ε
1940 3246 2015 3294 ut
2053 3252 2175 3294 suo
2221 3228 2414 3292 etiam

259 3336 408 3416 jure
443 3328 973 3428 quodammodO,
1011 3354 1087 3401 ut
1115 3353 1434 3426 patronus
1469 3337 1786 3426 imperare
1821 3335 2129 3424 potuerit.
2170 3334 2224 3397 li
2256 3356 2413 3422 ergo

264 3459 569 3508 auctores
602 3443 761 3507 mihi
787 3445 1091 3523 fuerunt,
1128 3457 1203 3505 ut
1233 3441 1372 3506 haec
1396 3443 1841 3506 emitteremus
1867 3464 1884 3504 ε
1916 3440 2157 3528 quibus
2189 3439 2412 3503 haberi

264 3550 543 3639 gratiam
571 3551 907 3631 volumus,
945 3550 998 3613 si
1038 3549 1165 3612 hoc
1198 3546 1515 3612 industria
1543 3564 1765 3613 nostra
1800 3545 2128 3632 assequuti
2156 3567 2413 3627 sumus»,

266 3669 347 3717 ut
399 3677 478 3718 ex
529 3670 712 3742 parte
765 3655 1010 3742 aliqua,
1049 3652 1263 3717 studia
1297 3652 1660 3733 juventutis
1700 3651 2097 3732 juver-imus,
2152 3650 2251 3713 sin
2292 3651 2414 3714 mi-

268 3782 431 3842 nus,
495 3761 747 3850 ignosci
801 3776 1017 3826 tamen
1077 3758 1364 3824 facilitati
1411 3780 1604 3839 meae,
1653 3757 1768 3844 qui
1823 3753 2043 3819 officio
2089 3756 2411 3838 monitus,

265 3866 531 3931 illorum
581 3867 856 3955 obsequi
901 3866 1217 3931 voluntati
1269 3866 1605 3930 maluerim
1631 3913 1648 3946 ‚
1709 3885 1907 3950 quam
1957 3862 2414 3928 existimationi

270 3994 451 4037 meae.
496 3973 607 4037 Me
642 3989 857 4037 tamen
894 3995 993 4037 res
1032 3996 1159 4036 una
1194 3972 1301 4036 illa
1336 3971 1735 4051 consolatur,
1771 3967 1952 4057 quod
1990 3969 2211 4034 multis
2247 3991 2414 4057 saepe

265 4080 673 4166 argumentis
722 4078 946 4160 didici,
1005 4079 1208 4166 patria
1257 4082 1324 4141 in
1367 4078 1465 4140 his
1520 4092 1849 4141 momenta
1904 4092 1970 4139 et
2023 4075 2412 4162 integritatis
2473 4061 2484 4073 ⁶
