3023 4773
621 467 752 553 ιω
1252 467 1348 535 Μ.
1402 465 1478 531 Τ.
1535 466 2094 537 CICERONIS

608 643 1525 675 mmm-“mmmm

1802 654 2083 674 mm

2368 656 2735 678 mm

1233 818 1844 900 EPISTOLA
1915 820 2112 898 XII.

601 982 939 1040 Gratulatur
965 979 1166 1039 Paullo
1193 978 1270 1037 de
1297 979 1633 1051 consulatu,
1677 991 1737 1037 et
1766 999 1842 1037 ne
1881 978 1995 1038 sibi
2023 977 2328 1058 provincia
2355 993 2734 1058 prorogetur,

680 1092 744 1137 ut
787 1097 1029 1157 operam
1069 1076 1197 1149 det,
1252 1090 1435 1158 rogat.
1483 1075 1607 1157 (Ex
1648 1078 1851 1137 castris
1893 1078 1970 1135 ad
2010 1076 2282 1155 Cybistra
2321 1078 2736 1156 Cappadociae,

679 1196 832 1234 anno
869 1180 944 1235 U.
972 1177 1037 1236 C.
1072 1193 1219 1247 702,
1267 1194 1467 1264 mense
1491 1173 1854 1253 septembri.)

591 1351 682 1416 M.
708 1353 781 1414 T.
830 1350 903 1414 C.
941 1348 1257 1413 ΙΜΡΕῙί.ι
1292 1350 1363 1447 L.
1403 1348 1780 1414 PAULLO²
1827 1348 2002 1414 COS.
2041 1348 2380 1417 DESIGN.
2423 1350 2488 1415 S.
2541 1351 2610 1416 P.
2646 1349 2730 1416 D.

683 1495 846 1563 Ers1
881 1490 1061 1563 mihi
1098 1515 1502 1589 numquam
1540 1489 1679 1561 fuit
1706 1489 2016 1562 dubium
2039 1545 2058 1575 ‚
2084 1495 2268 1589 quin
2305 1507 2377 1565 te
2412 1490 2734 1590 populus

588 1625 968 1688 romaum,
1011 1625 1147 1698 pro
1190 1603 1332 1672 tuis
1376 1602 1678 1672 summis
1729 1601 1809 1670 in
1852 1599 2377 1698 rempublicam
2418 1605 2733 1691 meritis,

592 1728 665 1783 et
697 1737 832 1811 pro
871 1711 1303 1809 amplissima
1339 1707 1665 1781 familiae-'³
1704 1708 2091 1806 dignitate,
2129 1735 2415 1783 summo
2451 1712 2731 1801 studio,

588 1822 871 1895 cunctis
909 1819 1268 1918 suffragiis
1305 1820 1682 1891 consulem
1713 1818 2037 1892 facturus
2067 1836 2254 1893 esset
2287 1850 2302 1892 :
2342 1835 2582 1895 tamen
2622 1826 2731 1895 in-

588 1932 917 2004 credibili
949 1931 1185 2001 laetitia
1213 1954 1374 2002 sum
1395 1927 1694 2001 affectus
1716 1983 1736 2015 ,
1761 1953 1989 2026 quum
2013 1929 2089 2000 id
2114 1930 2293 2000 mihi
2315 1932 2734 2004 nuntiatum

587 2058 727 2131 est3
763 2066 1080 2138 eumque
1110 2039 1469 2111 honorem
1502 2038 1636 2111 tibi
1678 2038 1854 2109 deos
1885 2035 2260 2111 fortunare
2294 2039 2494 2127 vo10‚
2541 2066 2583 2112 a
2624 2056 2733 2113 te-

587 2176 733 2249 que
755 2176 838 2222 ex
863 2164 1008 2237 tua,
1025 2150 1527 2246 majorumque
1542 2164 1835 2219 tuorum
1854 2146 2201 2245 dignitate
2221 2149 2729 2225 administrari.

587 2267 827 2359 Atque
852 2263 1131 2332 utinam
1162 2284 1474 2358 praesens
1495 2258 1702 2330 illum
1733 2257 1921 2330 diem
1941 2261 1972 2309 4
2002 2257 2180 2331 mihi
2200 2262 2733 2359 optatissimum

587 2372 833 2445 videre
884 2375 1280 2471 potuissem
1307 2426 1327 2459 ‚
1374 2394 1657 2468 proque
1703 2372 1850 2442 tuis
1902 2370 2358 2470 amplissimis
2399 2399 2570 2473 erga
2609 2400 2732 2448 me

588 2481 842 2554 studiis
859 2494 1077 2580 atque
1102 2480 1473 2554 beneficiis
1502 2480 1635 2552 tibi
1660 2505 1958 2580 operam
1991 2507 2228 2554 meam
2255 2482 2731 2584 studiumque

588 2588 934 2663 navare⁵l
978 2594 1215 2683 Quam
1253 2591 1431 2661 mihi
1467 2588 1878 2664 facultatem
1909 2590 2189 2690 quum⁶
2231 2592 2351 2665 hic
2392 2621 2530 2667 nec
2564 2598 2729 2694 opi-

586 2716 800 2773 natus
838 2715 912 2773 et
941 2704 1373 2800 improvisus
1410 2706 1801 2801 provinciae
1845 2727 2049 2775 casus
2087 2707 2353 2803 eripuit
2385 2735 2401 2778 :
2441 2721 2681 2780 tamen
2707 2764 2729 2796 ‚

590 2827 675 2883 ut
719 2825 791 2884 te
835 2812 1250 2900 consulem,
1292 2811 1819 2911 rempublicam
1863 2836 2001 2909 pro
2040 2828 2165 2884 tua
2201 2812 2547 2910 dignitate
2597 2842 2725 2914 ge-

593 2936 877 2992 rentem
897 2976 917 3009 ,
940 2921 1184 2994 videre
1216 2924 1520 3021 possim,
1552 2946 1993 3020 magnopere
2019 2948 2060 2994 a
2089 2938 2158 2995 te
2184 2939 2356 3021 peto
2380 2978 2400 3012 ‚
2436 2939 2518 2996 ut
2549 2951 2727 3025 ope-

594 3056 751 3102 ram
787 3030 948 3120 des,
983 3030 1397 3130 efficiasque
1419 3087 1438 3121 ,
1475 3056 1569 3103 ne
1602 3031 1783 3130 quid
1815 3030 1993 3102 mihi
2030 3030 2157 3105 fiat
2197 3036 2509 3130 injurias,
2545 3061 2732 3110 neve

595 3141 774 3238 quid
797 3142 1147 3239 temporis
1173 3141 1263 3212 ad
1289 3166 1536 3213 meum
1551 3165 1878 3213 annuum
1898 3167 2162 3215 munus
2178 3144 2489 3216 accedat.
2506 3147 2730 3234 Quod

598 3254 657 3321 si
684 3250 968 3339 feceris,
1012 3274 1316 3347 magnus
1348 3249 1436 3322 ad
1482 3264 1606 3321 tua
1646 3254 1948 3349 pristina
1978 3277 2142 3351 erga
2176 3278 2293 3327 me
2329 3253 2562 3327 studia
2595 3281 2728 3329 cu-

597 3362 841 3433 mulus
883 3360 1191 3433 accedet.

672 3568 854 3631 nlmp.
872 3565 1463 3616 Scb.edid.P2·ocos.Nam
1481 3566 1609 3615 hane
1698 3567 2024 3633 opprimendo
2073 3569 2356 3631 adjuverat,
2397 3580 2520 3618 teste
2562 3570 2731 3620 Sauu-

595 3645 733 3709 epist.
760 3646 932 3694 eodem
959 3657 1179 3715 tempore
1205 3661 1305 3710 quo
1326 3662 1438 3711 sup.
1468 3663 1548 3711 ep.
1578 3664 1604 3707 7
1702 3647 1815 3695 stio.
1846 3649 1940 3696 En.
2556 3642 2565 3655 ’

592 3726 820 3788 scriptam
869 3742 971 3774 esse
1014 3726 1318 3774 manifestum
1362 3736 1466 3784 est,
1505 3742 1608 3790 qno
1769 3727 1820 3775 3.
1847 3725 2088 3774 Familiae.
2108 3726 2303 3774 AEmilin
2328 3742 2469 3789 gens,
2494 3729 2728 3792 patricia.

593 3815 810 3868 tempore
830 3805 1003 3853 Cicero
1025 3806 1246 3854 nondum
1269 3816 1371 3853 erat
1392 3806 1606 3869 impera-
1768 3812 1818 3861 4.
1853 3806 2002 3853 Illum
2025 3805 2169 3855 diem.
2195 3807 2543 3855 comitiorum.

589 3894 667 3930 tor
691 3881 975 3946 appell-tus.
1003 3886 1096 3932 En.
1765 3884 1813 3930 5.
1835 3883 2048 3932 Navem.
2065 3887 2123 3932 In
2152 3886 2390 3949 petitione
2419 3886 2731 3938 consulatus.

658 3978 711 4009 α.
735 3960 927 4008 Paullo.
958 3962 1006 4008 1⁸
1038 3973 1139 4010 erat
1165 3980 1192 4011 e
1221 3962 1371 4011 domo
1396 3962 1601 4027 patricia
1763 3963 1813 4010 6.
1830 3962 2030 4011 Rectius
2065 3965 2327 4028 quoniam,
2358 3975 2414 4013 nt
2446 3964 2598 4015 habet
2621 3968 2732 4016 Pal.

584 4040 905 4090 AEmiliorum.
958 4040 1241 4090 Ciceronem
1293 4043 1346 4090 in
1391 4042 1601 4091 Catilina
1688 4051 1812 4088 sext.
1838 4042 1966 4091 J.v.
1991 4046 2044 4091 L.
