3023 4773
597 409 694 493 44
1235 411 1332 477 Μ.
1378 410 1455 478 Τ.
1507 408 2092 493 CICERONIS

559 563 566 570 ·
592 530 786 601 tonis
811 542 1075 627 praesto
1101 525 1238 599 fuit
1255 583 1275 616 ,
1299 544 1374 602 et
1398 532 1678 628 patuit⁴
1706 545 1780 601 et
1797 526 2251 629 temporibus
2276 582 2296 618 ,
2320 542 2393 600 et
2419 527 2730 602 fortuna:

597 662 795 709 meae.
846 637 1077 733 Hujus
1114 639 1573 736 propinquus
1605 636 1746 709 fuit
1775 640 1854 708 Τ.
1902 638 2290 709 Antistius:
2337 641 2465 737 qui
2501 664 2733 737 quum

596 760 794 820 sorte
838 761 1154 845 quaestor
1192 748 1692 821 Macedoniam
1728 746 2134 840 obtineret,
2177 774 2420 848 neque
2460 753 2525 821 ei
2564 775 2732 822 suc-

597 882 879 930 cessum
904 871 1123 945 esset,
1148 862 1535 957 Pompeius
1565 862 1640 930 in
1672 882 1830 930 eam
1869 859 2313 956 provinciam
2344 883 2512 929 cum
2538 884 2738 931 exer·

599 969 751 1037 citu
785 972 1006 1039 venit.
1046 974 1306 1040 Facere
1339 970 1691 1041 Antistius
1728 967 1910 1039 nihil
1947 970 2210 1067 potuit.
2248 972 2471 1054 Nam,
2503 972 2562 1039 si
2599 993 2737 1067 po-

596 1079 873 1167 tuisset,
902 1078 1082 1149 nibil
1109 1080 1175 1151 ei
1198 1078 1448 1152 luisset
1472 1081 1865 1178 antiquiuS‚
1897 1102 2116 1176 quam
2141 1077 2232 1148 ad
2258 1079 2689 1176 Capitonem
2715 1132 2740 1164 ,

599 1214 824 1286 quem
849 1204 933 1261 ut
960 1204 1334 1287 parentem
1355 1189 1736 1287 diligebat,
1754 1190 2019 1261 reverti
2046 1216 2060 1259 ε
2082 1186 2479 1287 praesertim
2504 1214 2742 1286 quum

599 1300 814 1370 sciret
835 1353 855 1382 ,
892 1300 1146 1397 quanti
1172 1301 1231 1371 is
1265 1304 1613 1383 Caesarem
1642 1299 1944 1387 faceret,
1969 1324 2401 1398 semperque
2430 1298 2743 1371 fecisset.

602 1406 745 1480 Sed
782 1432 1214 1507 oppressus,
1259 1424 1543 1482 tantum
1588 1412 1822 1509 attigit
1866 1411 2171 1508 negotii,
2216 1424 2570 1507 quantum
2624 1434 2745 1480 re·—

602 1542 851 1590 cusare
879 1544 1031 1590 non
1062 1522 1324 1617 potuit.
1346 1524 1595 1613 Quum
1628 1518 2075 1619 signaretur⁵
2121 1534 2497 1617 argentum
2527 1520 2754 1618 Apol-

603 1628 850 1716 lonias,
908 1656 1060 1701 non
1118 1656 1412 1728 possum
1469 1633 1742 1716 dicere,
1805 1655 1971 1704 eum
2028 1629 2389 1729 praefuisse
2415 1685 2435 1719 ,
2504 1654 2754 1727 neque

603 1763 903 1838 possum
941 1766 1201 1839 negare
1243 1741 1572 1831 affuisse3
1611 1741 1735 1813 sed
1767 1767 1920 1813 non
1958 1741 2122 1840 plus
2156 1738 2445 1812 duobus
2484 1764 2575 1811 an
2610 1742 2748 1810 tri-

602 1848 743 1920 bus
780 1848 1169 1921 mensibus
1226 1851 1506 1923 Deinde
1562 1849 1792 1923 abfuit
1847 1875 1889 1921 a
1944 1846 2189 1922 castris
2230 1878 2245 1922 ε
2301 1847 2481 1948 fugit
2526 1874 2754 1920 omne

606 1963 1001 2056 negotium.
1031 1967 1187 2033 Hoc
1215 1961 1391 2031 mihi
1422 1976 1503 2033 ut
1532 1964 1695 2034 testi
1727 1961 1941 2033 velim
1974 1961 2246 2033 credas.
2286 1964 2524 2033 Meam
2550 1961 2751 2032 enim

606 2068 730 2140 ille
774 2072 1188 2142 moestitiam
1233 2073 1309 2142 in
1358 2072 1484 2143 illo
1527 2071 1722 2145 bello
1779 2071 2117 2161 videbat,
2162 2096 2449 2144 mecum
2499 2073 2756 2142 omnia

608 2181 1214 2253 communicabat.
1264 2187 1523 2280 Itaque
1561 2183 1838 2255 abdidit
1882 2209 1958 2255 se
2011 2184 2088 2253 in
2133 2183 2463 2254 intimam
2507 2185 2756 2252 Mac’e-

610 2286 948 2379 doniam,
985 2316 1136 2389 quo
1182 2294 1424 2390 potuit
1470 2292 1886 2392 longissime
1921 2319 1962 2365 a
1999 2295 2284 2383 castris,
2332 2318 2481 2364 non
2525 2290 2760 2361 modo

609 2413 695 2470 ut
723 2426 874 2471 non
902 2418 1239 2500 praeesset
1258 2402 1384 2473 ulli
1412 2405 1731 2500 negotio,
1753 2403 1875 2475 sed
1904 2405 2116 2475 etiam
2142 2418 2227 2474 ut
2250 2429 2344 2475 ne
2372 2405 2765 2473 interesset

611 2508 928 2608 quidem.
958 2517 1029 2584 Is
1053 2527 1218 2611 post
1247 2513 1573 2611 praelium
1611 2539 1687 2586 se
1714 2513 1807 2585 ad
1831 2514 2207 2586 hominem
2236 2512 2765 2599 necessarium,

607 2623 694 2690 A.
730 2619 1131 2716 Plautium,
1170 2623 1247 2702 in
1298 2622 1702 2720 Bithyniam
1750 2624 2080 2696 contulit.
2141 2622 2251 2695 Ibi
2302 2647 2472 2693 eum
2515 2625 2772 2693 Coesar

614 2755 846 2828 quum
872 2729 1196 2820 vidisset,
1216 2732 1395 2804 nihil
1416 2758 1670 2832 aspere
1687 2788 1706 2822 ‚
1737 2734 1912 2805 nihil
1940 2732 2198 2806 acerbe
2229 2731 2426 2804 dixit.
2451 2736 2768 2803 Romam

611 2841 822 2937 jussit
849 2845 1115 2914 venire.
1139 2843 1270 2915 Ille
1291 2844 1367 2914 in
1394 2843 1739 2915 morbum
1774 2846 2126 2916 continuo
2159 2841 2412 2914 incidit
2440 2869 2456 2911 ε
2488 2837 2574 2911 ex
2601 2864 2773 2936 quo

618 2975 773 3022 non
802 2953 1190 3023 convaluit.
1224 2958 1434 3050 AEger
1462 2956 1850 3050 Corcyram
1880 2951 2239 3041 venit3ibi
2265 2966 2371 3023 est
2395 2964 2768 3022 mortuus.

621 3065 1104 3151 Testamento‚
1123 3063 1327 3161 quod
1351 3069 1597 3134 Romae
1619 3064 1865 3135 Paullo
1888 3077 1958 3134 et
1973 3061 2311 3134 Marcello
2335 3057 2778 3132 consulibus

623 3169 930 3262 fecerat,
973 3174 1184 3246 heres
1214 3200 1301 3245 ex
1343 3188 1545 3270 parte
1580 3173 1877 3246 dimidia
1907 3189 1980 3244 et
2019 3168 2273 3244 tertia⁶
2311 3185 2418 3242 est
2461 3170 2729 3267 Capito
2754 3202 2776 3244 :

694 3347 743 3396 4.
767 3339 1014 3388 Benediot.
1029 3338 1380 3403 preferendam
1404 3337 1548 3386 duxit
1572 3338 1643 3386 le·
1731 3347 1852 3396 tem,
1875 3336 2181 3394 dextantem,
2206 3334 2460 3383 deuncem.
2479 3333 2594 3381 Pars
2611 3331 2787 3395 igitur

624 3419 836 3467 ctione'm
884 3419 1209 3484 plurimorum
1254 3413 1407 3465 codd.
1441 3418 1639 3481 paruit.
1729 3417 2016 3467 hereditatis
2054 3415 2259 3464 dimidia
2304 3425 2353 3461 et
2398 3412 2537 3460 tertie
2559 3446 2574 3471 ,
2616 3413 2658 3458 si
2704 3412 2786 3461 nb

622 3496 804 3547 Schiitz
853 3500 1050 3563 recepit.
1097 3496 1295 3546 Nollem
1342 3496 1544 3545 factum.
1590 3499 1640 3547 J.
1731 3498 1850 3545 assis
1884 3495 2103 3561 pertibus
2134 3505 2369 3552 vocetur,
2403 3492 2497 3540 erit
2529 3491 2672 3538 semis
2724 3504 2787 3543 et

622 3580 688 3625 V.
715 3579 772 3624 1..
1733 3576 1882 3624 trien·
1899 3609 1916 3635 ‚
1936 3575 2044 3633 vel,
2079 3574 2230 3622 unico
2250 3571 2491 3619 vocabulo
2505 3605 2519 3628 ,
2542 3570 2788 3620 dextans.

695 3656 744 3703 5.
773 3656 929 3717 Quum
950 3655 1238 3719 iignmtur.
1252 3655 1473 3719 Pompeii
1490 3654 1642 3715 jussu.
1734 3657 2040 3717 Quamquam
2066 3668 2225 3716 neque
2253 3652 2562 3707 dextantem,
2603 3664 2788 3710 neque

694 3736 745 3786 6.
770 3736 854 3782 Es:
863 3745 1012 3797 parte
1032 3735 1237 3783 dimidia
1261 3747 1310 3784 ee
1330 3734 1491 3784 cer-eia.
1517 3734 1643 3781 Tota
1734 3734 1991 3795 deuncem,
2011 3749 2171 3797 neque
2189 3733 2538 3795 quincuncem,
2565 3738 2788 3791 septun-

620 3815 866 3866 het-edim
890 3815 1086 3862 nomine
1107 3819 1225 3864 usis
1243 3828 1460 3875 vocatur,
1485 3825 1647 3880 partes
1734 3830 1857 3872 cem,
1885 3812 2095 3870 bessem,
2116 3826 2211 3874 pro
2233 3809 2459 3874 partibus
2483 3804 2793 3858 hereditatis

621 3907 781 3954 antem
828 3893 1110 3942 hereditatis
1160 3911 1188 3943 ι
1241 3897 1463 3960 pertibus
1509 3895 1644 3943 assis.
1733 3892 1962 3956 usurpari
1995 3908 2026 3939 ι
2057 3889 2302 3938 veteribus
2330 3888 2511 3945 vide03
2548 3883 2635 3933 sed
2661 3896 2800 3936 tun-

620 3974 874 4024 Dividitur
899 3974 952 4020 in
974 3974 1195 4034 unciam,
1216 3987 1510 4038 sextantem,
1532 3991 1646 4038 qua·
1738 3982 1842 4019 tum
1882 3969 2015 4028 hec,
2057 3970 2279 4026 unciam,
2317 3976 2614 4021 sextantem,
2649 3981 2796 4028 quu-

625 4054 844 4105 drautem
856 4092 871 4118 ,
892 4055 1113 4104 trientem
1129 4092 1145 4118 ‚
1177 4057 1503 4119 quincuncem
1520 4092 1536 4117 ,
1572 4073 1648 4104 se·
1736 4052 1982 4110 drantem,
2002 4050 2254 4107 trientem,
2274 4048 2537 4102 semissem,
2558 4044 2800 4097 dodran-

620 4135 811 4184 missem
827 4169 845 4197 ‚
875 4147 1155 4201 septuncem
1166 4170 1181 4194 ,
1199 4136 1387 4185 bessem
1398 4170 1417 4197 ‚
1430 4135 1645 4186 dodran·
1734 4144 1848 4193 tem,
1865 4147 2037 4180 auem.
2061 4131 2200 4180 Max.
