3023 4773
547 402 1089 477 EPISTOLAE
1141 400 1273 472 AD
1325 403 1833 491 ΑΤΤΙΟΠΜ,
1884 407 1949 491 1,
2013 408 2115 477 ιθ.
2178 493 2181 497 .
2260 406 2385 478 321

275 555 455 625 que,
492 530 767 625 inquit,
794 527 991 596 hunc
1019 551 1261 622 regem
1288 524 1650 598 feremus?
1681 522 2029 625 Regem⁵⁵
2058 534 2400 630 appellas,

275 641 567 734 inquam
591 685 611 724 ,
646 661 876 734 quum
920 640 1074 706 Rex
1091 632 1156 679 ⁵⁶
1196 637 1300 706 tui
1341 638 1786 707 mentionem
1827 640 2095 710 nullam
2132 642 2402 716 fecerit.

276 747 449 842 (Ille
500 762 742 818 autem
791 747 1005 843 Regis
1056 745 1528 816 hereditatem
1584 771 1711 845 spe
1768 747 2214 847 devorarat.)
2254 760 2405 825 Do—

275 876 503 945 mum,
533 860 813 954 inquit,
851 859 1082 927 emisti
1106 854 1200 920 ⁵⁷-
1235 861 1453 927 Putes
1469 853 1557 945 ⁵⁸,
1596 859 1928 954 inquam,
1975 860 2253 946 dicere,
2285 865 2402 956 ju-

276 967 470 1038 dices
521 969 775 1038 emisti.
831 969 1148 1052 Juranti,
1202 970 1479 1062 inquit,
1538 966 1670 1036 tibi
1720 992 1871 1037 non
1923 967 2402 1041 crediderunt.

276 1076 454 1146 Mihi
498 1101 701 1162 vero,
741 1076 1042 1171 inquam
1068 1130 1086 1161 ,
1129 1101 1269 1144 xxv
1309 1074 1589 1168 judices
1640 1076 2108 1147 crediderunt
2146 1107 2161 1148 ε
2206 1105 2409 1162 xxx1,

278 1189 624 1283 quoniam
651 1210 988 1255 nummos
1015 1199 1183 1255 ante
1213 1201 1649 1281 acceperunt
1667 1240 1685 1271 ,
1714 1186 1846 1256 tibi
1873 1185 2051 1256 nihil
2091 1188 2406 1260 credide-

278 1300 766 1393 runt.Magnis
786 1294 1232 1366 clamoribus·
1256 1292 1562 1365 afflictus
1591 1298 1937 1367 conticuit
1969 1311 2042 1367 et
2076 1298 2407 1369 concidit.

374 1410 634 1478 Noster
685 1420 927 1476 autem
985 1420 1211 1476 status
1266 1421 1375 1476 est
1425 1404 1563 1474 hic.
1626 1405 1837 1503 Apud
1903 1405 2140 1477 bonos
2196 1408 2411 1479 iidem

280 1541 564 1601 sumuS,
597 1541 784 1613 quos
811 1516 1162 1613 reliquisti
1184 1543 1202 1602 ;
1225 1515 1420 1612 apud
1458 1516 1744 1587 sordem
1778 1515 2027 1603 Urbis,
2064 1531 2137 1589 et
2167 1517 2409 1590 faecem

283 1755 411 1797 κως
437 1739 521 1803 qui
562 1738 680 1805 πρὸς
718 1736 783 1786 τὰ
825 1733 1090 1805 ἀφροδίσια
1126 1754 1305 1801 aquam
1392 1739 1511 1786 Maii
1545 1739 1599 1785 in
1638 1751 1766 1787 orat.
1810 1736 1861 1786 in
1893 1738 2123 1787 Clodium
2157 1751 2205 1787 et
2252 1743 2419 1790 Curio-

282 1819 598 1868 adhibebant.
612 1820 779 1865 Testes
804 1817 950 1878 hujus
974 1818 1129 1865 moris
1149 1828 1309 1881 poetae
1391 1834 1519 1876 nem,
1541 1818 1693 1866 modo
1712 1820 1867 1868 Curio
1881 1818 2209 1867 substituatur
2225 1820 2415 1871 Crasso.

283 1899 494 1963 passim,
539 1908 588 1944 et
627 1897 803 1944 Cicero
844 1896 949 1959 ipse
986 1912 1077 1958 pro
1110 1891 1307 1943 coelio:
1395 1897 1526 1942 nino
1570 1897 1697 1943 enim
1743 1908 1936 1945 constat
1990 1898 2251 1946 Curionem
2270 1933 2284 1957 ,
2333 1901 2419 1962 qui

286 2001 309 2022 ιι
333 1979 519 2026 Ideone
547 1973 691 2039 (ait)
724 1988 898 2036 aquam
929 1974 1141 2031 adduxi,
1176 1984 1232 2019 ut
1257 1984 1313 2020 tu
1396 1985 1633 2037 patronus
1678 1976 1841 2025 Clodii
1883 1992 1910 2025 a
1956 1978 2193 2026 Cicerone
2239 1978 2419 2027 dicitur

283 2075 355 2107 ea·
397 2057 583 2103 inceste
630 2051 872 2100 utereris?
889 2072 916 2092 »
959 2052 1091 2099 Hinc
1135 2051 1317 2114 pendet

274 2139 431 2199 jocus
453 2129 709 2181 Ciceronis
723 2165 739 2188 ‚
762 2141 810 2178 et
835 2131 888 2177 in
909 2129 1003 2177 hac
1029 2146 1149 2177 voce
1164 2166 1179 2191 ,
1198 2130 1317 2177 etin

282 2210 516 2276 sequenti
538 2223 551 2258 ε
576 2232 601 2251 ιι
619 2209 764 2257 Nosti
783 2209 991 2257 marinas
1009 2231 1051 2256 n.
1071 2210 1233 2271 Atque
1256 2223 1319 2254 ex

282 2294 380 2341 hac
407 2289 576 2339 eadem
603 2289 959 2338 cousuetudine
982 2287 1209 2336 illustrari
1235 2288 1317 2336 de·

286 2371 373 2419 bet
398 2369 541 2418 locus
567 2368 819 2419 Ciceronis
844 2368 899 2416 iu
925 2378 1046 2416 orat.
1081 2384 1174 2433 pro
1205 2367 1319 2417 Mu-

288 2465 403 2498 rena
417 2483 432 2507 ‚
458 2449 545 2496 ubi
565 2458 734 2496 orator
759 2450 1052 2496 mentionem
1075 2448 1191 2495 facit
1209 2463 1320 2512 pro-

289 2530 464 2577 vinciae
473 2530 550 2589 cuj
556 2526 884 2590 usdam‚quam
895 2544 1044 2591 quum
1055 2539 1322 2591 quaestores

295 2609 588 2656 sortirentur
609 2642 624 2664 ‚
660 2607 944 2655 acclamatio
982 2606 1089 2654 fleri
1123 2607 1317 2654 soleret.

295 2686 532 2750 Intelligit
547 2686 874 2751 provinciam,
884 2697 994 2750 quae
1017 2697 1066 2733 et
1084 2686 1321 2734 Ostiensis

298 2777 346 2813 et
385 2766 601 2829 Aquaria
652 2764 906 2813 dicebatur
949 2780 963 2813 ε
1007 2781 1114 2828 quae
1155 2766 1196 2812 si
1241 2765 1321 2812 cui

300 2843 467 2908 paullo
492 2842 726 2892 deditiori
759 2843 1095 2908 voluptatibus
1121 2843 1323 2907 obtigis-

301 2933 396 2980 set,
425 2922 650 2970 solebant
673 2924 884 2970 Romani
903 2921 1060 2983 jocari
1081 2956 1096 2981 ,
1123 2922 1321 2971 allusio·

300 3018 507 3066 nemque
548 3003 703 3050 facere
749 3001 815 3048 ad
858 3001 992 3049 hunc
1037 3001 1320 3049 obscoenum

301 3097 438 3145 aqua
472 3097 632 3129 usum.
669 3080 816 3130 Unde
850 3080 1085 3136 Carinus,
1116 3081 1321 3144 Vopisc.

302 3176 345 3208 c.
372 3176 430 3221 ¹7
449 3197 466 3221 ,
498 3175 676 3224 aquam
711 3158 917 3206 calidam
955 3169 1101 3205 vocat
1139 3176 1322 3222 aquam

302 3239 578 3288 muliebrem
592 3257 611 3296 ‚·
653 3254 717 3286 ex
758 3251 859 3302 quo
901 3237 1043 3284 etiam
1071 3238 1327 3300 Aquarioli

303 3329 418 3366 suut
440 3318 562 3366 dicti
586 3319 726 3381 puen'
759 3317 813 3364 iu
845 3316 1163 3382 lupanaribus
1187 3319 1328 3364 mini-

304 3407 526 3454 strantes,
547 3407 669 3444 teste
691 3397 850 3444 Festo.
871 3394 1104 3444 Eamdem
1125 3396 1329 3459 provin-

305 3477 429 3523 ciam
455 3490 608 3539 porro
635 3485 685 3522 et
706 3474 981 3522 Ostiensem
1001 3473 1146 3521 fuisse
1164 3474 1332 3538 appel-

304 3555 479 3612 latam,
495 3566 546 3602 et
558 3554 850 3617 Aquas-iam,
888 3553 1102 3601 declarat
1131 3553 1331 3602 collatio

305 3632 532 3681 locorum
558 3632 794 3692 duorum,
819 3633 952 3680 illius
993 3634 1044 3679 in
1072 3643 1196 3681 orat.
1239 3649 1332 3695 pro

306 3712 538 3768 Murena,
566 3722 616 3759 et
639 3710 786 3773 hujus
825 3714 875 3760 in
912 3713 1181 3761 Vatinium.
1218 3713 1330 3761 cn.

307 3817 379 3827 —-
430 3790 655 3839 Tunseall
671 3826 687 3851 ,
725 3793 870 3856 epist.
916 3791 979 3838 ad
1028 3791 1303 3839 Middleeon
1318 3826 1332 3850 ,

306 3887 419 3935 pag.
449 3873 514 3920 32
531 3906 546 3928 ,
577 3871 718 3918 aliam
745 3872 1193 3936 interpretationem
1216 3886 1332 3935 pro-

312 3951 405 3997 fert
421 3966 434 3999 :
452 3967 521 3999 sc.
538 3950 671 3997 hunc
691 3960 946 4012 patronum
972 3966 1074 3998 esse
1097 3953 1168 3999 M.
1190 3947 1335 3998 Cras-

311 4045 437 4089 sum,
463 4030 551 4093 qni
572 4029 700 4077 Baiis
727 4029 890 4076 villam
912 4030 1184 4077 Marianam
1203 4045 1332 4076 eme·

314 4123 404 4157 rat.
443 4109 536 4157 Cui
573 4109 703 4155 favet
746 4109 1124 4155 commentarius
1160 4108 1336 4170 Angeli

510 4200 601 4264 Il.
659 4212 752 4257 Cic.
781 4226 895 4271 pars
918 4219 1093 4272 quarta.

1399 2073 1424 2091 «-
1459 2051 1598 2099 illum
1644 2064 1903 2116 patronum
1954 2056 2186 2104 libidinis
2218 2074 2317 2105 suae
2362 2081 2418 2115 v»,

1400 2129 1452 2175 in
1505 2130 1766 2195 Campania
1831 2132 2070 2197 praedium
2142 2139 2417 2186 Marianum

1401 2209 1617 2257 emisse:
1654 2231 1678 2250 κ
1697 2212 1771 2257 De
1816 2213 2172 2276 proscriptione
2226 2218 2419 2265 Suuana

1403 2286 1610 2334 fundum
1664 2300 1845 2336 emerat
1895 2290 1948 2337 in
2000 2293 2291 2359 Campania,
2336 2298 2420 2361 qui

1402 2361 1551 2415 Marii
1584 2377 1741 2433 nuper
1767 2369 1921 2418 suerat
1950 2375 1999 2419 et'
2025 2370 2177 2437 ipsius
2212 2378 2423 2441 Arpina·

1403 2446 1466 2492 tis
1508 2468 1549 2492 ι.
1598 2448 1741 2495 Unde
1781 2452 1981 2511 conjicit
2021 2453 2158 2503 LV.
2201 2456 2257 2505 L.
2296 2457 2423 2503 sorte

1403 2524 1661 2588 legendum
1687 2528 1814 2575 nosti
1833 2529 1957 2576 enim
1980 2532 2237 2581 Marianas
2251 2567 2266 2589 ‚
2290 2535 2424 2597 quod

1405 2608 1522 2652 satis
1565 2606 1818 2669 probabile
1860 2609 2071 2658 videtur.
2112 2614 2202 2660 En.
2230 2638 2295 2646 —
2330 2616 2424 2660 Pro

1406 2683 1671 2747 Arpinates
1695 2685 1885 2735 Ernest.
1899 2689 2148 2752 Arpinatis
2169 2692 2353 2739 maluit.
2373 2694 2420 2741 J.

1406 2761 1468 2811 V.
1502 2763 1555 2809 L.
1583 2790 1653 2799 --
1691 2766 1871 2812 Jocum
1896 2784 1999 2814 esse
2035 2768 2144 2816 vult
2175 2770 2349 2816 Bosius
2374 2771 2425 2816 in

1408 2858 1530 2890 voce
1557 2842 1806 2899 marinas,
1847 2861 1956 2907 quae
1992 2851 2149 2909 possit
2184 2850 2325 2896 etiam
2355 2849 2426 2896 in-

1407 2921 1559 2985 telligi
1601 2921 1660 2978 de
1704 2923 2055 2985 Arpinatibus,
2085 2942 2195 2989 quae
2236 2927 2427 2974 fuerant

1406 3000 1466 3048 C.
1496 3001 1659 3048 Marii.
2113 2992 2123 3007 ⁸

1481 3081 1510 3127 5
1518 3081 1565 3128 5.
1606 3081 1783 3145 Regem
1824 3080 2042 3144 appellas
2057 3114 2071 3138 ,
2114 3093 2208 3129 etc.
2252 3075 2430 3131 Sensus

1409 3168 1517 3206 est:
1543 3159 1621 3206 Tu
1643 3175 1801 3223 regem
1830 3160 2080 3207 nominare
2107 3157 2339 3218 sustines,
2371 3165 2431 3211 il-

1410 3235 1594 3300 ludque
1614 3255 1793 3287 nomen
1817 3238 2084 3297 recordari,
2115 3251 2266 3304 quum
2293 3239 2401 3290 Rex
2419 3289 2434 3312 ‚

1413 3317 1553 3376 cujus
1578 3317 1893 3367 hereditatem
1914 3319 2012 3379 jam
2045 3336 2132 3384 spe
2169 3320 2430 3368 devorave-

1414 3411 1492 3441 ras
1513 3429 1529 3454 ‚
1574 3398 1625 3443 in
1671 3408 1961 3445 testamento
2013 3408 2060 3445 te
2115 3401 2397 3461 praeterierit
2418 3436 2433 3452 ,

1416 3473 1695 3538 nullamque
1744 3478 1816 3523 tui
1867 3475 2163 3524 mentionem
2212 3478 2379 3527 feccrit
2414 3483 2436 3527 Ρ

1417 3554 1642 3600 Μιων.

1491 3627 1576 3678 56.
1605 3632 1725 3678 Rex.
1751 3633 1814 3693 Q.
1841 3626 2052 3680 Martius
2083 3636 2217 3692 Rex,
2259 3638 2439 3684 Teren-

1418 3710 1500 3757 tiae
1525 3710 1706 3756 sororis
1737 3719 1835 3758 tuae
1862 3711 2075 3761 maritus.
2116 3714 2359 3765 Plutarch.
2388 3716 2443 3761 in

1420 3792 1525 3839 Cic.
1553 3791 1715 3838 Conui.

1493 3872 1576 3931 57.
1618 3869 1828 3917 Domum
1879 3871 2050 3922 emisti.
2087 3873 2213 3921 Vide
2257 3859 2403 3939 supra
2421 3905 2437 3929 ,

1422 3965 1499 4013 ep.
1532 3950 1610 3997 13.

1498 4030 1583 4077 58.
1611 4027 1724 4077 Scb.
1750 4030 2022 4093 rescripsit,
2053 4052 2077 4071 ει
2096 4033 2213 4080 Non
2240 4041 2438 4094 potesn.

1424 4105 1583 4156 Nimis
1608 4106 1823 4155 licenter.
1849 4110 1898 4157 J.
1914 4111 1973 4154 V.
1999 4112 2055 4155 1..

2118 4218 2195 4261 2!
