3023 4773
589 414 728 509 394

1224 414 1318 479 Μ.
1367 412 1442 476 Τ.
1499 413 2059 484 CICERONIS

587 536 822 606 deant.
871 532 1014 604 Sed
1051 547 1289 603 tamen
1330 547 1408 601 tu
1433 532 1706 628 aliquid
1730 531 2131 631 publicanis
2154 543 2212 575 ¹²
2242 533 2536 631 pendis;
2560 536 2714 607 haec

584 644 793 714 etiam
824 638 898 709 id
924 652 1224 710 recusat.
1258 644 1358 709 Ea
1392 637 1527 708 tibi
1553 641 1804 735 igitur,
1845 655 1918 711 et
1953 644 2253 735 Κικέρων,
2283 645 2714 738 ἀριστοκρατι-

584 753 862 825 κῶτατος
885 742 942 788 ¹³
973 755 1147 831 παῖς,
1184 743 1483 814 salutem
1525 741 1798 814 dicunt.

585 922 794 989 pendere
807 920 1002 989 volebat
1018 938 1032 980 ;
1051 922 1216 979 oredo,
1234 937 1295 968 ne
1312 916 1602 968 beneficium

585 1005 824 1052 amitteret
870 1002 979 1067 lege
1021 1001 1200 1049 Thoria
1247 1000 1429 1049 datum.
1474 1002 1602 1049 Nam

585 1085 671 1148 Sp.
697 1082 942 1139 Thorius,
970 1092 1021 1128 nt
1048 1082 1116 1128 nit
1142 1082 1312 1129 Cicero
1341 1082 1393 1127 in
1418 1082 1601 1139 Bruto,

580 1177 749 1224 agrum
787 1161 1038 1225 publicum
1085 1158 1303 1223 vectigali
1339 1161 1599 1207 levaverat.

581 1240 678 1289 Sed
711 1240 906 1287 videtur
933 1240 1038 1299 ejus
1069 1238 1188 1302 legis
1225 1239 1516 1297 aneton-itas,
1549 1249 1602 1285 nt

578 1320 779 1367 alini-nm
798 1333 994 1381 qnoque
1018 1318 1179 1380 legum
1191 1352 1205 1374 ‚
1225 1328 1465 1366 vetustate
1484 1333 1603 1365 con·

583 1399 731 1445 temni
768 1407 928 1461 coepta
952 1410 965 1443 :
995 1397 1156 1460 itaque
1192 1395 1363 1455 multi,
1393 1412 1603 1460 qnorum

580 1478 636 1525 in
656 1492 857 1523 numero
876 1476 1066 1524 Atticus
1082 1484 1213 1536 erat,
1232 1475 1462 1539 vectigal,
1483 1486 1602 1521 tam-

580 1566 727 1618 qnam
754 1555 861 1617 lege
892 1553 976 1601 illa
1009 1553 1236 1617 abrogata
1255 1588 1268 1612 ,
1293 1552 1601 1616 pendebant:

582 1633 807 1682 nonnulli
824 1649 940 1681 vero
949 1666 965 1691 ‚
985 1633 1037 1680 in
1047 1634 1226 1695 quibus
1242 1644 1345 1680 erat
1355 1633 1595 1686 Terentia,

581 1721 822 1775 tamquam
848 1712 951 1776 lege
978 1713 1157 1759 Thoria
1187 1723 1435 1770 manente,
1458 1728 1598 1758 recn-

579 1790 765 1839 nbant.
788 1792 1026 1839 Terentiae
1052 1789 1301 1853 negotium
1322 1790 1493 1853 agebat
1513 1794 1602 1837 At·

1691 922 1815 969 tiens
1835 956 1850 981 ‚
1878 940 1938 970 eo
1961 922 2217 978 libentius,
2247 933 2302 970 nt
2328 922 2498 971 Cicero
2519 923 2708 987 signifi-

1690 1011 1794 1060 eat,
1824 1002 1968 1064 quia,
1996 1002 2038 1049 si
2065 1002 2333 1049 secundnm
2360 1003 2627 1050 Terentiam
2656 1003 2709 1049 in

1689 1098 1742 1128 ea
1773 1096 1912 1128 eausa
1936 1081 2206 1141 judicatum
2237 1093 2361 1129 esset
2379 1117 2395 1142 ‚
2429 1083 2531 1146 ipae
2566 1085 2708 1129 etiam

1692 1160 1751 1206 de
1770 1159 2030 1222 pendendo
2056 1161 2278 1224 vectigali
2306 1171 2596 1219 recusasset,
2616 1162 2705 1206 im-

1690 1254 1978 1301 munemque
1996 1254 2163 1301 agrum
2181 1238 2434 1302 publicum
2453 1240 2574 1302 legis
2586 1240 2713 1286 Tho-

1689 1318 1773 1364 rioe
1818 1316 2055 1365 beneficio
2099 1317 2408 1380 possedisset.
2463 1318 2710 1365 Mulvium

1690 1406 1891 1443 vocatur
1928 1398 2258 1444 controversia
2277 1432 2292 1454 ‚
2323 1398 2436 1460 qnia
2464 1397 2713 1457 Mulvius,

1692 1485 1746 1521 nt
1786 1485 1936 1539 puto,
1978 1475 2348 1538 publicanorum
2377 1493 2567 1524 cansam
2594 1493 2712 1539 pro-

1691 1564 1896 1603 curaret.
1929 1555 2071 1602 Mu«.

1769 1649 1849 1682 ια.
1879 1633 1980 1680 Alii
1999 1666 2014 1691 ,
2029 1633 2336 1697 publicanus.

1765 1713 1843 1759 13.
1900 1700 2437 1779 Ᾱριστοκρατυιώτατος.
2488 1712 2708 1776 Optima-

1688 1792 1813 1839 tium
1837 1791 2217 1839 studiosissimus
2243 1806 2380 1856 puer.

582 1972 1316 1994 mmmmm-m
1324 1974 2328 1997 mmmmmmmmm
2335 1975 2512 1995 *m
2535 1975 2719 1994 “⁸5ss

1211 2148 1801 2226 EPISTOLA
1858 2150 2092 2227 XVI.

586 2311 674 2365 De
697 2308 830 2384 lege
858 2307 1084 2385 agraria
1125 2328 1160 2365 a
1201 2309 1425 2365 Caesare
1454 2309 1853 2385 promulgata,
1883 2329 1951 2366 ac
1979 2308 2051 2366 de
2078 2310 2344 2388 Pompeii
2366 2310 2424 2366 in
2459 2329 2527 2365 ea
2568 2330 2714 2385 pro-—

668 2402 860 2460 banda
890 2403 1166 2473 consilio;
1212 2402 1285 2460 de
1313 2423 1419 2461 suo
1451 2403 1526 2462 ad
1556 2404 1746 2463 studia
1778 2405 2000 2476 reditu3
2035 2405 2109 2462 de
2133 2405 2334 2479 Quinti
2365 2405 2557 2463 fratris
2581 2407 2713 2482 epi·

667 2501 831 2558 stola.
857 2504 947 2570 <In
972 2498 1315 2572 Formian0‚
1358 2520 1509 2558 anno
1534 2505 1611 2560 U.
1638 2505 1702 2560 C.
1736 2502 1851 2578 694
1876 2545 1893 2572 ‚
1936 2522 2127 2560 mense
2156 2503 2376 2580 aprili.)

1249 2676 1561 2740 CICERO
1607 2678 1929 2742 ATTICO
1984 2680 2047 2741 S.

681 2820 1010 2887 COENATO
1053 2812 1265 2902 mihi,
1308 2830 1381 2885 et
1427 2815 1576 2910 jam
1617 2814 2069 2904 dormitanti,
2115 2818 2299 2913 prid.
2353 2819 2488 2890 kal.
2543 2820 2709 2889 mai.

583 2905 890 3022 epistola
939 2938 1046 2995 est
1081 2925 1198 2996 illa
1251 2924 1567 3010 reddita,
1629 2927 1702 2994 in
1749 2951 1893 3022 qua
1944 2926 2035 2998 de
2083 2940 2294 3025 agro¹
2346 2933 2711 3025 Campano

585 3035 855 3109 scribis.
908 3035 1104 3125 Quid
1145 3036 1451 3132 quaeris?
1522 3039 1841 3133 primum
1898 3040 1997 3110 ita
2064 3065 2177 3109 me
2229 3043 2571 3137 pupugit,
2631 3053 2712 3108 ut

584 3171 922 3219 somnum
966 3146 1145 3217 mihi
1184 3146 1532 3218 ademerit
1559 3202 1578 3233 ,
1626 3147 1747 3219 sed
1805 3147 1919 3218 id²
1977 3153 2410 3247 cogitatione
2454 3151 2712 3245 magi5‚

584 3280 803 3354 quam
850 3256 1196 3327 molestia.
1248 3259 1609 3352 Cogitanti
1656 3274 1899 3329 autem
1944 3259 2094 3331 haec
2143 3260 2290 3332 fere
2338 3273 2709 3331 succurre-

577 3367 774 3438 bant.
810 3367 1129 3437 Primum
1168 3391 1254 3437 ex
1302 3392 1419 3454 eo,
1465 3367 1665 3464 quod
1721 3370 2221 3468 superioribus
2266 3371 2488 3442 literis
2536 3372 2713 3441 scri-

584 3502 857 3575 pseraS,
922 3501 1010 3547 ex
1062 3474 1384 3549 familiari
1437 3493 1509 3550 te
1548 3477 1783 3549 illius³
1838 3480 2151 3568 audisse,
2208 3481 2570 3578 prolatum
2625 3486 2709 3549 iri

581 3585 850 3684 aliquid
872 3641 890 3671 ‚
921 3586 1121 3685 quod
1150 3613 1365 3659 nemo
1391 3589 1873 3688 improb-aren
1905 3583 2136 3685 majus
2162 3591 2430 3688 aliquid
2456 3595 2710 3662 timue-

580 3721 732 3768 ram
769 3725 785 3768 :
827 3698 966 3770 hoc
1012 3700 1186 3771 mihi
1229 3699 1583 3795 ejusmodi
1626 3725 1775 3770 non
1822 3699 2221 3770 videbatur.
2263 3700 2575 3784 Deinde,
2630 3717 2713 3770 ut

653 3901 694 3936 ι.
734 3890 810 3935 De
841 3904 967 3952 agro
1007 3892 1272 3954 Campano.
1313 3890 1447 3940 Plebi
1491 3893 1594 3952 lege
1685 3899 1844 3937 tamen
1868 3889 2059 3936 videtur
2078 3906 2104 3936 a
2124 3890 2288 3937 Tullio
2309 3892 2456 3938 scribi
2475 3891 2710 3954 pomisne.

574 3968 706 4016 ,nna
733 3966 1015 4016 dividendo.
1043 3973 1206 4020 Comi,
1685 3970 1809 4016 J.V.
1832 3969 1889 4013 1..
1910 3994 1981 4003 —-
2004 3967 2113 4015 Sch.
2128 3968 2323 4030 quidem
2341 3982 2396 4017 ut
2414 3969 2710 4033 snper-finum

650 4062 699 4094 ο.
745 4043 824 4093 Id.
873 4048 1089 4096 Ernestio
1134 4049 1394 4113 displicet,
1440 4051 1524 4111 qui
1571 4064 1597 4095 e
1689 4048 1885 4097 delevit.
1909 4049 2000 4094 En.

575 4126 880 4190 procedente
922 4126 1011 4175 sed
1052 4138 1218 4176 natum
1262 4139 1418 4192 putat.
1473 4128 1597 4174 Mihi
1761 4129 1808 4176 3.
1843 4127 1989 4176 mim.
2019 4127 2234 4176 Cauris.
2256 4130 2407 4177 Mn«.
