3023 4773
700 400 840 497 598
1332 400 1427 465 Μ.
1479 398 1558 465 Τ.
1613 396 2167 465 οιοΕΒοΝιε

695 522 1013 618 accipiat.
1057 517 1294 588 Facies
1338 518 1531 587 enim
1570 539 1688 587 me
1729 517 2127 588 certiorem.
2162 519 2400 610 Atque
2435 513 2578 585 hoc
2607 538 2818 613 supe·

691 628 1021 702 rioribus·
1062 626 1287 697 literis
1336 625 1428 697 ad
1490 641 1561 698 te
1613 624 1994 723 diligenter
2042 625 2598 723 perscripseram
2632 652 2651 694 ε
2699 624 2820 695 sed

693 738 906 835 plane
952 751 1024 807 te
1076 735 1472 832 intelligere
1516 734 1755 823 volui,
1808 735 1983 806 mihi
2026 760 2178 805 non
2221 733 2564 805 excidisse
2600 735 2821 820 iliud,

694 847 894 943 quod
932 862 1015 918 tu
1056 844 1147 916 ad
1192 869 1308 916 me
1348 843 1782 942 quibusdam
1822 844 2042 916 literis
2069 846 2512 943 scripsissem
2550 846 2612 915 si
2643 845 2824 916 nihil

689 957 885 1044 aliud
915 956 1005 1028 de
1038 957 1171 1027 hac
1209 955 1615 1051 provincia,
1650 955 1787 1025 nisi
1825 955 2012 1025 illius
2049 952 2651 1039 benivolentiam,
2691 953 2820 1024 de-

690 1081 1086 1167 portassem
1112 1119 1131 1152 ‚
1167 1064 1344 1135 mihi
1377 1063 1450 1135 id
1481 1068 1648 1135 satis
1676 1088 1850 1136 esse.
1879 1067 1984 1135 Sit
2009 1089 2212 1153 sane3
2239 1065 2587 1161 quoniam
2612 1067 2714 1134 ita
2741 1078 2821 1134 tu

688 1182 835 1248 vis:
878 1174 1005 1247 sed
1052 1189 1289 1244 tamen
1341 1197 1508 1244 cum
1560 1198 1647 1244 eo
1667 1183 1730 1230 ²⁷
1788 1174 2040 1262 credo,
2069 1172 2278 1271 quod
2328 1178 2483 1245 sine
2522 1189 2822 1272 pecoeto

688 1311 853 1357 meo
889 1284 1034 1355 fiat.
1057 1287 1285 1380 Igitur
1318 1306 1485 1354 meo
1525 1281 1819 1355 decreto
1851 1284 2085 1354 soluta
2119 1307 2235 1354 res
2254 1277 2320 1327 ²⁸
2353 1284 2644 1380 Scaptio
2679 1297 2820 1353 sta·

687 1397 837 1466 tim.
889 1397 1126 1484 Quam
1182 1390 1559 1464 decretum
1597 1395 1703 1462 sit
1723 1403 1812 1480 ²⁹,
1867 1407 1948 1462 tu
1985 1390 2381 1486 judicabis;
2431 1417 2524 1463 ne
2558 1391 2656 1463 ad
2697 1396 2822 1462 Ca-

685 1519 932 1574 tonem
971 1501 1266 1598 quidem
1306 1500 1743 1600 provocabo,

780 1607 919 1680 Sed
949 1607 1098 1678 noli
1128 1631 1247 1678 me
1281 1623 1535 1705 putare
1562 1612 2017 1702 ἑγκελεύσματα
2039 1604 2106 1650 ³⁰
2143 1608 2263 1678 illa
2289 1623 2414 1678 tua
2445 1607 2816 1703 abjecisse,

688 1744 850 1816 quae
888 1719 1064 1789 mihi
1099 1719 1172 1787 in
1212 1714 1602 1788 visceribus
1640 1715 1936 1787 haerent.
1977 1717 2186 1788 Flens
2226 1717 2404 1787 mihi
2442 1741 2682 1788 meam
2718 1716 2816 1788 fa·

686 1853 877 1900 mam
939 1826 1478 1899 commendasti.
1548 1827 1725 1914 Quae
1787 1827 2089 1923 epistola
2150 1841 2273 1898 tua
2336 1842 2486 1912 est,
2542 1830 2621 1896 in
2675 1853 2818 1924 qua

688 1940 1126 2009 mentionem
1184 1959 1331 2004 non
1374 1933 1641 2005 facias?
1673 1941 1926 2032 Itaque
1970 1939 2346 2022 irascatur,
2398 1941 2527 2034 qui
2577 1938 2812 2008 volet:

685 2047 925 2141 patiar.
970 2047 1060 2110 Τὸ
1107 2041 1222 2138 γὰρ
1273 2040 1336 2109 εὖ
1386 2032 1523 2136 μετ’
1566 2046 1712 2136 ἐμοῦ
1736 2037 1827 2128 ³¹,
1872 2045 2261 2139 praesertim
2297 2067 2530 2140 quum
2568 2067 2695 2113 sex
2730 2044 2812 2112 li-

683 2151 831 2224 bris
853 2148 941 2237 ³²,
983 2165 1354 2247 tamquam
1390 2149 1750 2247 proedibus
1771 2204 1791 2235 ‚
1828 2175 1945 2222 me
1980 2154 2218 2248 ipsum
2256 2150 2812 2237 obstrinxerim‚

683 2286 869 2359 quos
905 2260 1038 2332 tibi
1087 2276 1230 2331 tam
1277 2259 1481 2331 valde
1519 2260 1812 2357 probari
1853 2260 2167 2357 gaudeo;
2206 2288 2247 2333 e
2281 2261 2549 2359 quibus
2584 2288 2813 2333 unum

685 2357 979 2462 ἱστορικὸν
1035 2367 1343 2463 requiris
1397 2365 1487 2437 de
1543 2369 1671 2437 Cn.
1733 2366 2008 2455 Flavio,
2065 2373 2194 2439 Cn.
2248 2365 2428 2439 F.³³.
2474 2367 2604 2440 Ille
2640 2394 2811 2441 vero

755 2613 840 2658 ²7·
872 2596 990 2645 Cum
1025 2609 1101 2641 eo.
1119 2594 1201 2640 Est
1220 2608 1273 2638 ea
1292 2591 1424 2655 lege,
1451 2608 1507 2639 ee
1529 2592 1703 2641 condi·
1793 2595 1884 2642 tihi
1915 2596 2196 2645 videbitur?
2220 2613 2457 2662 expmne
2482 2599 2641 2663 culpa
2664 2611 2810 2664 etque

688 2680 843 2734 tione,
868 2689 981 2722 cnm
996 2673 1087 2720 hae
1114 2671 1399 2733 exceptione
1426 2672 1706 2729 chamenun,
1791 2677 2016 2738 peccati?
2045 2678 2269 2725 Mamr.

686 2756 802 2803 dnm
818 2766 1042 2812 tamena,
1060 2750 1164 2796 Liv.
1178 2750 1299 2795 VIII
1314 2783 1327 2805 ‚
1354 2765 1439 2811 19,
1458 2750 1705 2797 -Laviniis
1864 2770 1948 2815 29.
1982 2756 2188 2803 Ursinus
2218 2754 2490 2818 corrigebat
2505 2789 2520 2813 ‚
2542 2759 2730 2819 «Quam
2753 2758 2810 2805 id

683 2834 853 2882 civitas
867 2831 1241 2890 dunstan-aque
1259 2842 1343 2874 sua
1362 2826 1549 2875 reddita
1563 2864 1578 2889 ,
1594 2844 1704 2875 cum

686 2928 773 2973 eo,
794 2921 850 2958 nt
868 2908 995 2957 aedee
1018 2909 1051 2956 J
1053 2906 1230 2955 anonis
1258 2907 1529 2954 communis
1563 2908 1703 2954 Lavi-

687 2991 781 3038 niis
813 3005 925 3037 cnm
960 2986 1150 3052 populo
1184 3001 1385 3033 romano
1420 2995 1542 3032 esset
1557 3006 1600 3032 ιο.
1640 2987 1702 3033 Et

686 3085 807 3118 mox
830 3083 843 3117 :
869 3090 895 3110 ⁸-
911 3067 1114 3116 Antium
1142 3081 1268 3112 nova
1305 3062 1493 3111 colonia
1525 3064 1668 3111 mim
1684 3097 1702 3125 ‚

691 3165 802 3197 cum
828 3163 888 3197 eo
905 3182 920 3206 ,
936 3156 994 3195 ut
1010 3144 1289 3195 Antintibm
1300 3143 1701 3207 permitteretur».

694 3231 975 3279 Scrorrxus.

758 3308 842 3355 28.
865 3305 1102 3351 solvatur.
1121 3299 1222 3347 Alii
1242 3297 1406 3363 paullo
1431 3298 1600 3358 alitem
1618 3300 1703 3347 sed

689 3386 860 3435 ‚odem
897 3393 1056 3430 tamen
1085 3377 1207 3425 redit
1248 3377 1482 3424 sententia
1500 3412 1516 3434 ,
1557 3394 1702 3441 quam

688 3467 757 3514 nic
793 3467 1136 3524 interpretatur
1158 3456 1427 3520 Malaspina
1448 3471 1461 3504 τ
1488 3458 1564 3503 'Eu
1590 3473 1668 3504 me
1684 3491 1699 3516 ,

689 3545 877 3601 Attice,
902 3542 978 3589 vis
1016 3540 1168 3585 Bruto
1204 3550 1386 3583 morem
1413 3550 1576 3599 gerere
1606 3536 1700 3583 :sit

689 3626 753 3671 ite
766 3633 823 3671 ut
839 3622 939 3678 via,
952 3634 1060 3666 moe
1082 3626 1288 3680 guntur:
1309 3613 1397 3661 sed
1412 3625 1571 3662 temen
1589 3631 1701 3663 cnm

690 3719 775 3761 eo,
800 3699 935 3765 quod
959 3699 1063 3746 elne
1081 3704 1283 3761 pecc-to
1304 3692 1546 3755 meoiiat,
1567 3695 1703 3759 quod

688 3793 737 3831 et
758 3793 810 3829 te
827 3781 1037 3828 arbitror
1062 3777 1200 3825 velle.
1224 3776 1351 3838 Ergo
1368 3783 1418 3821 te
1438 3774 1599 3837 ipeum
1617 3789 1701 3822 ro-

688 3877 784 3926 303
808 3878 872 3909 ne
891 3861 953 3908 nd
979 3860 1213 3909 Catonem
1240 3854 1437 3919 quidem
1462 3870 1704 3919 provoce-

687 3942 754 3990 bo
773 3954 786 3988 t
815 3941 966 4003 quid?
985 3940 1026 3988 si
1043 3939 1302 3986 decrevero
1322 3937 1398 3983 nti
1417 3950 1491 3983 ree
1504 3934 1702 3999 Scaptio

687 4020 932 4086 quaterni·
945 4019 1105 4067 atatim
1122 4052 1137 4076 ‚
1153 4027 1209 4064 ut
1233 4019 1411 4064 Brutus
1430 4014 1701 4073 contendit,

686 4100 901 4148 solvatur
929 4096 1054 4144 :hoc
1080 4111 1241 4142 meum
1282 4095 1525 4143 decretum
1561 4094 1700 4158 quale

1759 2844 1975 2880 ‚tectum
1995 2834 2059 2881 sit
2071 2856 2097 2874 a·
2113 2867 2129 2893 ‚
2149 2834 2380 2893 feliciter3
2399 2836 2583 2898 Popma
2595 2869 2609 2893 ,
2629 2852 2807 2899 nquam

1791 2925 1982 2973 equum
2002 2911 2248 2960 decretum
2267 2914 2329 2960 sit
2342 2928 2395 2970 -3
2422 2916 2613 2961 Ernest.
2626 2932 2809 2978 nquam

1790 2988 1912 3037 bene
1935 2990 2181 3038 decretum
2205 2992 2270 3039 eit
2284 3015 2333 3049 a,
2361 2992 2496 3055 quod
2516 2992 2713 3040 Schiitx.
2734 3010 2812 3042 re-

1789 3069 1943 3133 cepit,
1962 3079 2018 3117 ut
2031 3070 2308 3135 expleretur
2325 3074 2579 3120 sententia.
2597 3074 2700 3137 Ego
2717 3074 2810 3121 Ur-

1790 3147 1947 3195 ninum
1966 3149 2128 3196 malim
2152 3149 2305 3212 nequi.
2325 3152 2375 3199 J.
2399 3153 2461 3197 V.
2481 3153 2535 3197 L.

1863 3228 1946 3277 30.
1977 3217 2371 3298 ἐγκελεύσματσι.
2404 3231 2732 3280 nox-tationes.

1864 3308 1947 3354 31.
1969 3305 2033 3355 Τὸ
2064 3303 2158 3376 γὰρ
2183 3301 2230 3357 εὖ
2254 3312 2358 3373 μετ’
2383 3306 2511 3373 ἐμοῦ.
2540 3309 2734 3356 Justitia
2754 3320 2806 3357 et

1789 3385 2017 3433 honestas
2033 3402 2239 3434 mecum.
2249 3387 2571 3451 —Aristoph
2592 3388 2807 3435 Acium.

1791 3479 1836 3509 v.
1860 3462 1980 3512 660.
2007 3466 2187 3513 Versus
2214 3467 2338 3513 infra
2365 3467 2561 3514 uberius
2587 3468 2808 3529 recitati,

1789 3544 1908 3589 VIII
1925 3577 1938 3600 ,
1964 3544 2012 3591 5.
2029 3547 2078 3592 J.
2097 3545 2159 3591 V.
2188 3546 2239 3591 L.

1862 3623 2054 3668 διδοῖ
2076 3622 2222 3670 libris.
2240 3626 2316 3671 De
2334 3622 2622 3686 Republica.
2642 3626 2806 3674 cont.

1789 3726 1859 3734 —
1892 3701 2062 3747 Cicero
2088 3711 2225 3749 antee
2264 3718 2441 3749 novem
2465 3701 2622 3750 libros
2647 3704 2808 3753 facere

1790 3779 2102 3826 constituerat
2118 3795 2132 3826 t
2149 3782 2234 3828 sed
2249 3783 2400 3829 totins
2416 3780 2529 3828 libn·
2547 3781 2806 3829 consilium

1789 3857 2119 3921 rationemque
2140 3860 2372 3919 mutavit,
2388 3871 2434 3907 et
2451 3859 2513 3907 ed
2530 3862 2598 3923 Q.
2618 3865 2700 3911 Fr.
2719 3877 2808 3910 sex

1789 3946 1974 3983 tantum
1998 3937 2152 3987 libro·
2179 3940 2404 3989 confecit.
2428 3940 2519 3986 En.

1860 4016 1945 4062 33.
1973 4017 2118 4067 Anci.
2145 4019 2327 4066 Omnes
2348 4018 2442 4066 mei
2469 4028 2654 4067 veteres
2679 4034 2809 4084 pre·

1785 4104 1861 4141 ter
1885 4095 2199 4144 Decnmtum
2224 4095 2404 4145 habent
2424 4096 2578 4143 Annii
2595 4100 2653 4147 F.
2682 4109 2737 4146 nt
2755 4109 2810 4146 et
