3023 4773
650 417 696 499 4
901 434 907 443 ·
1303 415 1399 482 Μ.
1450 415 1529 481 T.
1576 415 2128 486 CICERONIS

647 561 782 635 ego
815 559 858 605 a
894 548 965 606 te
1003 548 1193 605 nutu
1236 532 1377 605 hoc
1421 538 1772 632 consequi
1814 560 2101 633 possem
2126 590 2146 624 ‚
2180 537 2454 607 etiamsi
2488 536 2770 613 aedifica-

647 661 857 717 turus
888 667 1099 716 esses.
1141 647 1355 716 Nunc
1391 667 1601 730 vero,
1645 648 1704 715 si
1742 643 2083 732 audierit,
2122 661 2195 717 te
2232 645 2770 721 aedificationem

641 757 1098 854 deposuisse,
1134 777 1376 851 neque
1405 767 1651 824 tamen
1679 779 1797 826 me
1833 780 1875 825 a
1911 770 1984 827 te
2016 758 2476 853 impetrasse3
2518 784 2668 830 non
2706 775 2770 837 te

646 872 721 949 in
752 891 869 937 me
891 861 1314 936 illiberalem
1333 874 1419 951 ¹²,
1451 864 1580 936 sed
1611 868 1831 936 mein
1860 890 1935 938 se
1960 865 2444 966 negligentem
2477 867 2771 966 putabit.

647 974 1143 1070 Quamobrem
1178 988 1352 1073 peto
1383 1000 1425 1045 a
1467 988 1571 1062 te,
1601 990 1685 1045 ut
1718 975 1991 1048 scribas
2032 977 2123 1047 ad
2160 993 2361 1063 ωοε,
2404 1002 2614 1075 posse
2660 993 2774 1050 tua

645 1084 1015 1155 voluntate
1052 1079 1420 1152 decretum
1453 1080 1661 1163 ,illud
1692 1083 2318 1181 Areopagitarum,
2364 1108 2585 1181 quem
2620 1092 2774 1154 ὑπο-

645 1183 1152 1288 μνημειιτισμὸν“3
1188 1185 1290 1256 illi
1335 1202 1630 1274 vocant,
1686 1188 1864 1257 tolli.
1921 1186 2063 1260 Sed
2110 1188 2332 1261 redeo
2384 1189 2478 1260 ad
2520 1194 2773 1287 prima.

642 1303 847 1371 Prius
866 1297 1082 1368 velim
1116 1294 1247 1366 tibi
1281 1297 1745 1394 persuadeas,
1774 1312 1856 1369 ut
1879 1297 2023 1370 hoc
2049 1322 2209 1369 mea
2239 1322 2450 1370 causa
2475 1298 2779 1371 libenter

644 1407 900 1492 facim,
935 1430 1156 1503 quam
1201 1420 1283 1477 ut
1318 1403 1554 1477 facias.
1600 1408 1716 1480 Sic
1757 1421 1999 1479 tamen
2039 1406 2305 1480 habeto
2337 1438 2352 1480 ε
2391 1410 2451 1480 si
2488 1406 2782 1498 feceriS,

646 1516 850 1615 quod
886 1540 1096 1613 roge,
1136 1511 1292 1587 fore
1332 1514 1513 1625 mihi
1555 1520 2067 1614 gratissimum.
2114 1518 2314 1590 Vale.

645 1762 750 1795 non
786 1745 923 1810 quod
958 1745 1000 1792 is
1050 1758 1216 1791 revera
1258 1741 1527 1807 Epicureus
1569 1757 1673 1790 non
1759 1742 1918 1791 multo
1965 1753 2124 1793 tamen
2175 1742 2427 1808 Epicureis
2467 1744 2784 1795 eruditiorem

647 1837 787 1875 esset.
818 1825 976 1891 Epist.
1003 1840 1064 1886 19
1089 1823 1180 1873 lib.
1197 1823 1244 1869 V
1268 1821 1332 1870 ad
1357 1832 1561 1880 enimet
1583 1820 1671 1871 lib.
1761 1836 1883 1872 esse.
1905 1824 1998 1870 En.

648 1910 673 1954 1
694 1907 756 1954 de
781 1908 895 1969 Leg.
914 1906 1056 1952 Man.
1069 1930 1138 1940 —
1153 1899 1250 1950 Sed
1265 1901 1493 1949 consulto
1513 1900 1673 1948 verbis
1839 1916 1920 1950 xa.
1936 1899 2065 1949 Male
2084 1901 2228 1950 Grut.
2245 1900 2510 1952 liberalem.
2532 1905 2584 1953 J.
2600 1903 2664 1951 V.
2693 1907 2748 1953 1..

649 1985 890 2050 ambiguis
910 1985 1083 2041 utitur,
1096 1992 1152 2030 ut
1172 1978 1412 2045 significet
1429 1981 1666 2037 Atticum,
1833 1982 1914 2029 13.
1935 1968 2386 2047 Ῠπομνηματιῳόν.
2409 1982 2491 2031 Ad
2511 1983 2582 2030 rei
2603 1999 2788 2031 memo-

649 2064 838 2114 etiamsi
880 2061 1081 2128 Epicuri
1124 2060 1315 2109 decreta
1365 2071 1668 2124 aequaretur,
1757 2060 1878 2107 riam
1905 2059 2061 2108 literis
2086 2059 2385 2110 mandatum.
2414 2062 2562 2110 Mu«.

647 2276 831 2296 W

1203 2269 2789 2296 mmmmmmmmmmm

1300 2477 1947 2563 EPISTOLA
2006 2481 2124 2564 ΙΙ.

652 2670 833 2744 Petit,
868 2681 933 2728 ut
960 2667 1231 2728 Evandro
1261 2668 1541 2727 statuario
1578 2669 1654 2727 de
1693 2669 1932 2728 sacrarii
1971 2669 2331 2731 habitatione
2368 2672 2807 2735 accommodet.

1035 2761 1388 2842 (Laodiceae,
1422 2782 1576 2821 anno
1604 2767 1677 2823 U.
1704 2769 1767 2824 C.
1795 2766 1938 2838 703,
1980 2784 2175 2824 mense
2214 2765 2412 2844 maio.)

1300 2938 1610 3002 CICERO
1657 2937 2022 3003 MEMMIO
2072 2939 2135 3003 S.

746 3090 823 3158 C.
856 3091 1144 3158 Ammo
1167 3094 1186 3127 ¹
1228 3088 1580 3155 Evmnno
1601 3137 1621 3170 ‚
1645 3088 1773 3181 qui
1801 3084 2078 3157 habitat
2114 3091 2192 3157 in
2230 3102 2360 3159 tuo
2394 3095 2716 3164 sacrario
2745 3105 2820 3186 ²,

651 3212 725 3271 et
766 3200 927 3296 ipso
977 3194 1290 3265 multum
1326 3208 1521 3281 utor,
1562 3207 1634 3263 et
1671 3209 1984 3292 patrono
2022 3195 2179 3291 ejus
2216 3201 2316 3268 M.
2360 3198 2643 3272 AEmilio
2692 3200 2830 3278 fa-

652 3308 1148 3379 miliarissime.
1204 3307 1380 3374 Peto
1435 3303 1658 3401 igitur
1698 3329 1742 3375 a
1789 3320 1860 3376 te
1914 3304 2274 3400 majorem,
2324 3311 2402 3378 in
2450 3310 2774 3384 modum
2805 3371 2833 3404 ,

592 3475 603 3486 .
651 3415 851 3517 quod
888 3421 1042 3487 sine
1080 3429 1205 3484 tua
1247 3412 1581 3485 molestia
1618 3411 1780 3503 fiat,
1815 3430 1900 3486 ut
1931 3417 1996 3486 ei
2043 3415 2133 3486 de
2174 3414 2629 3490 habitatione
2673 3445 2839 3495 ac—

652 3524 1090 3602 commodes.
1117 3525 1302 3596 Nam
1337 3537 1639 3623 propter
1665 3549 1888 3623 opera
1920 3527 2247 3598 instituta
2275 3527 2500 3600 multa
2530 3529 2836 3606 multo-

730 3768 775 3799 1.
805 3747 963 3806 Olim,
987 3745 1229 3796 aviano.
1266 3747 1315 3795 J.
1335 3747 1400 3795 V.
1430 3747 1485 3795 1..
1525 3773 1596 3783 —
1631 3748 1681 3795 1⁸
1768 3763 1877 3794 mm
1896 3748 2077 3796 exsulis
2095 3750 2403 3800 C-Memmii.
2418 3751 2548 3800 Nam
2566 3759 2848 3809 sacraria

652 3833 746 3880 fuit
767 3833 840 3879 M.
858 3823 1043 3876 AEmilii
1067 3824 1250 3875 Aviani
1273 3825 1494 3875 libertus.
1518 3827 1679 3889 Quem
1765 3842 1870 3874 uon
1895 3827 2045 3876 modo
2070 3828 2122 3876 in
2149 3828 2298 3876 sacris
2323 3829 2530 3890 aedibus,
2552 3846 2742 3882 verum
2773 3838 2855 3890 in

651 3926 740 3959 em·
772 3906 1021 3957 Ernestius
1054 3903 1278 3952 eumdem
1320 3922 1423 3954 esne
1473 3904 1677 3964 dixerit,
1766 3907 1985 3970 profani·
2032 3908 2176 3956 etiam
2231 3925 2333 3957 esse
2377 3921 2635 3973 poterant,
2689 3912 2855 3968 loe.

651 3990 737 4055 qui
764 3986 985 4038 Avienus
1022 3984 1346 4033 Hammonius
1381 3985 1676 4050 appellatur,
1766 3986 1988 4051 quiedam
2009 4000 2307 4052 consecrata,
2331 3977 2416 4037 vel*
2434 3989 2520 4059 nbi
2546 4006 2707 4040 κοτε
2740 4013 2855 4049 reg

652 4067 787 4118 lund
808 4078 1057 4129 ⁸⁸⁸⁶quor.
1077 4066 1196 4113 Sca.
1763 4066 2148 4126 custodirentur,
2175 4067 2254 4118 vel
2279 4068 2365 4118 ubi
2396 4084 2529 4138 saera
2552 4071 2860 4133 gentilia⁸

724 4163 774 4197 a.
797 4142 1045 4194 Sacrario.
1070 4145 1215 4194 Parte
1250 4141 1426 4191 aedimn
1463 4142 1675 4192 urbana-
1766 4142 1958 4197 fierent.
1985 4147 2130 4196 Mu«.
