3023 4773
611 364 749 456 298
1250 388 1345 454 Μ.
1399 392 1474 459 T.
1530 396 2089 499 c1cERoN1s

609 485 961 593 ejusmodi
992 505 1351 595 periculo,
1382 527 1464 583 ut
1497 531 1621 587 aut
1646 520 1977 613 interire,
2005 542 2130 598 aut
2160 534 2450 628 aperiri,
2483 556 2610 612 aut
2640 546 2745 613 in-

606 602 860 697 tercipi
882 613 1192 701 possint.

613 770 618 779 .
702 711 1017 786 Primum
1057 722 1277 817 igitur
1319 735 1498 803 scito
1521 791 1539 823 ‚
1582 743 1897 836 primum
1934 758 2099 817 me9
2138 774 2289 821 non
2329 776 2481 825 esse
2520 783 2735 857 roga-

607 828 761 886 tum
789 830 850 933 ¹.⁰
897 839 1357 925 sententiam,
1398 854 2009 952 praepositumque
2047 883 2199 931 esse
2241 861 2455 936 nobis
2484 870 2734 965 pacifi-

601 940 917 1002 catorem
944 937 1413 1043 Allobrogum
1434 964 1452 994 ¹
1469 965 1520 1042 ¹,
1541 955 1763 1060 idque
1777 963 2365 1043 admurmurante
2386 992 2726 1067 senatun,

601 1059 844 1133 neque
882 1069 1000 1117 me
1041 1051 1304 1144 invito,
1347 1084 1497 1134 esse
1540 1065 1830 1143 factum.
1872 1079 2044 1146 Sum
2091 1085 2282 1153 enim
2329 1100 2403 1156 et
2451 1086 2540 1157 ab
2590 1089 2727 1162 ob-

598 1152 950 1223 servando
1001 1156 1299 1237 homine
1327 1166 1386 1212 ¹³
1434 1197 1772 1269 perverso
1820 1183 2024 1271 liber,
2066 1202 2136 1258 et
2173 1191 2259 1261 ad
2308 1192 2726 1291 dignitatem

597 1256 674 1324 in
718 1262 1090 1356 republica
1125 1278 1577 1356 retinendam
1617 1305 1867 1362 contra
1903 1293 2094 1367 illius
2129 1298 2573 1375 voluntatem
2611 1332 2729 1378 so-

598 1362 789 1438 lutus
819 1396 835 1436 :
875 1388 947 1444 et
980 1377 1100 1449 ille
1134 1391 1496 1464 secundus
1526 1397 1600 1466 in
1634 1398 1944 1475 dicendo
1987 1407 2188 1478 locus
2230 1408 2451 1484 habet
2486 1432 2725 1487 aucto·

592 1474 877 1556 ritatem
932 1509 1132 1581 paeue
1186 1498 1640 1599 principis¹⁴‚
1689 1524 1763 1580 et
1811 1515 2255 1589 voluntatem
2310 1547 2459 1593 non
2511 1529 2728 1620 nimis

593 1583 996 1665 devinctam
1069 1600 1425 1680 beneflcio
1489 1618 1826 1691 consulis.
1886 1628 2165 1696 Tertius
2230 1644 2337 1699 est
2388 1636 2723 1720 Catulus;

591 1714 892 1790 quartus
953 1706 1059 1801 (si
1117 1716 1330 1787 etiam
1383 1721 1527 1794 hoc
1586 1732 1895 1827 quaeris)
1952 1740 2397 1812 Hortensius,
2448 1748 2721 1817 Consul

588 1822 824 1901 autem
863 1819 1016 1911 ipse
1048 1844 1270 1917 parvo
1296 1833 1541 1905 animo
1568 1851 1639 1907 et
1669 1864 1891 1936 pravo
1911 1899 1930 1931 ,
1962 1861 2241 1919 tantum
2273 1853 2722 1926 cavillator¹⁵

590 1940 855 2012 genere
896 1926 1019 1999 illo
1067 1938 1466 2028 moroso¹⁶‚
1508 1949 1707 2043 quod
1749 1954 1959 2024 etiam
2007 1960 2159 2029 sine
2200 1959 2570 2034 dicacitate
2619 1970 2720 2034 ri-

657 2132 706 2178 9.
729 2120 916 2171 Ernest.
937 2129 1019 2173 cui
1044 2145 1145 2179 uon
1172 2134 1293 2183 bene
1311 2151 1453 2188 sonat
1471 2158 1607 2206 repe-
1658 2118 1675 2153 s

1696 2164 1801 2213 cap.
1836 2167 1914 2199 xo.
1942 2155 2174 2202 Ioum-
2206 2161 2316 2206 Hoc
2351 2160 2707 2224 sapientissime

587 2193 696 2242 titio
731 2199 944 2258 ejusdem
972 2209 1125 2268 verbi,
1154 2215 1374 2278 conjicit,
1406 2242 1432 2260 ιι
1449 2222 1605 2284 Igitur
1691 2230 1927 2294 scriptum
1953 2243 2043 2282 est.
2066 2237 2189 2284 Nam
2215 2238 2400 2301 primus
2425 2239 2567 2288 locus
2589 2264 2610 2282 ι
2630 2242 2711 2290 be-

584 2273 726 2337 scito,
747 2281 957 2341 primum
977 2302 1072 2346 me,
1100 2302 1196 2340 etc.
1217 2316 1243 2335 a·
1262 2297 1292 2343 J
1298 2297 1378 2344 .V.
1395 2300 1435 2345 L

658 2370 734 2404 ιο.
764 2359 1018 2425 Rogaeusn.
1058 2370 1206 2420 Anno
1232 2374 1431 2436 quidem
1450 2395 1597 2443 supe-

583 2435 710 2483 riore
738 2439 908 2491 Cicero
929 2461 957 2492 a
972 2447 1138 2498 Silano
1169 2455 1369 2523 consule
1385 2458 1596 2520 primum

584 2513 739 2563 fuerat
764 2525 1046 2574 sententiam
1071 2542 1283 2594 rogatus.
1304 2536 1415 2583 Piso
1436 2549 1597 2586 autem

578 2596 752 2642 consul
779 2598 910 2648 bunc
937 2603 1175 2657 honorem
1201 2616 1483 2679 propinquo
1505 2635 1597 2666 suo

580 2672 639 2720 C.
679 2675 843 2727 Pisoni
879 2680 1055 2733 babere
1086 2690 1275 2739 maluit.
1310 2693 1369 2740 Id
1405 2712 1457 2742 se
1485 2713 1594 2744 mo-

577 2753 693 2804 leste
708 2757 870 2807 tulisse
880 2762 1052 2812 Cicero
1062 2768 1187 2816 male
1202 2769 1485 2837 dissimulat.
1498 2778 1590 2826 En.

651 2851 671 2882 1
687 2851 728 2884 1.
749 2838 1110 2907 Pacg‘ficatorem
1156 2850 1494 2917 Allobrogum.
1533 2857 1591 2905 C.

573 2912 890 2977 Calpurnium
935 2923 1158 2975 Pisonem
1205 2932 1432 2997 intelligit
1451 2968 1466 2992 ‚
1502 2935 1591 2998 qui

571 2991 779 3043 Galliam
831 2999 1197 3055 Narbonensem
1233 3026 1296 3058 ex
1329 3013 1589 3072 consulatu

575 3070 852 3125 obtinuerat
867 3115 882 3141 ‚
911 3081 962 3129 iu
985 3100 1082 3147 qua
1099 3088 1407 3154 Allobroges.
1428 3095 1486 3140 In
1504 3094 1591 3141 ad·

573 3150 939 3207 ministrationis
956 3162 1096 3213 istius
1123 3177 1340 3231 tempore
1363 3170 1590 3221 videntur

567 3233 775 3281 movisse
805 3237 992 3301 aliquid
1021 3243 1336 3308 Allobroges,
1376 3249 1513 3311 quod
1538 3264 1587 3299 et

569 3307 771 3360 historia
803 3317 1151 3376 conjurationis
1178 3325 1469 3375 Catilinariae
1496 3330 1582 3378 de-

568 3386 718 3438 clarat
737 3406 752 3439 :
778 3414 800 3434 ι
821 3395 937 3443 Piso
960 3397 1271 3463 incipientem
1292 3418 1476 3454 motum
1496 3426 1583 3457 sua

566 3469 824 3528 prudentia
868 3481 1144 3541 composuit
1164 3517 1179 3542 ,
1214 3494 1262 3531 et
1293 3484 1582 3538 fluctuantes

564 3547 755 3597 animos
798 3554 850 3601 in
898 3555 1063 3606 officio
1109 3564 1353 3613 continuit
1378 3588 1419 3615 a.
1458 3567 1580 3618 Ideo

561 3627 833 3689 appellatur
849 3655 874 3674 κ
890 3636 1171 3700 pacificator
1192 3643 1513 3709 Allobrogum
1531 3670 1577 3708 ι,

564 3708 700 3769 quod
737 3721 896 3761 tamen
923 3718 1096 3767 Cicero
1127 3722 1319 3771 videtur
1343 3741 1445 3773 uon
1474 3728 1577 3775 sine

561 3785 836 3839 urbanitate
862 3794 1020 3860 aliqua
1041 3800 1287 3860 dicere,et
1304 3807 1438 3866 joco.
1458 3809 1575 3858 Cas.

635 3883 714 3915 12.
733 3871 1149 3928 Admurmuranee
1168 3896 1358 3933 senam.
1374 3886 1575 3934 Senatus

554 3946 859 4012 significabat
885 3956 978 4002 sibi
1012 3974 1110 4006 non
1134 3962 1339 4025 placere.
1359 3967 1569 4016 Manu·-

636 4030 713 4079 13.
751 4031 976 4082 Homine.
1003 4038 1071 4085 M.
1086 4040 1259 4090 Pisone
1283 4060 1385 4091 cos.
1401 4045 1564 4095 Coun.

636 4118 715 4165 14.
740 4113 890 4178 Poenf
917 4113 1167 4179 principis.
1198 4122 1322 4169 Gell.
1358 4123 1442 4172 lib.
1481 4129 1569 4185 IV,

1690 2308 1969 2359 nivoleutiae
1996 2315 2212 2362 consulis
2228 2339 2252 2357 υ
2281 2318 2378 2364 sere
2400 2319 2709 2377 attribuitur:

1688 2404 1844 2453 neque
1864 2391 1903 2439 is
1918 2426 1932 2450 ,
1949 2394 2035 2456 qni
2052 2396 2237 2457 primus
2257 2409 2479 2462 rogatur,
2500 2399 2706 2452 inficiari

1685 2479 1849 2530 potest
1864 2505 1881 2528 ,
1920 2473 2042 2534 quin
2084 2490 2136 2520 se
2177 2476 2464 2526 obstrictum
2512 2481 2709 2532 consuli

1686 2545 1904 2595 fateatur.
1923 2552 2171 2600 Secundus
2189 2565 2350 2602 autem
2370 2555 2508 2603 locus
2534 2570 2707 2605 aucto-

1684 2625 1825 2673 ritati
1842 2638 1891 2675 et
1914 2629 2138 2693 dignitati
2164 2632 2472 2696 adscribitur,
2489 2646 2542 2700 ut
2569 2653 2700 2701 sape

1684 2704 1765 2753 hic
1784 2708 1938 2767 major
1953 2725 2097 2772 quam
2114 2712 2304 2774 primus
2330 2711 2602 2765 haberetur.
2622 2719 2706 2765 Sic

1679 2783 1991 2835 Themistocli
2005 2805 2033 2835 a
2047 2789 2424 2840 Lacedaemouiis
2435 2794 2698 2857 prudentia

1679 2877 1764 2909 sua
1784 2863 1988 2914 devictis
2009 2867 2190 2926 Persis,
2210 2871 2518 2934 suffragiisiu
2534 2873 2705 2923 urnam

1679 2943 1940 3002 conjectis,
1956 2963 2109 3009 quum
2138 2950 2513 3012 contendet-etur
2537 2965 2705 3003 utrum

1676 3022 1960 3086 Eurybiadi,
1972 3029 2057 3090 qui
2084 3040 2134 3078 et
2159 3029 2449 3079 fortitudine
2471 3049 2557 3080 sua
2584 3034 2705 3082 mul-

1676 3101 1934 3152 titudinem
1963 3108 2216 3156 Persarum
2243 3109 2450 3171 devicit,
2474 3113 2695 3175 praeferri

1677 3179 1873 3230 deberet
1886 3219 1902 3245 ,
1937 3200 2000 3240 au
2026 3187 2327 3251 Eurybiades
2345 3190 2658 3239 Themistocli
2674 3225 2691 3250 ,

1675 3260 1918 3309 secundus
1944 3263 2083 3311 locus
2105 3268 2400 3329 prudentiae,
2420 3269 2692 3332 quasdem·

1675 3337 1743 3385 ria
1761 3351 1897 3402 parta
1915 3341 2082 3401 suerat,
2097 3346 2356 3396 attributus
2370 3358 2455 3395 est.
2471 3346 2689 3396 Dubium

1670 3429 1831 3466 autem
1874 3437 1973 3468 non
2014 3423 2136 3483 fuit,
2172 3426 2295 3488 quin
2333 3427 2513 3492 primus
2547 3427 2690 3477 locus

1670 3496 2012 3554 benivolentia:
2025 3537 2039 3558 ‚
2055 3503 2177 3552 alter
2193 3507 2360 3555 virtuti
2377 3507 2684 3558 attribuatur.

1668 3577 1795 3628 vide
1821 3580 2015 3631 Herod..
2037 3592 2086 3630 et
2107 3584 2353 3636 Plutarch.
2374 3588 2586 3637 Mean.

1742 3658 1824 3705 15.
1865 3661 2073 3709 Tantum
2108 3665 2382 3714 cavillator.
2412 3669 2564 3715 Vetus
2600 3686 2689 3716 co·

1666 3734 1762 3786 dex
1805 3752 1818 3784 :
1863 3758 1885 3780 ι
1926 3750 2084 3788 tamen
2138 3744 2390 3793 cavillator
2420 3768 2463 3794 υ.
2516 3748 2694 3796 Bosius

1663 3814 1846 3870 Banna.

1740 3895 1820 3942 16.
1884 3896 2099 3945 Moroso.
2159 3903 2349 3950 Frustra
2412 3906 2687 3968 corrigebat

1663 3971 1858 4020 Salmas.
1885 3991 2103 4033 mec-oso,
2126 3980 2261 4043 quod
2291 3981 2426 4029 ducit
2449 3999 2475 4030 a
2500 3988 2686 4049 μῶκος,

1656 4067 1819 4101 unua.
1851 4056 2111 4105 Actionem
2138 4060 2379 4108 mimicam
2404 4073 2451 4108 et
2477 4065 2688 4126 gesticu-

1655 4126 1873 4182 latoriam
1889 4150 2137 4188 mocosam
2152 4149 2334 4187 veteres
2341 4141 2677 4204 appellabant.
