3023 4773
646 427 738 498 88

642 609 914 630 mmm
919 610 1006 630 Μ

1240 488 1245 493 .
1295 431 1389 499 Μ.
1440 432 1519 498 Τ.
1574 427 2123 503 CICERONIS

1832 606 2753 631 mmmmm

1153 786 1757 868 EPISTOLA
1811 788 2264 868 LXXVII.

642 949 854 1007 Officio
906 967 1011 1007 suo
1072 950 1133 1006 in
1181 948 1604 1027 supplicatione
1652 946 2021 1007 decernenda
2067 959 2305 1006 narrato
2332 988 2351 1015 ‚
2403 943 2779 1004 commendat

721 1051 803 1104 M.
834 1046 1145 1118 Bolanum,
1173 1059 1259 1118 et,
1300 1059 1370 1104 ut
1405 1065 1638 1105 servum
1677 1046 1983 1123 fugitivum
2023 1044 2252 1104 restitui
2277 1056 2485 1115 curet,
2515 1055 2780 1109 amanter

719 1156 902 1221 rogat.
930 1142 1183 1223 (Roma,
1215 1161 1369 1200 anno
1396 1146 1470 1202 U.
1497 1146 1561 1203 C.
1589 1144 1731 1216 708,
1774 1161 1968 1224 mense
2008 1139 2243 1221 sextili.)

1014 1323 1104 1388 M.
1133 1323 1210 1387 T.
1249 1324 1320 1386 C.
1355 1322 1424 1387 P.
1462 1320 1871 1386 SULPIClO¹
1900 1318 2186 1387 IMPER.
2215 1317 2282 1384 S.
2308 1320 2392 1383 D.
2444 1388 2456 1399 ν

741 1469 971 1558 Quum
1010 1464 1121 1537 his
1164 1459 1618 1563 temporibus
1656 1484 1805 1533 non
1847 1484 2019 1532 sane
2060 1461 2138 1530 in
2173 1473 2502 1532 senatum
2543 1461 2782 1530 venti-

592 1580 597 1587 ’
642 1594 901 1667 tarem3
927 1592 1203 1665 tamen,
1223 1590 1308 1645 ut
1333 1590 1489 1661 tuas
1517 1572 1759 1659 literas
1786 1571 1927 1668 legi
1948 1625 1967 1659 ‚
1993 1596 2146 1643 non
2174 1569 2604 1656 existimavi,
2631 1593 2786 1653 me,

718 1814 767 1847 t.
802 1798 860 1845 P.
895 1780 1125 1860 Suspicio.
1162 1792 1488 1865 Bernardinus
1520 1791 1664 1856 Ruti-

642 1878 767 1936 lius,
801 1876 890 1940 qui
918 1876 1177 1940 opiniones
1204 1873 1436 1938 quasdam
1464 1888 1575 1919 suas
1610 1874 1663 1919 in

644 1956 944 2013 Familiares,
972 1964 1028 2002 ut
1046 1964 1251 2009 vocant,
1281 1952 1530 2001 Ciceronis
1548 1950 1665 2015 Epi·

643 2036 815 2092 stolas,
852 2051 930 2082 me
965 2048 1151 2097 puero,
1189 2031 1369 2091 edidit,
1403 2030 1665 2095 legendum

644 2113 965 2163 arbitrabatur
994 2134 1017 2156 ι
1044 2113 1094 2159 P.
1114 2111 1314 2159 Vatinio
1334 2134 1386 2169 a,
1424 2110 1667 2158 adductus

645 2194 699 2240 in
725 2194 852 2240 hanc
883 2193 1167 2240 sententiam
1202 2208 1258 2238 ea
1294 2191 1482 2238 ratione
1498 2225 1516 2252 ‚
1551 2189 1667 2253 quia

647 2272 820 2322 Cicero
842 2270 904 2319 de
933 2287 1075 2323 servo
1094 2286 1186 2318 sno
1213 2269 1461 2333 Dionysio
1495 2268 1670 2319 scribit

648 2351 701 2400 in
727 2350 819 2400 hac
841 2351 1046 2415 epistola
1066 2364 1081 2400 τ
1110 2349 1171 2398 de
1195 2364 1297 2418 quo
1314 2348 1668 2401 itemVatinius

648 2431 712 2480 ad
730 2432 1014 2481 Ciceronem
1039 2431 1092 2477 in
1119 2428 1308 2476 duabus
1329 2445 1361 2490 9
1376 2461 1391 2487 ,
1426 2444 1487 2476 ro
1507 2428 1668 2488 lib.v,

651 2521 700 2558 et
721 2510 787 2558 ad
816 2525 927 2557 eum
962 2508 1135 2557 Cicero
1168 2506 1311 2570 epist.
1342 2522 1431 2564 tt,
1465 2508 1667 2557 ibidem.

652 2589 810 2637 Sensit
846 2586 979 2634 idem
1011 2596 1186 2650 postea
1212 2585 1457 2648 Corradus
1492 2588 1546 2634 in
1570 2588 1671 2634 suis

652 2666 868 2717 scholiis.
886 2665 1014 2713 Mihi
1037 2680 1139 2716 non
1159 2664 1275 2712 satis
1292 2681 1451 2730 neque
1468 2665 1643 2715 Rutilii
1655 2701 1670 2724 ,

651 2764 812 2812 neque
853 2743 1056 2795 Corradi
1096 2743 1333 2792 sententia
1351 2777 1368 2803 ,
1405 2733 1552 2808 qnam
1588 2733 1670 2792 alii

651 2839 819 2892 postea
851 2823 1044 2888 sequuti
1071 2835 1210 2883 snut,
1244 2824 1495 2888 probatur.
1516 2825 1672 2883 Nam,

654 2917 710 2955 ut
750 2903 876 2952 illud
915 2903 1162 2966 omittam,
1195 2903 1335 2967 quod
1380 2903 1485 2952 haec
1531 2904 1674 2964 hujus

654 2982 873 3051 epistolae
904 2982 1089 3044 verba:
1138 3005 1162 3024 ι·
1191 2983 1337 3031 Salvo
1356 2983 1467 3045 jure
1491 2982 1675 3038 nostru!

655 3064 829 3113 veteris
852 3063 1076 3111 amicitiae
1095 3086 1120 3105 a
1141 3077 1154 3112 τ
1175 3074 1226 3112 et
1249 3080 1360 3127 qnae
1379 3076 1493 3112 sunt
1515 3064 1671 3113 infra:

656 3147 788 3193 ..Pro
823 3152 911 3190 tuo
956 3154 1195 3207 perpetuo
1232 3144 1284 3190 in
1315 3159 1392 3189 me
1430 3142 1672 3192 studio-»2

659 3242 760 3274 non
788 3224 1016 3274 videntur
1041 3223 1091 3270 in
1114 3223 1364 3270 Vatinium
1390 3223 1678 3284 convenire,

659 3306 796 3367 cnjus
818 3320 929 3368 erga
942 3303 1227 3356 Ciceronem
1242 3312 1531 3366 perpetuum
1549 3314 1678 3351 certe

660 3385 876 3440 studium
908 3398 1007 3431 non
1042 3383 1225 3443 fuerat,
1260 3381 1546 3440 inimicitiis,
1576 3398 1680 3431 ora-

565 3484 573 3488 ·
662 3463 797 3510 tione
821 3461 1051 3522 adversus
1077 3477 1187 3509 eum
1219 3461 1505 3520 notissimis,
1526 3462 1678 3510 inter-

665 3551 897 3605 ruptumz
925 3552 980 3588 ut
1007 3542 1128 3600 hoc,
1166 3541 1394 3605 inquam,
1433 3541 1681 3600 omittam,

665 3618 799 3684 quod
825 3621 985 3684 exigui
1012 3620 1243 3685 ponderis
1269 3638 1369 3669 uon
1397 3632 1505 3670 est:
1542 3621 1681 3670 valde

665 3716 742 3748 me
771 3710 936 3747 movet
963 3716 1018 3747 ea
1044 3702 1171 3750 ratio
1192 3738 1206 3761 ,
1232 3701 1368 3766 quod
1411 3711 1528 3765 post
1566 3717 1682 3765 sup-

665 3777 980 3843 plicationem
996 3779 1235 3829 decretam
1248 3780 1418 3829 scribit
1429 3780 1603 3831 Cicero
1624 3779 1684 3828 de

669 3873 809 3905 servo
844 3872 935 3904 suo
968 3857 1031 3903 ad
1067 3859 1366 3923 Sulpicium:
1412 3871 1462 3910 at
1485 3860 1685 3912 Vatinio

670 3936 862 3983 decreta
913 3935 1201 4000 supplicatio
1250 3940 1444 3988 videtur
1488 3936 1686 3987 octobri

672 4032 862 4072 mense,
899 4025 955 4061 ut
989 4031 1051 4061 cx
1088 4018 1231 4079 epist.
1259 4036 1349 4077 ιο,
1384 4018 1475 4067 lib.
1494 4022 1556 4078 V,
1582 4034 1684 4080 non

672 4093 872 4142 dubiam
891 4093 1046 4141 faeere
1067 4097 1394 4156 conjecturam
1412 4098 1546 4145 licet.
1565 4098 1689 4145 Scri-

674 4176 772 4241 psit
794 4176 922 4223 enim
931 4174 1153 4224 Vatinius
1175 4176 1321 4225 nonis
1337 4176 1440 4226 dec.
1464 4193 1568 4225 eam
1585 4178 1688 4241 epi·

1748 1791 1941 1852 stolam,
1954 1806 2107 1854 quum
2125 1790 2188 1838 de
2207 1787 2563 1855 supplicatione
2585 1786 2786 1835 decreta

1744 1871 1844 1932 jam
1881 1886 1909 1917 e
1952 1870 2202 1919 Ciceronis
2241 1868 2398 1917 literis
2443 1868 2778 1931 cognovisset.

1749 1952 1878 1997 Ante
1902 1948 2218 1997 novembrem
2239 1958 2399 1996 autem
2426 1947 2624 1994 alteram
2651 1947 2789 2007 ejus-

1752 2029 1863 2095 dem
1875 2028 2131 2094 epistolam
2144 2038 2394 2091 acceperat
2414 2026 2604 2084 Cicero,
2616 2024 2788 2073 datam

1752 2126 1780 2157 v
1803 2109 1873 2157 id.
1899 2109 2058 2177 quint.
2077 2109 2128 2155 in
2152 2124 2248 2177 qua
2275 2108 2336 2156 de
2362 2107 2473 2170 fuga
2501 2105 2626 2153 servi
2649 2105 2789 2153 Dio-

1752 2190 1881 2255 nysii
1916 2188 1968 2238 se
2003 2179 2248 2237 audivisse
2282 2185 2597 2251 significavit.
2627 2184 2786 2248 Quod

1751 2286 1903 2333 quum
1921 2269 1990 2318 ita
2018 2269 2116 2328 sit;
2153 2269 2234 2319 cui
2255 2265 2512 2316 verisimile
2542 2264 2790 2324 videatur,

1753 2348 1879 2398 hanc
1908 2349 2165 2413 epistolam
2179 2383 2194 2408 ‚
2217 2347 2437 2411 Sulpicio
2462 2346 2746 2409 inscriptam
2765 2379 2788 2404 ‚

1753 2430 1805 2477 in
1840 2446 1937 2494 qua
1979 2429 2040 2478 de
2083 2427 2443 2493 supplicatione
2483 2426 2674 2474 decreta
2723 2423 2757 2472 fi
2766 2437 2790 2473 t

1752 2510 1964 2567 mentio,
1998 2508 2063 2556 ad
2081 2508 2331 2555 Vatinium
2360 2505 2422 2553 de
2447 2504 2683 2570 Dionysii
2708 2504 2790 2551 fn·

1755 2605 1840 2654 ga,
1862 2588 2019 2637 multo
2045 2597 2157 2636 ante
2177 2585 2590 2650 supplicationem
2613 2583 2658 2631 ei
2691 2600 2789 2631 co-

1755 2669 1916 2734 gnita,
1941 2679 1997 2715 ut
2027 2668 2192 2731 ignota
2225 2665 2287 2713 de
2323 2682 2376 2712 re
2409 2665 2602 2712 missam
2637 2680 2744 2710 esse
2764 2667 2791 2712 i·

1745 2748 1836 2797 'Ad
1863 2747 1990 2795 hanc
2018 2746 2252 2793 rationem
2273 2743 2464 2793 accedit
2490 2744 2655 2801 altera,
2677 2744 2791 2806 ipsa

1757 2842 1957 2891 quoque
1971 2862 1986 2886 ,
2007 2836 2064 2873 ut
2087 2825 2318 2883 arbitror,
2341 2839 2445 2872 non
2467 2833 2792 2870 contemnen-

1760 2906 1837 2954 da.
1865 2907 1989 2955 Nam
2011 2920 2162 2968 quum
2184 2905 2356 2952 Cicero
2376 2902 2792 2967 supplicationem

1759 2985 2000 3034 decretam
2043 2984 2263 3049 Sulpicio
2301 2980 2571 3048 significat,
2610 2981 2793 3029 eodem

1760 3076 1981 3129 tempore
2003 3067 2082 3114 M.
2102 3064 2338 3113 Bolanum
2356 3061 2794 3111 commendat.Va-

1761 3144 1912 3193 tinius
1929 3155 2090 3192 autem
2106 3144 2158 3190 in
2178 3142 2384 3208 epistola
2408 3158 2494 3189 sna
2523 3139 2583 3187 de
2598 3140 2798 3204 suppli-

1763 3224 1954 3272 catione
1978 3224 2072 3272 sibi
2100 3222 2291 3271 decreta
2320 3221 2651 3286 respondens,
2681 3234 2797 3266 ver-

1763 3305 1881 3353 bum
1903 3304 1964 3352 de
1993 3304 2179 3353 Bolano
2208 3302 2395 3349 nullum
2420 3302 2550 3348 facit.
2571 3299 2799 3348 Consen-

1763 3402 1871 3434 sum
1890 3384 2066 3433 omitto
2086 3395 2302 3431 veterum
2320 3382 2557 3429 librorum
2575 3414 2590 3440 ,
2609 3379 2800 3444 quibus

1764 3465 1814 3537 in
1842 3464 2069 3512 omnibus
2094 3463 2348 3528 perspicue
2366 3462 2601 3524 scriptum
2621 3459 2798 3520 video,

1766 3561 1827 3593 ne
1857 3559 1953 3592 nna
1988 3542 2187 3606 quidem
2220 3543 2359 3590 litem
2388 3541 2637 3588 veritatem
2673 3541 2795 3588 obs-

1767 3633 1989 3681 curante,
2004 3624 2093 3670 «P.
2109 3621 2329 3685 Sulpicio
2343 3643 2387 3669 ι.
2408 3619 2802 3669 Mam—Placet

1768 3705 2046 3764 coniectura
2060 3701 2234 3749 Rutilii
2252 3712 2301 3749 et
2317 3699 2804 3751 Corradi.Vatinium

1769 3782 1898 3830 enim
1925 3792 2027 3829 tum
2052 3781 2280 3844 Illyrico,
2306 3779 2576 3843 Sulpicium
2593 3779 2805 3828 Achaiae

1770 3861 2046 3925 praefuisse,
2069 3869 2246 3922 praeter
2269 3858 2478 3906 adducta
2503 3857 2613 3904 loca
2630 3869 2807 3905 osten·

1774 3940 1899 3987 dunt
1936 3940 2051 3987 libri
2086 3941 2154 3987 1v
2183 3938 2400 4003 epistolae
2434 3941 2463 3985 5
2490 3948 2538 3985 et
2565 3938 2614 3985 6.
2653 3939 2686 3984 J
2693 3974 2706 3985 .
2739 3940 2802 3987 F.

1773 4021 1941 4076 Gnou-
1955 4046 2027 4055 --
2042 4018 2155 4068 Sch.
2177 4017 2372 4082 quidem
2393 4016 2604 4064 adsentit
2619 4017 2810 4064 Manu-

1775 4097 1880 4145 tio:
1920 4099 2007 4146 sed
2041 4108 2188 4146 restat
2221 4097 2304 4145 illa
2337 4097 2575 4145 dubitatio
2601 4111 2613 4144 :
2643 4113 2807 4157 quum

1774 4181 1828 4229 in
1840 4178 2026 4228 Vatinii
2043 4177 2248 4243 imperio
2270 4176 2386 4226 urbs
2405 4177 2602 4227 Narona
2617 4175 2768 4224 suerit
2785 4210 2806 4238 ,
