3023 4773
605 438 1121 505 EPISTOLAE
1177 428 1307 504 AI)
1358 438 1843 522 ATTICUM,
1897 442 2008 523 ΙΙ,
2067 441 2173 522 14.
2314 439 2442 534 39¹

340 554 609 643 habeo,
678 582 825 627 non
890 556 1125 627 villam
1151 569 1204 643 7,
1267 556 1671 654 frequentia
1731 561 2298 631 Formianorum.
2366 566 2457 633 At

339 692 559 763 quam
597 664 887 764 parem⁸
926 665 1226 739 basilicae
1271 667 1541 737 tribum
1584 668 1980 738 AEmiliam?
2013 669 2153 740 Sed
2197 673 2457 741 omitto

336 777 640 874 vulgussv
680 805 695 847 ε
748 791 914 875 post
957 778 1210 849 horam
1261 803 1333 847 1v
1382 778 1661 849 molesti
1714 781 2013 848 ceteri¹⁰
2071 804 2219 848 non
2262 795 2455 850 sunt.

339 891 417 958 C.
451 890 699 959 Arrius
734 890 1106 986 proximus
1139 888 1246 959 est
1281 889 1557 958 vicinus
1589 915 1604 956 :
1641 890 1789 957 imo
1825 885 1946 958 ille
1982 887 2274 982 quidem
2308 889 2455 981 jam

337 996 909 1083 contubernalis3
939 999 1065 1092 qui
1103 1001 1320 1067 etiam
1347 993 1422 1067 §e
1453 996 1716 1068 idcirco
1746 1001 2044 1066 Romam
2077 997 2179 1068 ire
2207 1012 2452 1093 negat,

333 1118 416 1174 ut
452 1104 570 1176 hic
595 1131 878 1178 mecum
907 1120 1100 1177 totos
1122 1104 1278 1179 dies
1296 1105 1867 1203 philosophetur.
1903 1111 2087 1177 Ecce
2121 1130 2207 1178 ex
2236 1108 2454 1179 altera

333 1229 533 1309 parte
569 1215 913 1301 SebosuS,
951 1215 1069 1286 ille
1097 1217 1329 1287 Catuli
1360 1214 1745 1286 familiaris.
1790 1218 1958 1305 Quo
1986 1240 2102 1286 me
2132 1218 2456 1287 vertam?

333 1325 569 1394 statim
607 1325 1016 1398 mehercule
1065 1330 1416 1425 Arpinum
1457 1327 1669 1412 irem,
1728 1328 1804 1395 ni
1856 1340 1925 1397 te
1962 1329 2036 1396 in
2076 1332 2454 1397 Formiano

334 1436 910 1508 commodissime
940 1441 1331 1535 exspectari
1372 1435 1722 1520 viderem,
1766 1435 2112 1507 duntaxat
2149 1435 2239 1506 ad
2270 1436 2451 1534 prid.

333 1569 503 1615 uon.
551 1549 709 1617 mai.
750 1545 930 1617 Vide
985 1549 1210 1631 enim,
1265 1546 1535 1643 quibus
1589 1544 2008 1643 hominibus
2057 1571 2263 1617 aures
2310 1547 2454 1616 sint

331 1654 582 1727 deditae
632 1674 826 1729 meae.
877 1663 1417 1731 Occasionem¹¹
1475 1656 1885 1741 mirificam,
1933 1659 1989 1726 si
2045 1657 2173 1752 qui
2220 1678 2452 1742 nunc,

330 1764 505 1836 dum
541 1766 618 1837 hi
651 1767 842 1866 apud
875 1794 994 1839 me
1019 1783 1188 1839 sunt
1211 1822 1230 1851 ‚
1273 1791 1510 1840 emere
1544 1767 1634 1839 de
1663 1792 1778 1838 me
1807 1766 2114 1837 fundum
2146 1771 2453 1841 Formia-

330 1896 509 1945 num
542 1878 736 1947 velit.
770 1883 858 1947 Et
883 1893 1123 1948 tamen
1162 1875 1336 1947 illud
1372 1877 1675 1974 probem
1700 1877 1810 1945 ¹²?
1851 1904 1882 1941 α
1902 1902 2245 1972 magnum
2270 1880 2451 1975 quid

327 2015 362 2050 «
384 1984 922 2080 aggrediamur,
965 2000 1036 2057 et
1070 1987 1307 2056 multae
1343 1987 1792 2081 cogitationis
1819 1990 2036 2083 atque
2073 1988 2222 2058 otii.
2244 2018 2277 2052 »
2313 1991 2447 2060 Sed

326 2106 570 2163 tamen
613 2092 905 2165 satisfiet
949 2117 989 2164 a
1033 2094 1283 2180 nobiS‚
1327 2117 1566 2190 neque
1611 2111 1944 2193 parcetur
1986 2096 2230 2168 labori.

1433 2289 1617 2337 dictum
1638 2300 1709 2337 est
1727 2288 1894 2337 omitto
1911 2290 2107 2354 vulgus.
2131 2292 2298 2340 Inuuit
2321 2295 2449 2342 euim
2490 2348 2498 2355 ,

1432 2367 1648 2433 qualibet
1672 2368 1793 2417 bora
1819 2368 1915 2418 diei
1945 2369 2330 2419 molestissimum
2351 2390 2452 2422 esse

1430 2448 1606 2512 vulgus
1656 2449 2021 2497 Formianorum
2041 2485 2055 2510 ,
2107 2450 2283 2498 nedum
2337 2464 2452 2516 post

402 2306 452 2349 7.
496 2288 759 2337 Basilicam
784 2289 938 2337 liabeo
954 2325 968 2344 ,
1009 2303 1108 2336 non
1142 2288 1340 2337 villam.

325 2370 508 2416 Locum
553 2368 879 2432 frequentem,
926 2382 978 2417 ut
1019 2368 1191 2417 Roma
1231 2379 1345 2416 sunt

325 2447 551 2497 basilicoe.
581 2449 741 2499 Coun.

397 2531 450 2576 8.
485 2532 555 2575 Ae
591 2545 746 2592 quam
765 2545 949 2592 parem.
994 2531 1062 2576 lta
1096 2529 1239 2575 etiam
1259 2527 1345 2574 Vi·

327 2610 508 2655 ctorius
525 2608 694 2655 edidit.
719 2609 778 2654 Iu
801 2610 923 2656 Mss
945 2606 1259 2664 nonnullis,·=
1277 2607 1342 2652 At

326 2703 470 2751 quam
510 2699 694 2753 partem
736 2685 974 2742 basilicae,
1015 2697 1151 2734 etc.»
1194 2685 1343 2747 Quod

327 2769 396 2815 sic
432 2769 777 2834 iuterpretatur
820 2771 948 2818 Gov.
991 2792 1017 2811 ‹-
1039 2771 1097 2815 Iu
1131 2767 1343 2815 basilicis

327 2862 529 2912 qunque
561 2849 715 2898 tribus
746 2860 929 2897 certum
961 2860 1011 2897 et
1041 2848 1342 2911 designatum

323 2925 488 2974 locum
505 2928 731 2977 habebat.
750 2927 930 2977 Tribus
945 2938 1107 2975 autem
1128 2926 1315 2973 AEmilia
1327 2960 1342 2980 ,

324 3003 599 3069 plenissima
661 3007 879 3054 omnium
935 3006 1150 3052 tribuum
1214 3015 1335 3053 erat.

325 3085 492 3145 Quum
516 3101 630 3149 ergo
662 3085 862 3132 dixisset
898 3084 1142 3131 basilicam
1173 3099 1224 3130 se
1255 3083 1339 3130 ba·

324 3162 439 3210 bere
483 3164 847 3212 Formianorum
897 3163 1193 3225 frequentia,
1238 3176 1340 3209 nou

322 3242 513 3300 villam3
549 3243 819 3306 subJunxit,
853 3243 918 3289 At
942 3257 1045 3287 uon
1076 3239 1341 3303 quamlibet

320 3322 531 3372 basilicae
545 3335 729 3388 partem
744 3338 760 3384 ;
773 3322 955 3370 tribum
965 3356 981 3382 ,
996 3319 1172 3383 iuquit,
1182 3318 1340 3365 habeo

322 3402 562 3450 AEmiliam
588 3424 627 3450 ι.
659 3402 759 3451 Alii
797 3401 957 3465 legant
1000 3397 1133 3464 apud
1179 3399 1340 3445 Graev.

320 3483 500 3529 Sensus
512 3495 680 3530 noster
696 3493 802 3530 est:
831 3484 896 3527 Δι
916 3478 1168 3543 quomodo
1190 3487 1338 3523 totam

324 3561 505 3608 tribum
523 3562 761 3609 AEmiliam
785 3576 949 3625 parem
986 3559 1144 3608 dicam
1172 3555 1338 3602 basili-

322 3656 421 3696 cae,
443 3643 477 3689 i.
499 3657 545 3689 e.
560 3658 705 3704 quam
727 3640 923 3688 basilica
951 3639 1127 3703 capiat.
1164 3639 1220 3683 Iu
1250 3635 1341 3682 hac

321 3731 484 3767 autem
536 3721 667 3768 tribu
713 3719 958 3768 Formiani
1004 3716 1339 3767 censebantur.

319 3799 480 3846 'Locus
511 3812 673 3848 autem
707 3799 942 3847 Lambino
973 3810 1226 3862 suspectus
1251 3796 1338 3842 ha·

323 3877 482 3926 betur.
517 3880 610 3926 En.
643 3905 712 3914 —
751 3877 879 3924 Olim
919 3876 1191 3923 edebatur:
1233 3897 1254 3915 ο·
1276 3877 1342 3922 At

321 3972 596 4021 comparem
621 3957 887 4004 basilicae».
909 3957 959 4003 J.
976 3958 1039 4002 V.
1063 3958 1112 4001 1..

398 4054 444 4097 9.
477 4036 654 4085 Omitto
682 4036 874 4100 vulgus.
901 4031 1044 4084 Κατὰ
1071 4031 1339 4100 παρένθισιν

1431 2539 1650 2591 quartam
1670 2529 1848 2577 solum.
1875 2530 1988 2576 Bos.

1509 2622 1586 2654 xo.
1616 2607 1783 2655 Ceteri.
1812 2608 1969 2655 Ceteri
1996 2610 2082 2670 qui
2106 2620 2220 2654 suut
2249 2610 2451 2655 Formiis

1431 2685 1552 2733 mibi
1594 2685 1785 2734 molesti
1835 2701 1938 2734 non
1975 2696 2090 2733 eunt
2124 2696 2239 2749 post
2281 2686 2449 2735 horam

1430 2776 1667 2829 quartem.
1710 2765 1835 2814 Nam
1880 2775 1994 2812 ante
2028 2780 2132 2812 eam
2166 2765 2335 2813 boram
2371 2783 2447 2815 me

1430 2843 1573 2891 valde
1598 2843 1970 2890 salutationibus
1997 2843 2325 2907 interpellant.
2357 2847 2452 2892 Re-

1429 2924 1616 2987 liquum
1638 2934 1827 2986 tempus
1846 2921 1941 2968 diei
1964 2922 2021 2970 C.
2042 2922 2213 2970 Arrius
2232 2931 2280 2969 et
2298 2921 2451 2970 Sebo-

1427 3019 1507 3049 sus
1528 3018 1603 3049 me
1621 3017 1724 3048 nou
1740 2999 1907 3047 sinunt
1931 2999 2187 3062 tranquille
2212 3013 2260 3048 et
2285 3000 2447 3064 quiete

1428 3080 1633 3138 ducere,
1668 3078 1739 3126 ita
1781 3076 1952 3126 odiose
1998 3077 2267 3141 importuni
2311 3090 2443 3128 sunt.

1426 3160 1625 3207 Rosius.
1712 3212 1716 3215 Α

1504 3253 1524 3284 1
1541 3255 1586 3286 1.
1632 3235 1961 3284 Occasionem.
2007 3233 2282 3297 Quoniam,
2328 3235 2442 3284 dum

1431 3316 1710 3378 frequentiae
1735 3313 1881 3375 hujus
1903 3330 1978 3360 me
2002 3312 2147 3360 taedet
2164 3348 2179 3370 ‚
2206 3311 2372 3374 facile,
2398 3327 2445 3362 et

1429 3396 1630 3442 minoris
1650 3393 1856 3442 fundum
1874 3393 2150 3441 venderem.
2180 3394 2346 3442 Coun.

1505 3492 1587 3523 12.
1615 3476 1832 3522 probem.
1859 3473 2135 3538 Legeudum
2162 3490 2272 3520 cum
2296 3476 2446 3522 inter-

1429 3554 1708 3617 rogatione,
1744 3554 1883 3616 quasi
1914 3552 2068 3611 dicat,
2092 3549 2196 3597 fieri
2225 3568 2326 3599 nou
2354 3568 2446 3616 po-

1432 3645 1523 3681 test
1540 3668 1554 3689 ,
1584 3651 1734 3698 quum
1765 3632 1967 3697 singulis
1995 3630 2132 3678 horis
2158 3631 2448 3695 interpeller,

1430 3725 1483 3761 ut
1513 3713 1591 3770 id,
1622 3712 1758 3776 quod
1784 3712 1980 3773 suades,
2008 3710 2206 3773 probem
2224 3748 2236 3769 ,
2266 3724 2313 3760 et
2341 3729 2442 3758 ma-

1429 3809 1581 3857 gnum
1609 3791 1795 3854 aliquid
1820 3788 2085 3854 aggrediar,
2108 3803 2154 3838 et
2177 3792 2340 3838 multe
2363 3807 2446 3837 co·

1432 3873 1698 3936 gitatiouis.
1718 3870 1847 3917 Nam
1863 3869 1964 3916 haec
1982 3868 2126 3916 verba
2141 3904 2154 3926 ‚
2174 3891 2198 3911 e«
2213 3872 2444 3933 Magnum

1429 3949 1615 4014 aliquid
1641 3948 2000 4013 aggrediamur,
2030 3960 2121 3996 etc.
2138 3973 2161 3990 »-
2201 3948 2451 4013 descripsit

1430 4046 1487 4077 ex
1506 4029 1709 4093 epistola
1731 4028 1899 4076 Attici.
1929 4015 2045 4077 Βοεζ
