3023 4773
699 459 839 533 500
1339 464 1436 530 M.
1487 463 1564 529 T.
1623 462 2190 533 CICERONIS

696 588 939 674 Romae
957 636 976 671 ,
1003 597 1090 653 ut
1112 585 1438 678 Corcyrae
1474 580 1905 653 Buthrotum
1929 580 2108 651 illud
2137 591 2364 650 tuum.
2396 578 2591 652 Nihil
2622 583 2827 677 quie-

696 691 840 759 tius
857 744 875 774 ,
901 687 1078 758 nihil
1107 686 1352 770 alsius,
1378 687 1557 757 nihil
1587 689 1941 758 amoenius
1970 714 1986 756 ε
2021 688 2107 763 εἴη
2135 688 2425 781 μισητὸς7
2452 688 2621 783 φίλος
2641 684 2826 770 οἶκος.

698 802 952 867 Postea
1001 820 1174 866 vero
1235 818 1453 892 quam
1509 799 1870 891 Tyrannio
1923 796 2099 866 mihi
2154 795 2380 867 libros
2430 795 2827 894 disposuit,

695 900 951 977 mens8
994 904 1231 975 addita
1261 904 1545 974 videtur
1576 906 1751 974 meis
1786 904 2058 975 aedibus
2090 931 2104 973 ε
2138 930 2282 1000 qua
2309 903 2601 1003 quidem
2631 908 2703 974 in
2742 932 2827 976 re

697 1015 1000 1085 mirifica
1038 1038 1262 1113 opera
1305 1015 1661 1110 Dionysii,
1700 1028 1773 1085 et
1806 1013 2255 1112 Menophili9
2292 1016 2399 1083 tui
2435 999 2589 1084 fuit.
2625 1014 2827 1085 Nihil

697 1128 1101 1206 venustius,
1128 1149 1342 1220 quam
1371 1124 1488 1194 illa
1521 1139 1641 1194 tua
1661 1134 2085 1223 pegmata¹⁰,
2104 1139 2486 1221 postquam
2511 1126 2605 1194 mi
2622 1126 2825 1222 sitty-

696 1233 807 1305 bis
826 1233 1051 1303 libros
1074 1233 1543 1304 illustrarunt.
1568 1234 1790 1305 Valde
1811 1245 1953 1305 est¹
1971 1244 2016 1301 ¹.
2041 1233 2322 1304 Scribas
2350 1234 2440 1304 ad
2465 1259 2581 1305 me
2608 1234 2825 1305 velim

695 1343 786 1415 de
824 1340 1439 1438 gladiatoribus¹²,
1478 1342 1608 1415 sed
1645 1345 1779 1432 ita,
1815 1343 2005 1414 bene
2050 1345 2107 1415 si
2140 1369 2296 1415 rem
2330 1359 2636 1442 gerunt:
2668 1371 2828 1417 non

696 1478 975 1551 quaero,
1020 1452 1206 1523 male
1242 1458 1302 1524 si
1342 1478 1418 1525 se
1455 1477 1757 1551 gessere.

792 1569 1073 1661 Apenas
1095 1561 1153 1606 ¹³
1178 1565 1297 1634 vix
1318 1562 1735 1635 discesserat
1753 1616 1772 1649 ‚
1788 1587 2020 1659 quum
2041 1562 2341 1661 'epistola
2362 1567 2446 1632 ¹4.
2470 1561 2663 1652 Quid
2680 1564 2828 1636 ais?

694 1687 1001 1771 putasne
1046 1670 1239 1757 fore,
1286 1687 1364 1742 ut.
1406 1671 1637 1766 legem
1684 1696 1835 1742 non
1876 1670 2102 1745 ferat?
2146 1673 2300 1761 dic,
2347 1697 2482 1744 oro
2528 1690 2634 1763 te,
2675 1674 2825 1745 cla-

692 1785 886 1854 rius:
917 1784 1033 1852 vix
1064 1783 1261 1852 'enim
1316 1780 1497 1849 mihi
1549 1780 1918 1851 exaudisse
1965 1780 2233 1852 videor.
2270 1786 2538 1852 Verum
2579 1783 2825 1851 statim

694 1891 806 1965 fac
834 1907 916 1963 ut
941 1892 1193 1976 sciam,
1232 1890 1291 1958 si
1329 1887 1547 1959 modo
1584 1888 1715 1960 tibi
1751 1904 1859 1960 est
1886 1889 2372 1961 commodum.
2413 1887 2634 1961 Ludis
2658 1892 2824 1987 qui-

691 2002 858 2072 dem
903 2000 1248 2097 quoniam
1288 1996 1440 2069 dies
1485 2013 1593 2070 est
1639 1996 1960 2087 addituS,
2004 2023 2091 2070 eo
2142 2001 2355 2070 etiam
2395 1999 2653 2071 melius
2698 2000 2825 2071 hic

691 2133 856 2181 eum
903 2108 1098 2178 diem
1128 2132 1297 2178 cum
1334 2110 1680 2205 Dionysio
1709 2124 2190 2181 conteremus.
2236 2115 2344 2182 De
2381 2110 2820 2182 Trebonio¹⁵

691 2246 989 2320 prorsus
1029 2218 1164 2308 tibi
1201 2218 1653 2292 assentiorffi.
1676 2207 1797 2292 'De
1832 2222 2255 2306 Domiti017,

1798 2417 2159 2480 Reponeudum
2175 2426 2334 2464 autem
2352 2416 2531 2478 conjici
2537 2428 2557 2465 t
2565 2417 2663 2466 J.1·'
2668 2453 2683 2466 .
2697 2419 2822 2466 Gro-

1799 2495 2005 2544 novius:
2041 2495 2200 2543 «Vale
2218 2529 2234 2554 ,
2261 2505 2308 2542 et
2335 2494 2545 2557 scribas,
2570 2506 2665 2543 etc.
2684 2516 2706 2537 ι
2748 2499 2822 2545 Ῑιι

692 2416 931 2481 oppidum
970 2417 1350 2464 amoenissimum
1385 2427 1435 2464 et
1471 2415 1713 2479 quietissi-

689 2513 823 2543 mum
858 2510 872 2544 :
909 2498 976 2543 ita
1012 2497 1215 2543 AntIum
1250 2498 1425 2544 Roma.
1464 2498 1613 2544 Mu.
1640 2520 1712 2532 ...-

687 2576 814 2631 Alii,
836 2597 859 2617 ι
879 2577 1080 2623 Antium
1100 2575 1390 2623 Buthrotum
1406 2592 1507 2622 esso
1525 2577 1710 2633 Romae,

690 2664 747 2701 ut
766 2655 1000 2718 Corcyra!
1018 2654 1139 2701 illud
1161 2665 1299 2701 tuum
1318 2676 1365 2702 n.
1393 2657 1442 2703 J.
1470 2657 1535 2700 V.
1559 2657 1613 2702 L.

766 2750 812 2795 7.
839 2731 924 2786 Εἶη
944 2731 1151 2800 ginon-riq.
1174 2736 1285 2781 Hoc
1304 2749 1469 2781 sensu:
1496 2732 1712 2779 Familia-

688 2813 753 2861 ris
795 2823 875 2861 tua
918 2814 1092 2861 domus
1134 2812 1225 2860 tibi
1265 2812 1382 2860 odio
1427 2813 1571 2860 suerit
1608 2828 1708 2875 prae

687 2892 969 2941 Antiatibus
1005 2893 1102 2940 illis
1141 2892 1343 2942 aedibus.
1392 2892 1707 2941 Proverbium

687 2986 898 3034 graecum
933 2980 1032 3030 est,
1071 2970 1200 3036 φίλος
1232 2963 1352 3028 οἶκος
1388 2967 1578 3038 ἄριςος,
1607 2986 1706 3035 quo

684 3049 931 3098 familiaris
972 3052 1207 3113 cujusque
1250 3051 1425 3098 domus
1464 3047 1704 3115 laudatur.

684 3129 869 3176 Verum
910 3129 978 3176 ita
1020 3144 1222 3176 amoenae
1263 3141 1401 3175 eraut
1441 3127 1570 3174 aedes
1611 3127 1708 3175 illae

684 3209 910 3255 Antiates
927 3242 940 3264 ,
970 3217 1024 3253 ut
1050 3222 1193 3253 nemo
1221 3218 1344 3253 esset
1366 3207 1452 3270 qui
1477 3205 1577 3253 suis
1603 3206 1709 3254 illas

686 3286 835 3349 louge
859 3301 962 3332 non
986 3286 1263 3333 anteferret.
1296 3287 1496 3333 Rosms.

700 3402 705 3405 .
757 3366 808 3412 8.
844 3366 999 3412 Mens.
1035 3364 1203 3425 Quum
1237 3375 1377 3411 autea
1412 3364 1709 3414 bibliotheca

688 3444 909 3492 nondum
927 3459 954 3491 a
973 3444 1288 3508 Tyrannione
1307 3445 1559 3509 disposita,
1572 3448 1709 3510 quasi

686 3539 867 3588 corpus
890 3534 1012 3570 esset
1034 3523 1138 3570 sine
1164 3535 1342 3572 mente.
1374 3526 1510 3573 Mur.

753 3617 802 3664 9.
847 3601 1093 3663 Dionysii,
1119 3612 1167 3648 ee
1202 3601 1486 3666 Menophili.
1516 3603 1707 3666 Quibus

683 3679 935 3742 Tyrannio
963 3697 1077 3728 usus
1098 3690 1167 3727 est
1196 3679 1599 3744 gladiatoribus,
1626 3700 1705 3746 ep.

689 3766 737 3812 4.
762 3759 914 3805 Inna.
1188 3768 1199 3775 ¹

762 3852 841 3884 ιο.
879 3840 1129 3901 Pegmam.
1165 3837 1291 3885 Vide
1326 3854 1471 3902 supra
1506 3854 1588 3903 ep.
1638 3847 1666 3895 4
1689 3874 1702 3897 ,

685 3914 770 3960 ubi
792 3915 851 3962 de
877 3916 1058 3976 sillybis
1073 3951 1088 3976 ,
1115 3932 1207 3981 pro
1226 3917 1438 3979 siurbis,
1461 3917 1598 3981 quod
1623 3918 1705 3964 ha-

682 3989 802 4038 hent
819 3992 1020 4055 vulgati.

759 4084 782 4118 1
795 4084 816 4116 r
826 4104 838 4116 .
848 4071 999 4118 Valde
1007 4083 1075 4121 ue.
1086 4075 1157 4120 Ita
1168 4074 1444 4122 hmbinus.
1455 4075 1554 4122 Alii
1568 4091 1700 4136 vero,

681 4172 708 4194 ι
726 4149 1026 4199 illustrarunt
1048 4148 1207 4198 valde.
1234 4153 1297 4200 Et
1319 4151 1530 4209 scribas,
1560 4163 1652 4202 etc.
1671 4176 1695 4197 ι

1797 2584 1854 2630 ut
1872 2596 1897 2614 ω·
1916 2577 2111 2638 Apenas
2129 2575 2215 2621 vix
2233 2574 2547 2622 discesserat·
2563 2608 2580 2632 ,
2596 2576 2665 2624 sit
2676 2591 2819 2624 nova

1798 2652 2015 2716 epistola!
2037 2652 2248 2702 initium.
2296 2706 2305 2715 ‚

1875 2748 1958 2781 ω.
1978 2734 2050 2778 De
2064 2730 2442 2796 gladiatoribus.
2463 2734 2618 2795 Supra
2632 2766 2648 2791 ,
2668 2747 2746 2795 ep.
2768 2742 2815 2790 4.

1872 2813 1954 2859 13.
1979 2815 2196 2875 Apenas.
2225 2813 2401 2857 Servus
2427 2809 2510 2857 vix
2532 2810 2816 2859 discesserat

1795 2905 1907 2937 cum
1921 2889 2076 2938 literis
2095 2890 2159 2937 ad
2182 2900 2229 2937 te
2255 2890 2375 2936 meis
2390 2923 2404 2947 ,
2430 2905 2583 2953 quum
2608 2890 2815 2954 epistola

1793 2969 1912 3016 mihi
1940 2986 1968 3016 a
1996 2982 2043 3017 te
2071 2969 2259 3016 reddita
2293 2979 2365 3016 est
2388 2984 2402 3015 ι
2432 2969 2481 3014 in
2511 2985 2606 3031 qua
2641 2970 2815 3018 scribis

1794 3049 1900 3096 sore
1917 3084 1932 3110 ,
1961 3059 2018 3096 ut
2049 3049 2205 3111 legem
2231 3064 2333 3095 nou
2367 3048 2503 3094 ferat.
2549 3051 2709 3111 Quem
2734 3066 2820 3097 au-

1796 3137 1893 3175 tem
1922 3128 2075 3191 legem
2102 3143 2201 3174 non
2228 3127 2435 3174 laturum
2451 3160 2465 3183 ,
2499 3137 2545 3173 et
2573 3143 2722 3189 quam
2746 3129 2821 3177 le-

1797 3222 1904 3269 gem
1917 3206 2177 3269 intelligat,
2196 3204 2423 3269 quoniam
2438 3207 2491 3251 in
2511 3205 2820 3257 divinatione

1798 3288 2010 3351 positum
2032 3298 2130 3343 est,
2153 3286 2347 3331 omitto.
2371 3286 2511 3331 Man.

1875 3375 1954 3422 14·
1976 3364 2214 3430 Epistola.
2236 3363 2351 3411 Scil.
2370 3380 2398 3410 a
2417 3373 2465 3410 te
2485 3363 2638 3412 venit.

1874 3463 1894 3494 1
1905 3444 1952 3496 5.
1965 3448 2039 3492 De
2058 3443 2308 3492 Trebonio.
2322 3442 2643 3491 Tribunatum
2657 3443 2820 3507 plebis

1792 3527 2009 3590 petitur-o
2027 3560 2039 3579 ,
2060 3540 2203 3587 quem
2233 3524 2378 3585 gessit
2403 3539 2533 3570 anno
2560 3524 2782 3586 sequenti
2799 3557 2820 3583 ,

1793 3604 2026 3667 Pompeio
2050 3613 2100 3649 et
2123 3604 2295 3649 Crasso
2324 3618 2446 3650 coss.
2474 3603 2620 3649 Man.

1872 3685 1950 3729 ιθ.
1993 3680 2094 3728 Tibi
2121 3679 2374 3729 assentior.
2403 3682 2528 3727 Eum
2561 3679 2820 3728 tribunum

1791 3760 1949 3825 plebis
1974 3759 2128 3820 legem
2156 3759 2216 3805 de
2243 3760 2511 3822 provinciis
2541 3760 2816 3807 consulari·

1790 3838 1883 3886 bus
1926 3838 1988 3885 ad
2033 3839 2240 3887 istorum
2280 3839 2535 3886 arbitrium
2577 3838 2814 3887 laturum.

1790 3918 1919 3966 mut.
1938 3917 1989 3964 in
2005 3920 2180 3981 Pomp.
2207 3929 2257 3967 et
2273 3919 2424 3967 Dion.
2449 3917 2536 3966 lib.
2561 3920 2813 3967 xxxlx.

1791 3997 1952 4045 Cor-a.

1863 4091 1944 4137 17.
1970 4077 2043 4122 De
2074 4074 2300 4124 Domitio.
2329 4079 2384 4123 1..
2409 4074 2632 4123 Domitio
2662 4076 2814 4122 AEuo-

1784 4154 1941 4203 barbo
1960 4153 2202 4203 consulari
2222 4153 2501 4203 candidato.
2531 4155 2680 4202 Inan.
