3023 4773
476 409 1019 480 EPISTOLAE
1068 411 1203 478 AD
1251 410 1754 494 ATTICUM‚
1800 411 1999 495 VII,
2037 409 2100 481 3.
2209 403 2354 484 655

235 538 285 604 si
318 530 792 629 languidius³¹
815 585 834 618 ,
871 544 995 601 aut
1031 544 1341 628 repetat,
1382 530 1438 598 si
1475 528 1733 602 fortius
1768 531 1797 602 Ξ)
1836 532 2030 624 Quid
2075 532 2164 604 ad
2203 533 2355 605 haec

235 643 541 740 reperis?
572 642 982 726 Solvamus,
1022 641 1284 737 inquis.
1331 645 1517 737 Age,
1556 665 1597 710 a
1640 643 1868 712 Coelio
1890 640 1958 686 3²
1997 647 2354 714 mutuabi-

234 779 408 824 mur.
447 758 601 824 Hoc
647 768 727 823 tu
767 766 1010 821 tamen
1045 750 1454 822 consideres
1492 749 1732 820 velim.
1786 756 1965 823 Puto
2007 757 2231 840 enim,
2283 756 2359 824 in

235 877 477 934 senatu
506 866 562 934 si
591 861 887 958 quando
925 861 1257 959 praeclare
1294 886 1430 960 pro
1467 860 1838 960 republica
1873 863 2158 953 dixero,
2195 871 2361 935 Tar-

236 970 597 1045 tessium³3
631 975 849 1045 istum
879 986 1087 1044 tuum
1121 971 1301 1042 mihi
1333 975 1629 1044 exeunti
1653 1027 1672 1061 ,
1700 971 1886 1044 Jube
1913 973 2124 1046 sodes
2157 1000 2365 1046 num-

237 1110 383 1155 mos
424 1079 774 1155 curare34.

323 1193 517 1285 Quid
549 1193 1170 1292 superest?etiam.
1206 1196 1451 1262 Gener
1475 1205 1588 1261 est
1610 1193 1845 1261 suavis
1865 1190 2323 1275 mihi‚Tulliae
2342 1247 2363 1278 ,

236 1306 579 1374 Terentiae
620 1331 635 1374 ε
682 1303 1147 1400 quantumvis
1185 1300 1299 1371 vel
1347 1301 1657 1397 ingenii,
1707 1302 1819 1371 vel
1877 1301 2364 1372 humanitatis,

234 1417 407 1486 Satis
429 1412 842 1510 ³⁵.Reliqua
866 1468 886 1501 ,
919 1437 1080 1509 quae
1109 1411 1345 1497 nosti,
1376 1408 1694 1482 ferenda.
1736 1413 1883 1483 Scis
1913 1415 2144 1500 enim,
2179 1438 2367 1510 quos

233 1528 722 1620 aperuerimus
762 1549 778 1592 :
814 1524 942 1618 qui
970 1546 1261 1608 omnes,
1295 1534 1557 1618 praeter
1595 1545 1761 1592 eum
1783 1575 1802 1610 ,
1831 1519 1921 1592 de
1951 1547 2101 1617 quo
2138 1548 2269 1620 per
2295 1539 2366 1593 te

235 1637 545 1730 egimus,
589 1657 739 1703 rem
781 1657 897 1702 me
942 1627 1256 1702 facere³⁵
1298 1645 1577 1702 rentur.
1616 1635 1800 1730 Ipsis
1839 1634 2030 1704 enim
2090 1659 2361 1732 expen-

235 1768 390 1814 sum
434 1768 650 1814 nemo
687 1741 929 1826 ferret..
969 1737 1107 1811 Sed
1142 1738 1290 1810 haec
1324 1765 1565 1812 coram
1605 1767 1621 1808 ε
1662 1765 1828 1812 nam
1860 1742 2071 1812 multi
2107 1768 2370 1815 sermo-

237 1856 344 1926 nis
388 1870 577 1925 sunt.
617 1853 905 1925 Tironis
937 1848 1309 1921 reficiendi
1341 1873 1504 1946 spes
1545 1865 1654 1923 est
1690 1853 1766 1922 in
1807 1856 1904 1922 M.
1942 1855 2210 1941 Curio;
2250 1857 2366 1924 cui

235 1989 366 2061 ego
392 1967 686 2065 scripsi,
721 1963 856 2035 tibi
887 1988 1054 2034 eum
1084 1959 1565 2058 gratissimum
1603 1960 1988 2034 facturum.
2016 1968 2175 2035 Dat.
2200 1990 2245 2033 v
2274 1963 2370 2035 id.

238 2073 603 2148 decembr.
649 2100 692 2147 a
722 2076 985 2146 Pontio
1005 2069 1067 2126 ³⁷
1117 2095 1206 2142 ex
1239 2066 1670 2141 Trebulano.

310 2283 396 2330 31.
428 2281 749 2348 languidius.
797 2282 847 2330 Si
875 2279 1153 2344 languidius
1196 2278 1257 2325 de

236 2359 485 2425 republica
522 2377 715 2409 sensero
752 2376 767 2411 ε
796 2360 932 2410 Facis
971 2358 1066 2406 hoc
1079 2392 1094 2415 ,
1128 2356 1261 2405 dicet

236 2440 414 2502 aliquis
432 2472 448 2498 ,
474 2441 588 2503 quia
612 2456 839 2488 nummos
862 2440 1042 2488 Coesari
1076 2438 1221 2487 debes
1242 2454 1256 2489 ε

237 2517 313 2563 sin
346 2518 537 2565 fortiter
552 2553 568 2577 ,
612 2519 774 2566 statim
814 2518 1108 2567 solvendum
1146 2519 1256 2564 erit.

239 2597 385 2643 Mu.

311 2675 396 2721 32.
420 2673 843 2740 &limTrapezita
855 2709 870 2734 ,
890 2673 953 2723 de
971 2689 1073 2738 quo
1086 2672 1124 2720 l.
1142 2674 1258 2720 111.

240 2756 390 2802 luen.

312 2833 400 2879 33.
431 2831 733 2879 Tartessium.
750 2832 953 2880 Balbum
971 2865 986 2889 ‚
1008 2829 1087 2878 cui
1105 2828 1260 2893 patria

237 2912 490 2957 Tan-tessus
506 2910 557 2957 in
576 2922 822 2959 conventu
848 2910 1110 2959 Gaditano.
1131 2908 1256 2956 Plin.

237 2991 304 3046 V,
337 3004 420 3037 aa.

312 3070 400 3123 34.
427 3068 623 3114 Curare.
649 3069 828 3115 Muret.
857 3068 1049 3116 Curari.

314 3144 400 3197 35.
422 3147 572 3194 Sacis.
594 3149 650 3194 In
677 3162 738 3194 eo
762 3158 837 3194 est
857 3148 1168 3210 quantumvis
1186 3147 1260 3195 vel

238 3228 458 3290 ingenii,
496 3226 577 3275 vel
619 3226 1097 3275 humanitatiszuam
1128 3242 1259 3287 vox,

238 3306 391 3366 satis,
412 3307 669 3371 separatim
697 3305 929 3354 sumenda
951 3315 1023 3353 est
1042 3318 1055 3352 :
1079 3304 1259 3369 signifi·

241 3396 322 3431 car
350 3386 504 3443 enim,
524 3384 727 3433 ,abunde
749 3396 835 3433 est.
854 3386 1049 3433 Bosxus.

317 3465 403 3511 36.
433 3466 547 3511 Rem
574 3467 838 3530 mefixcere
862 3474 1045 3512 rentur.
1086 3465 1265 3511 Sensus

240 3554 352 3591 est:
374 3545 449 3591 Tu
467 3543 562 3590 scis
585 3560 710 3607 quos
729 3543 1084 3608 aperuerimus,
1103 3542 1156 3589 id
1173 3554 1261 3600 est,

238 3622 411 3684 quales
427 3639 527 3670 esse
543 3624 778 3686 quosdam
795 3622 1264 3687 deprehenderimus,

239 3700 435 3748 detecta
459 3717 626 3748 eorum
647 3702 847 3765 inopia;
876 3701 964 3765 qui
990 3717 1157 3749 omnes
1188 3713 1262 3750 ta·

237 3797 385 3838 men,
405 3796 507 3828 uno
547 3792 735 3828 tantum
763 3792 995 3846 excepto,
1023 3782 1264 3829 existima·

236 3869 356 3906 rent
381 3876 457 3907 me
476 3859 544 3906 rei
572 3875 690 3907 meae
715 3861 898 3922 optime
922 3871 1041 3908 tune
1066 3861 1263 3908 cousul-

238 3949 350 3983 num
370 3937 597 3995 voluisse,
605 3938 740 4003 quod
754 3938 1014 4001 cogitarem
1031 3938 1094 3988 de
1106 3940 1265 3987 Tullia

237 4015 366 4079 ipsis
381 4019 554 4080 nuptui
578 4018 751 4065 danda.
781 4021 854 4067 Ita
870 4018 996 4065 enim
1020 4035 1071 4066 se
1091 4019 1267 4068 divites

235 4112 351 4141 esse
373 4096 723 4158 praedicabam,
739 4108 794 4146 ut
815 4113 958 4145 nemo
977 4097 1068 4145 sibi
1088 4115 1268 4164 expen-

1349 2291 1457 2322 sum
1495 2276 1641 2324 ferret
1661 2310 1676 2335 ‚
1702 2276 1755 2324 id
1791 2288 1865 2325 est
1883 2312 1900 2336 ,
1942 2279 2129 2327 tabulas
2157 2282 2375 2345 proferre

1347 2367 1514 2419 posset
1541 2373 1766 2422 expense
1782 2394 1796 2418 ,
1814 2368 1864 2407 et
1883 2357 2082 2408 creditae
2106 2360 2198 2408 sibi
2224 2377 2378 2427 pecu-

1347 2436 1459 2483 niae.
1485 2435 1705 2500 Negabat
1741 2439 1868 2485 enim
1905 2454 1957 2485 se
1992 2439 2079 2487 ulli
2105 2440 2376 2503 quidqfflun

1348 2515 1730 2563 ‹leben-efferum
1751 2517 1854 2564 haec
1874 2517 2017 2564 verba
2035 2554 2049 2577 ,
2073 2519 2225 2583 «ipsis
2243 2520 2370 2566 enim

1346 2610 1492 2642 nemo
1521 2611 1788 2658 expensum
1830 2596 1973 2643 ferret
1993 2619 2051 2657 n,
2090 2598 2142 2644 in
2179 2609 2373 2645 contra·

1344 2674 1469 2721 rium
1493 2690 1688 2722 sensum
1713 2675 1887 2724 Cicero
1903 2677 2190 2738 joculariter
2211 2676 2373 2725 detor-

1344 2753 1432 2810 sit,
1469 2769 1622 2817 quum
1662 2754 1879 2803 indicare
1921 2756 2065 2804 vellet
2104 2772 2274 2804 omnes
2307 2757 2375 2804 ita

1346 2831 1407 2879 de
1433 2832 1493 2879 iis
1523 2832 1646 2881 male
1674 2836 1996 2893 existimasse,
2033 2846 2088 2883 ut
2131 2852 2275 2884 nemo
2305 2836 2374 2883 eis

1345 2912 1612 2975 quidquam
1635 2912 1855 2970 credere,
1881 2924 1932 2961 et
1957 2930 2223 2977 expensum
2249 2915 2375 2961 serre

1346 2992 1573 3040 voluerit.
1602 2992 1777 3054 Quivis
1819 2994 1967 3040 enim·
1988 3005 2129 3041 norat
2155 3010 2239 3041 eos
2270 3009 2373 3040 nou

1274 3102 1277 3107 ·
1348 3087 1452 3118 esse
1497 3069 1755 3118 solvendo.
1809 3073 2012 3119 Bonus.
2049 3098 2119 3109 -
2158 3072 2375 3120 Malebat

1348 3150 1572 3198 Graevius
1591 3183 1605 3207 ‚
1632 3172 1656 3190 ιε
1675 3165 1807 3196 reum
1834 3168 1908 3197 me
1938 3151 2092 3198 facere
2135 3163 2306 3197 rentur
2324 3173 2372 3200 ιι.

1350 3232 1460 3276 Hoc
1486 3241 1664 3276 sensu:
1696 3218 1841 3287 Irati,
1874 3230 2008 3294 quod
2037 3246 2121 3277 eos
2147 3248 2173 3277 a
2201 3230 2374 3278 Tuuiae

1351 3310 1584 3373 conjugio
1606 3311 1880 3371 reJecerim,
1898 3311 2039 3358 ‘diem
2066 3312 2183 3358 mibi
2215 3311 2377 3358 dicere

1350 3388 1602 3449 cogitant:
1627 3388 1811 3437 scilicet
1849 3402 1901 3437 ut
1929 3391 2095 3437 multis
2123 3391 2377 3437 dicebatur

1349 3467 1704 3514 revertentibus
1720 3484 1746 3514 e
1759 3470 2027 3531 provincia.
2041 3469 2177 3517 Stare
2196 3486 2248 3517 ea
2269 3485 2377 3517 sen·

1352 3547 1501 3594 tentia
1521 3562 1622 3595 uon
1634 3558 1818 3610 potest,
1840 3550 2096 3611 quoniam,
2114 3560 2170 3596 ut
2186 3549 2379 3598 monuit

1346 3626 1447 3685 jam
1474 3625 1665 3689 pridem
1703 3628 1992 3686 Manutius,
2030 3627 2129 3674 reri
2166 3631 2380 3692 cogitare

1352 3720 1453 3751 non
1472 3715 1543 3750 est
1559 3740 1574 3762 ,
1595 3704 1682 3751 sed
1704 3705 1914 3767 opinari.
1945 3708 2138 3754 Bosium
2159 3707 2378 3771 sequitur

1351 3784 1652 3847 Mongaltins
1692 3795 1873 3832 noster.
1896 3786 2112 3835 Omvar.
2140 3814 2211 3824 -—
2246 3785 2374 3837 Cod.

1354 3880 1479 3911 unus
1503 3881 1532 3911 e
1558 3864 1727 3926 regiis,
1764 3886 1789 3906 α
1808 3881 1942 3912 reum
1980 3882 2058 3912 me
2087 3866 2300 3915 facerent
2324 3889 2369 3914 »-

1352 3946 1402 3992 J.
1419 3944 1481 3989 V.
1509 3944 1563 3990 L.

1427 4023 1515 4079 37.
1543 4023 1589 4067 A
1614 4021 1808 4070 Pontio.
1836 4023 1987 4087 Apud
2015 4024 2240 4071 Pontium
2261 4022 2376 4069 scri-

1355 4111 1469 4164 pta,
1495 4100 1547 4148 iu
1583 4101 1872 4150 Trebulano.
1911 4103 2063 4167 Epist.
2091 4106 2147 4161 3,
2191 4102 2277 4149 lib.
2305 4103 2373 4147 V.
