3023 4773
619 454 758 524 228
1003 451 1246 521 VITA
1295 450 1374 518 T.
1416 450 1946 519 POMPONII
1998 448 2364 519 ATTICI.

612 599 745 672 per
779 572 1068 644 lumbos
1103 571 1341 643 fistula
1375 554 1615 669 putris
1653 574 1993 670 eruperit.
2043 576 2273 667 Atque
2325 570 2465 642 hoc
2506 574 2753 671 prius-

614 710 835 782 quam
876 686 949 755 ei
990 680 1386 771 accideret,
1427 695 1815 779 postquam
1857 682 1933 750 in
1981 678 2133 752 dies
2175 679 2460 752 dolores
2507 706 2749 754 accre-

613 818 847 882 scere,
878 791 1267 890 febresque
1298 786 1673 863 accessisse
1696 794 1950 877 sensit3
1977 790 2369 887 Agrippam
2402 813 2751 886 generum

614 902 705 975 ad
733 927 809 973 se
836 904 1154 973 arcessiri
1174 902 1409 997 jussit,
1440 914 1513 970 et
1536 925 1703 971 cum
1734 925 1822 972 eo
1853 903 1935 970 L.
1962 898 2380 972 Cornelium
2417 900 2752 989 Balbum,

614 1017 1060 1109 Sextumque
1092 1011 1544 1083 Peducaeum.
1583 1017 1731 1082 Hos
1765 1026 1848 1082 ut
1876 1012 2154 1082 venisse
2190 1009 2363 1081 vidit
2386 1065 2405 1099 ,
2433 1013 2509 1081 in
2539 1011 2750 1083 cubi-

491 1146 498 1149 ·
615 1138 771 1195 tum
798 1123 1115 1193 innixus:
1141 1123 1580 1211 «Quantam,
1598 1122 1861 1217 inquit,
1884 1144 2128 1190 curam
2159 1118 2752 1218 diligentiamque

615 1264 650 1298 α
677 1235 753 1303 in
791 1230 1186 1303 valitudine
1218 1255 1376 1304 mea
1405 1230 1678 1302 tuenda
1704 1231 1847 1301 hoc
1878 1246 2208 1328 tempore
2251 1229 2752 1320 adhibuerim,

614 1374 648 1409 «
676 1366 906 1440 quum
933 1365 1063 1412 vos
1094 1355 1312 1412 testes
1346 1339 1689 1425 habeam,
1729 1339 1907 1409 nihil
1946 1363 2236 1410 necesse
2269 1354 2378 1410 est
2416 1340 2755 1437 pluribus

612 1482 648 1518 α
677 1450 918 1522 verbis
965 1474 1572 1522 commemorare:
1619 1448 1885 1546 quibus
1930 1452 2317 1546 quoniam,
2359 1464 2443 1520 ut
2496 1474 2752 1548 spero,

610 1591 646 1627 α
673 1559 1013 1647 satisfeci,
1039 1584 1154 1631 me
1188 1560 1365 1629 nihil
1396 1558 1660 1655 reliqui
1693 1556 1969 1643 fecisse,
1990 1557 2194 1655 quod
2226 1558 2316 1630 ad
2343 1561 2753 1632 sanandum

609 1701 647 1737 α
681 1695 797 1741 me
831 1670 1251 1767 pertineret;
1283 1667 1651 1764 reliquum
1684 1679 1815 1751 est,
1847 1681 1930 1737 ut
1955 1682 2242 1763 egomet
2274 1668 2453 1739 mihi
2483 1694 2755 1741 consu-

612 1812 647 1846 01
674 1780 835 1851 lam.
847 1777 930 1849 Id
943 1803 1066 1849 vos
1083 1779 1412 1873 ignorare
1429 1776 1837 1847 nolui.Nam
1857 1777 2032 1846 mihi
2047 1791 2183 1848 stat
2200 1777 2389 1850 alere
2405 1779 2755 1851 morbum

610 1920 644 1955 α
677 1890 1029 1961 desinere.
1056 1889 1387 1984 Namque
1430 1885 1543 1956 his
1576 1884 1830 1957 diebus
1868 1885 2228 1983 quidquid
2264 1888 2408 1959 cibi
2440 1896 2757 1990 sumpsi,

610 2032 644 2065 α
673 2003 769 2071 ita
805 1998 1117 2099 produxi
1154 1998 1372 2067 vitam
1393 2049 1413 2080 ,
1452 2010 1536 2067 ut
1568 2001 1892 2067 auxerim
1929 1995 2253 2084 dolores,
2287 2003 2442 2071 sine
2474 2025 2601 2099 spe
2635 2025 2757 2073 sa-

608 2112 858 2182 «lutis.
899 2110 1138 2198 Quare
1158 2132 1199 2178 a
1227 2104 1434 2177 vobis
1460 2120 1631 2203 peto
1668 2107 1984 2204 primum
2008 2161 2027 2194 ,
2054 2120 2136 2176 ut
2161 2108 2541 2180 consilium
2571 2134 2754 2207 pro-

607 2251 642 2285 α
670 2221 856 2292 betis
873 2244 1115 2291 meum
1130 2246 1149 2306 ;
1169 2214 1553 2303 deinde,ne
1572 2213 1835 2286 frustra
1849 2213 2305 2288 dehortando
2321 2220 2751 2291 conemini».

709 2335 930 2402 XXII.
992 2335 1139 2401 Hac
1175 2328 1501 2398 oratione
1544 2324 1827 2410 habita,
1872 2340 2069 2399 tanta
2106 2330 2507 2400 constantia
2549 2331 2753 2403 vocis

610 2457 833 2538 atque
856 2440 1134 2527 vultus,
1161 2454 1242 2510 ut
1270 2464 1418 2509 non
1449 2464 1542 2510 ex
1572 2440 1751 2526 vita,
1787 2436 1913 2509 sed
1951 2462 2039 2509 ex
2078 2437 2298 2511 domo
2331 2441 2405 2509 in
2443 2440 2752 2513 domum

609 2549 982 2623 videretur
1013 2551 1355 2645 migrare;
1396 2572 1627 2646 quum
1675 2547 1973 2647 quidem
2005 2551 2319 2648 Agrippa
2360 2576 2527 2623 eum
2562 2551 2753 2626 flens

608 2674 831 2757 atque
886 2659 1217 2728 osculans
1271 2672 1509 2728 oraret
1562 2672 1781 2756 atque
1832 2657 2280 2748 obsecraret,
2344 2686 2438 2733 ne
2496 2661 2587 2734 ad
2630 2664 2710 2734 id
2731 2718 2752 2754 ,

610 2767 814 2866 quod
858 2782 1117 2839 natura
1164 2782 1485 2863 cogeret,
1535 2770 1690 2866 ipse
1739 2794 2038 2866 quoque
2095 2769 2230 2841 sibi
2281 2772 2747 2865 acceleraret;

610 2893 721 2965 et,
756 2879 1106 2977 quoniam
1153 2892 1308 2950 tum
1358 2903 1657 2975 quoque
1707 2894 1952 2976 posset
1990 2881 2439 2980 temporibus
2489 2905 2755 2983 super-

604 3013 799 3075 esse,
858 3013 935 3059 se
994 2987 1132 3059 sibi
1193 2992 1485 3084 suisque
1546 3004 1985 3078 reservaret3
2042 3016 2292 3089 preces
2347 2994 2503 3089 ejus
2562 2997 2751 3067 taci-

605 3113 821 3170 turna
866 3124 994 3170 sua
1033 3097 1522 3170 obstinatione
1565 3096 1943 3197 depressit.
1992 3102 2104 3172 Sic
2156 3127 2385 3199 quum
2431 3103 2752 3178 biduum

604 3209 769 3280 cibo
803 3233 882 3281 se
924 3207 1423 3296 abstinuisset,
1457 3207 1701 3280 subito
1738 3208 1961 3281 febris
1997 3211 2326 3302 decessit,
2371 3214 2755 3313 leviorque

602 3319 913 3416 morbus·
947 3343 1100 3390 esse
1135 3321 1360 3417 coepit
1391 3346 1405 3388 :
1435 3314 1696 3390 'tamen
1741 3323 2198 3417 propositum
2241 3322 2470 3395 nihilo
2506 3323 2757 3398 secius

601 3430 901 3526 peregit.
958 3433 1212 3526 Itaque
1266 3428 1382 3501 die
1436 3433 1734 3526 quint0,
1786 3444 2170 3528 postquam
2230 3431 2305 3503 id
2358 3434 2761 3510 consilium

600 3539 891 3625 inierat,
941 3538 1171 3636 pridie
1206 3538 1345 3610 kal.
1386 3539 1588 3637 april.
1622 3543 1751 3611 Cn.
1786 3543 2145 3630 DomitiO,
2199 3546 2275 3613 C.
2317 3549 2517 3616 Sosio
2554 3570 2759 3620 coss,

603 3647 926 3719 decessit.
958 3648 1204 3719 Elatus
1232 3663 1339 3721 est
1367 3654 1441 3719 in
1478 3649 1806 3721 lecticula
1826 3705 1846 3739 ,
1883 3666 1965 3721 ut
2000 3652 2154 3748 ipse
2186 3657 2766 3753 praescripserat,

602 3758 759 3827 sine
787 3756 934 3828 ulla
959 3782 1227 3856 pompa
1255 3757 1553 3847 funeriS,
1572 3760 2088 3833 comitantibus
2116 3763 2458 3837 omnibus
2483 3764 2715 3840 bonis
2740 3827 2765 3861 ,

600 3867 911 3942 maxima
944 3869 1139 3966 vulgi
1176 3868 1606 3968 frequentia.
1647 3872 1988 3969 Sepultus
2015 3888 2124 3944 est
2148 3874 2353 3969 juxta
2384 3877 2570 3948 viam
2591 3884 2764 3977 Ap-

590 3976 823 4073 piam,
853 3973 944 4045 ad
972 3982 1313 4072 quintum
1351 3979 1697 4076 lapidem,
1738 3982 1813 4052 in
1843 3998 2322 4057 monumento
2341 3989 2430 4078 Q.
2449 3990 2764 4082 Caecilii,

592 4082 932 4157 avunculi
973 4087 1105 4156 sui.

957 4275 988 4320 j
