3023 4773
622 427 760 499 260
1407 429 1943 499 PRAEFATIO

616 552 917 632 eximius,
955 559 1040 613 καὶ
1061 565 1252 612 πολλῶν
1283 559 1506 623 ἀντάξιος
1535 560 1690 611 ἄλλων
1711 598 1731 630 ,
1775 550 1849 612 Ε.
1894 547 2337 629 Bernhardus,
2385 548 2746 616 matheseos

615 656 854 720 Oxonii
901 655 1232 744 professor
1274 653 1764 734 celeberrimus,
1802 652 2159 742 probitate,
2206 652 2529 735 doctrina,
2567 657 2745 719 mul-

611 765 822 850 tisque
856 760 993 823 aliis
1028 758 1293 824 dotibus
1335 759 1531 840 mihi,
1575 775 1642 822 et
1686 759 1799 846 qui
1841 781 1993 822 eum
2041 776 2286 822 norunt
2319 760 2489 847 (quis
2519 777 2744 825 autem

609 867 897 958 paullum
939 865 1290 929 humanior
1335 889 1485 929 eum
1532 887 1664 929 non
1718 864 1929 928 norit?
1953 864 2007 951 ),
2051 865 2436 930 carissimus.
2478 866 2573 929 Ex
2612 866 2744 930 hoc

612 995 876 1062 quoque
905 972 1075 1036 libro
1106 972 1394 1034 invenies
1431 969 1711 1035 subinde
1758 984 2060 1034 notarum
2106 971 2375 1035 istarum
2425 994 2598 1061 penu
2645 972 2745 1035 in—

610 1097 930 1144 structum
966 1100 1124 1141 esse.
1162 1076 1517 1141 Bernhardi
1549 1076 1909 1142 liberalitati
1941 1075 2150 1141 debeo
2178 1092 2411 1164 proeter
2440 1078 2575 1141 haec
2603 1078 2742 1141 edi·

609 1188 854 1249 tionem
892 1183 1185 1247 Lambini
1222 1183 1520 1246 omnium
1555 1182 1881 1245 Ciceronis
1918 1205 2193 1269 operum
2229 1184 2742 1271 Argentoraten-

605 1313 774 1370 sem,
827 1311 1021 1375 quam
1068 1311 1220 1351 cum
1259 1289 1458 1351 veteri
1503 1286 1727 1351 codice
1773 1287 2100 1351 commisit
2144 1299 2168 1349 ὁ
2209 1298 2339 1350 πάνυ
2375 1288 2606 1352 Petrus
2644 1290 2745 1352 Pi-

613 1396 846 1459 thoeus.
885 1392 1058 1475 Quid
1095 1390 1302 1455 dicam
1336 1391 1419 1456 de
1454 1390 1764 1479 symbolis
1798 1390 2284 1477 pulcherrimis,
2324 1414 2485 1480 quas
2522 1391 2603 1456 ad
2637 1393 2745 1457 ha·

606 1522 751 1564 rum
812 1498 1151 1585 epularum
1211 1512 1588 1584 apparatum
1652 1495 1931 1559 contulit
1993 1518 2289 1560 summus
2350 1496 2455 1561 ille
2510 1497 2745 1562 doctor

607 1626 818 1682 meus,
847 1602 878 1664 J
884 1623 1126 1665 oannes
1151 1599 1532 1663 Fredericus
1557 1599 1927 1664 Gronovius
1954 1610 1977 1660 ὁ
2008 1599 2328 1679 saaph-ne?
2353 1599 2743 1666 Adolescen-

603 1709 776 1771 tibus
809 1704 1189 1769 interiorum
1231 1703 1559 1766 literarum
1598 1699 1852 1789 cupidis
1893 1702 2211 1790 Epistolas
2241 1703 2359 1767 has
2397 1706 2743 1792 explicarat

602 1813 816 1894 domi,
855 1811 1189 1896 multaque
1220 1809 1287 1871 in
1320 1807 1477 1905 illis,
1516 1830 1645 1894 qua
1677 1824 1814 1870 erat
1845 1809 2185 1896 sagacitate
2219 1826 2287 1873 et
2319 1809 2562 1898 ingenii
2596 1834 2744 1899 per-

596 1918 868 2007 spicacia
897 1914 1176 1994 viderat,
1211 1913 1349 1976 aliis
1383 1928 1497 1976 aut
1529 1912 1760 1993 invisa,
1788 1929 1902 1976 aut
1934 1913 2099 1976 male
2127 1913 2282 1978 visa.
2321 1914 2411 1977 Ea
2445 1937 2529 1978 ne
2568 1915 2742 1980 desi-

599 2026 782 2091 deres
818 2021 1200 2110 benignitati
1228 2019 1379 2101 filii,
1407 2020 1629 2084 Jacobi
1659 2019 2005 2100 Gronovii,
2032 2020 2276 2109 ingenii
2300 2019 2742 2111 doctrinaeque

601 2131 787 2196 laude
832 2129 1082 2219 paterni
1127 2128 1410 2192 nominis
1457 2126 1725 2215 gloriam
1766 2128 2213 2216 propagantis,
2256 2145 2513 2217 accepta
2548 2130 2740 2196 feres.

600 2240 736 2302 Nec
772 2236 907 2299 haec
936 2235 1101 2316 sola,
1136 2232 1251 2299 sed
1276 2250 1343 2297 et
1373 2233 1607 2297 veteris
1642 2231 1884 2296 codicis
1905 2233 2272 2322 Anglicani,
2302 2258 2499 2322 quem
2528 2258 2737 2323 quum

597 2344 972 2410 adolescens
998 2342 1250 2406 beatam
1281 2340 1454 2405 illam
1479 2340 1764 2426 ‘insulam
1800 2340 2248 2428 perlustraret,
2276 2342 2345 2405 in
2375 2343 2741 2409 Balliolensi

601 2451 869 2540 collegio
905 2446 1317 2513 reconditum
1352 2463 1419 2511 et
1451 2448 1752 2535 ignotum
1790 2446 2074 2527 invenit,
2116 2462 2181 2509 et
2222 2469 2372 2511 cum
2405 2449 2739 2515 Michaelis

596 2555 777 2619 Bruti
814 2552 1099 2618 editione
1132 2550 1555 2641 Lugdunensi
1584 2552 1983 2640 composuit,
2016 2553 2218 2616 varias
2254 2554 2583 2620 lectiones.
2615 2557 2739 2620 Hic

597 2676 694 2724 est
728 2657 934 2723 codex
961 2656 1388 2737 Balliolensis,
1422 2679 1621 2744 quem
1655 2656 1846 2719 toties
1885 2656 2113 2737 laudo,
2150 2674 2216 2721 et
2252 2660 2366 2745 qui
2398 2659 2557 2722 mihi
2590 2662 2738 2748 plu-

597 2768 835 2829 rimum
879 2763 1130 2851 profuit
1177 2762 1244 2825 in
1294 2761 1396 2825 his
1446 2762 1647 2825 literis
1693 2761 2152 2848 per-poliendis.
2202 2763 2281 2826 Ei
2328 2785 2741 2831 accesserunt

597 2885 897 2958 excerpta
938 2867 1181 2933 codicis
1229 2866 1593 2931 Academiae
1636 2866 1854 2946 Iuliae,
1897 2888 2094 2955 quem
2148 2869 2734 2936 Helmstadiensem

592 2975 891 3065 appello:
949 2996 1279 3062 quemque
1328 2973 1426 3037 vir
1477 2972 1912 3059 amplissimus
1960 2990 2025 3037 et
2072 2973 2483 3039 doctissimus
2531 2977 2736 3042 Lucas

591 3084 1155 3170 Langermannus,
1200 3100 1406 3166 quum
1440 3077 1532 3140 ibi
1564 3076 1649 3142 ad
1694 3077 2164 3165 capessendum
2204 3079 2445 3169 ingenii
2483 3082 2736 3147 cultum

592 3190 655 3250 in
696 3188 908 3277 primo
939 3187 1142 3250 oetatis
1172 3207 1323 3248 vere
1362 3183 1660 3274 degeret,
1695 3208 1847 3250 cum
1876 3184 2066 3249 editis
2096 3186 2393 3264 contulit.
2426 3187 2562 3252 Nec
2590 3189 2735 3252 sine

590 3296 854 3382 ingratae
887 3289 1237 3356 voluntatis
1271 3305 1424 3352 nota
1461 3291 1771 3376 praeteriri
1806 3306 2023 3378 potest
2051 3291 2400 3356 illustrium
2427 3292 2734 3359 Falcone-

592 3401 839 3463 riorum
876 3397 1186 3474 fratrum,
1230 3394 1476 3457 Octavii
1528 3409 1612 3455 τοῦ
1649 3405 1926 3474 μακαρίτου
1963 3411 2029 3458 et
2077 3395 2258 3458 Pauli
2301 3395 2687 3462 beneficium
2711 3448 2736 3479 ‚

591 3527 724 3589 quo
766 3525 872 3567 me
908 3517 974 3566 et
999 3500 1198 3564 Tullii
1231 3499 1559 3565 studiosos
1594 3499 2024 3565 devinxerunt
2045 3549 2064 3580 ,
2102 3524 2308 3588 quum
2349 3503 2589 3567 Mureti
2622 3527 2741 3568 no—

590 3625 720 3688 tas,
755 3631 914 3694 quas
955 3622 1345 3695 apposuerat
1381 3603 1655 3670 editioni
1691 3606 1963 3670 Roberti
2005 3606 2351 3693 Stephani,
2393 3609 2740 3688 jusserunt

587 3712 895 3795 describi,
926 3728 992 3775 et
1027 3711 1110 3776 ad
1142 3735 1248 3779 me
1283 3712 1514 3775 curari.
1559 3712 1682 3775 Eas
1720 3712 1960 3798 passim
1999 3712 2227 3774 ceteris
2257 3711 2591 3799 adspersas
2628 3737 2742 3778 re-

586 3816 812 3904 peries.
842 3815 1037 3880 Vides
1072 3832 1392 3904 quantum
1418 3815 1561 3878 aeris
1585 3815 1775 3878 alieni
1798 3816 2231 3879 rcontraxerim
2261 3816 2327 3879 in
2353 3813 2741 3884 adornanda

583 3923 706 3986 hac
737 3919 1037 3984 editione.
1072 3921 1235 4002 Quae
1264 3922 1318 3985 si
1350 3920 1466 3985 tibi
1504 3919 1909 4009 probabitur,
1937 3922 2090 3985 satis
2124 3943 2422 4009 magnam
2456 3923 2739 4010 gratiam

583 4021 705 4092 sibi
738 4025 1132 4117 persolutam
1163 4026 1649 4107 existimabunt,
1674 4028 1784 4113 qui
1814 4027 2004 4091 nobis
2027 4026 2565 4109 commodarunt3
2605 4052 2737 4116 ego

580 4157 733 4199 vero
779 4133 928 4199 satis
980 4152 1290 4218 magnum
1341 4132 1642 4199 laborum
1694 4134 1915 4198 tulisse
1978 4134 2270 4198 fructum
2323 4133 2736 4203 existimabo.
