3023 4773
680 400 812 482 140
1296 399 1393 465 M.
1446 399 1523 466 T.
1577 398 2159 468 CICERONIS

668 543 888 617 quam
919 532 993 591 te
1027 518 1305 590 laudari
1339 518 1563 589 mavis
1601 547 1617 588 :
1653 542 1891 614 neque
1924 516 2526 615 supplicationem
2554 521 2798 614 sequi-

669 644 788 701 tur
812 653 1097 728 semper
1128 628 1542 728 triumphus
1563 683 1583 716 ,
1613 643 1684 700 et
1713 625 2089 725 triumpho
2126 625 2357 698 multo
2384 626 2638 711 clarius
2668 642 2801 712 est,

670 754 997 811 senatum
1022 739 1347 834 judicare
1369 794 1389 828 ,
1419 741 1663 838 potius
1693 736 2247 810 mansuetudine
2283 751 2355 808 et
2391 738 2803 808 innocentia

668 851 1143 947 imperatoris,
1178 850 1659 948 provinciam,
1702 872 1924 946 quam
1958 849 2030 917 vi
2055 847 2406 933 militum,
2439 861 2566 918 aut
2591 846 2802 918 beni-

670 959 939 1055 gnitate
981 957 1328 1048 deorum,
1374 974 1732 1031 retentam
1789 973 2008 1055 atque
2057 971 2555 1029 conservatam
2606 981 2799 1029 esse:

667 1068 868 1166 quod
907 1094 1041 1166 ego
1080 1093 1240 1140 mea
1276 1072 1630 1140 sententia
1668 1066 2073 1142 censebam.

760 1181 999 1276 Atque
1029 1177 1182 1250 haec
1212 1203 1347 1276 ego
1379 1178 1651 1251 idcirco
1683 1177 1772 1250 ad
1793 1193 1864 1250 te
1885 1180 2169 1249 contra‘*
2198 1175 2804 1247 consuetudinem

668 1313 905 1359 meam
942 1287 1275 1385 pluribus
1314 1290 1600 1389 scripsi,
1655 1305 1767 1379 ut,
1818 1288 2020 1387 quod
2059 1287 2368 1358 maxime
2406 1287 2611 1374 volo,
2654 1290 2805 1359 exi-

669 1401 939 1485 stimeS,
961 1422 1078 1470 me
1107 1397 1457 1487 laborare,
1479 1414 1563 1472 ut
1585 1399 1716 1471 tibi
1743 1399 2241 1499 persuadeam,
2270 1417 2388 1470 me
2407 1412 2478 1469 et
2494 1397 2811 1470 voluisse

674 1508 766 1581 de
811 1524 934 1579 tua
972 1509 1373 1605 majestate,
1413 1511 1614 1609 quod
1648 1511 2171 1608 amplissimum
2215 1508 2345 1577 sim
2385 1506 2810 1592 arbitratus;

672 1632 779 1706 et,
820 1618 1021 1715 quod
1056 1633 1138 1690 tu
1174 1619 1523 1707 maluisti,
1561 1619 1831 1692 factum
1869 1644 2023 1691 esse
2058 1616 2372 1715 gaudere
2390 1612 2442 1686 ⁵.
2484 1617 2697 1705 Vale,
2740 1632 2814 1689 et

674 1752 809 1799 nos
833 1727 1072 1824 dilige,
1103 1744 1177 1800 et
1195 1731 1526 1801 instituto
1551 1726 1844 1802 itinere⁶
1869 1732 2315 1805 severitatem
2340 1727 2817 1824 diligentiam-

674 1861 822 1934 que
855 1839 1065 1909 sociis
1100 1853 1173 1910 et
1211 1838 1629 1936 reipublicae
1672 1855 1950 1938 praesta.

658 2045 1009 2109 praerogaeivoe
1034 2045 1338 2110 acciperetur
1360 2061 1452 2111 pro
1478 2045 1697 2095 secundo
1783 2049 1914 2096 euim
1955 2048 2241 2098 brevitatem
2285 2049 2596 2097 sectabantur
2620 2063 2635 2096 :
2676 2049 2817 2113 quod

673 2124 867 2183 omine,
893 2135 1028 2172 certo
1052 2126 1217 2187 signo,
1236 2125 1522 2190 indicioque
1545 2136 1594 2174 et
1621 2127 1698 2189 pi·
1785 2128 1891 2191 ipse
1926 2128 2103 2176 Cicero
2146 2129 2335 2176 notavit
2369 2129 2420 2175 in
2457 2129 2679 2177 oratioue
2722 2144 2817 2193 pro

674 2218 828 2266 gnore
845 2237 861 2262 ,
898 2221 954 2251 ac
980 2204 1118 2267 quasi
1144 2204 1417 2253 arrhabone
1435 2206 1611 2254 futurae
1629 2206 1699 2253 rei

674 2292 856 2346 optatae
903 2283 979 2330 vel
1018 2283 1264 2333 secundae.
1298 2286 1404 2334 Cic.
1439 2289 1553 2335 Act.
1587 2289 1612 2334 1
1648 2288 1701 2335 iu

674 2363 820 2412 Verr.
843 2363 978 2426 «Qui
1012 2379 1157 2427 quam
1187 2364 1251 2411 sit
1288 2365 1367 2413 isti
1394 2367 1605 2423 amicus,
1629 2375 1701 2413 at-

672 2441 886 2490 tendite:
915 2442 1051 2491 dedit
1069 2445 1196 2491 enim
1216 2446 1584 2509 praerogativam
1601 2462 1701 2494 suae

675 2521 945 2571 voluntatis
965 2522 1207 2582 ejusmodi
1226 2557 1243 2581 ‚
1269 2535 1324 2571 ut
1349 2525 1429 2571 isti
1454 2541 1549 2589 pro
1572 2542 1701 2590 prae·

676 2602 907 2664 rogativis
946 2614 1052 2647 eam
1091 2600 1361 2649 reddidisse
1404 2604 1630 2652 videatur
1653 2628 1698 2655 a.

678 2680 788 2728 Liv.
816 2680 901 2727 lib.
920 2682 1024 2729 111:
1052 2700 1077 2720 α
1098 2680 1262 2728 Icilius
1287 2680 1374 2728 ubi
1399 2681 1589 2729 audivit
1615 2684 1701 2729 tri·

678 2757 839 2806 bunos
878 2759 1088 2808 militum
1118 2760 1171 2807 in
1199 2760 1445 2808 Aventino
1480 2772 1699 2822 creatos,

677 2853 739 2884 ne
765 2840 1077 2885 comitiorum
1111 2838 1395 2887 militarium
1426 2840 1703 2904 praerogati-

677 2931 789 2963 vam
826 2915 1011 2964 urbana
1046 2917 1245 2965 comitia
1284 2918 1456 2966 iisdem
1496 2918 1703 2966 tribunis

675 2995 835 3059 plebis
854 3007 1168 3060 sequerentur
1181 3019 1224 3045 n.
1248 2998 1312 3044 Et
1332 2996 1421 3046 lib.
1443 2998 1545 3045 xn
1565 3012 1579 3045 :
1605 3020 1630 3039 α
1644 3001 1701 3045 Iu

678 3074 995 3123 Hasdrubalis
1005 3076 1172 3124 locum
1190 3075 1322 3125 haud
1333 3076 1482 3125 dubia
1493 3093 1572 3123 res
1590 3077 1702 3138 fuit,

680 3157 803 3220 quin
852 3158 1222 3221 praerogativam
1272 3156 1558 3214 militarem,
1607 3173 1704 3220 qua

683 3236 930 3300 extemplo
960 3237 1154 3297 iuvenis
1174 3235 1415 3283 Hannibal
1442 3236 1495 3282 in
1533 3247 1708 3300 praeto·

682 3316 810 3364 rium
855 3315 1074 3374 delatus,
1117 3318 1477 3379 imperatorque
1519 3315 1707 3379 ingenti

686 3397 903 3443 omnium
925 3395 1135 3444 clamore
1158 3406 1304 3458 atque
1323 3410 1521 3442 assensn
1539 3395 1707 3459 appel-

685 3473 811 3522 latus
837 3486 962 3533 erat,
981 3476 1121 3523 favor
1143 3475 1287 3522 etiam
1305 3474 1464 3540 plebis
1481 3471 1708 3537 sequere·

685 3563 767 3601 tur
782 3574 828 3602 ιι.
851 3554 1075 3604 Gronov.
1091 3553 1179 3602 lib.
1201 3554 1272 3600 IV
1298 3554 1503 3602 Observ.
1528 3568 1636 3617 cap.
1665 3570 1708 3603 1.

762 3639 814 3687 4.
853 3632 1031 3682 Coma
1069 3633 1479 3682 consuetudinem.
1517 3631 1713 3681 Scilicet

689 3725 842 3776 quum
893 3712 957 3760 ad
1009 3714 1227 3763 Stoicum
1275 3713 1499 3764 scribam.
1558 3713 1713 3762 Stoici

1787 2209 2023 2255 Μαι-ειη.
2047 2209 2139 2257 En.

1863 2290 1911 2335 5.
1942 2286 2190 2335 Gaudere.
2212 2287 2336 2335 Cato
2355 2285 2548 2335 videtur
2573 2284 2823 2334 ludificari

1788 2368 2074 2418 Ciceronem
2095 2366 2291 2415 fatendo
2318 2383 2368 2416 se
2391 2377 2560 2414 contra
2580 2365 2719 2430 quod
2738 2382 2825 2432 pe·

1789 2447 1924 2495 tebat
1971 2462 1998 2493 a
2047 2457 2218 2494 senatu
2271 2446 2510 2493 censuisse
2529 2480 2545 2506 ‚
2596 2448 2826 2509 quamvis

1789 2524 2083 2589 supplicatio
2110 2524 2304 2573 decreta
2339 2525 2501 2573 suerit.
2534 2525 2827 2574 Ciceronem

1789 2606 2000 2651 amicum
2037 2604 2215 2652 habere
2243 2603 2522 2666 maluerim,
2546 2620 2691 2667 quam
2725 2606 2827 2653 Ca·

1788 2694 1976 2731 tonem.
1999 2685 2096 2731 En.

1861 2763 1911 2809 6.
1932 2761 2159 2809 Inscitum
2187 2760 2372 2810 iether-e.
2393 2765 2457 2810 Η.
2485 2779 2536 2811 e.
2569 2772 2626 2811 ut
2662 2763 2828 2811 facere

1790 2839 2008 2904 ooepisti,
2049 2839 2317 2888 secuudum
2361 2840 2601 2888 rationem
2643 2842 2830 2905 agendi

1790 2935 1936 2982 qnam
1958 2929 2191 2982 sequutus
2220 2936 2287 2966 es.
2311 2920 2487 2968 Guaev.
2502 2920 2831 2968 —weiskius

1791 3006 1954 3046 tamen
1970 3014 2082 3045 cum
2108 2997 2215 3046 aliis
2234 2999 2332 3046 hoc
2358 3000 2429 3047 sic
2453 2999 2660 3062 intelligi
2680 3016 2834 3063 posse

1790 3087 1931 3142 putat
1945 3114 1962 3140 ,
1987 3088 2043 3125 ut
2061 3078 2184 3126 Cato
2204 3078 2489 3127 Ciceronem
2509 3094 2538 3125 e
2562 3079 2830 3142 provincia

1794 3156 2101 3205 decessurum
2140 3167 2334 3204 moneat
2348 3189 2363 3215 ,
2412 3167 2467 3203 ut
2505 3158 2552 3204 ei
2587 3156 2837 3221 praeficiat

1794 3253 2016 3284 severum
2038 3247 2087 3283 et
2113 3236 2394 3300 diligentem
2420 3235 2688 3284 hominem.
2708 3237 2836 3285 Son.

1795 3314 2180 3363 ——Seven‘tatem
2202 3315 2616 3381 diligentiamque.
2649 3316 2729 3363 Ex
2755 3316 2840 3363 his

1795 3410 2029 3459 agnoscas
2052 3396 2252 3444 Catonis
2281 3393 2522 3453 indolem,
2559 3406 2756 3442 austera
2787 3406 2842 3443 et

1798 3474 2020 3537 diligenti
2040 3476 2311 3522 constantia
2337 3474 2462 3523 adeo
2482 3473 2724 3521 valentem
2742 3509 2759 3532 ,
2779 3486 2844 3523 ut

1798 3554 2035 3618 Virgilius
2051 3553 2123 3600 illi
2135 3553 2334 3617 piorum
2361 3553 2619 3619 imperium
2640 3551 2845 3601 detule-

1800 3632 1862 3680 rit
1880 3667 1897 3693 ,
1925 3633 2118 3681 AEueid.
2140 3635 2264 3681 v111
2278 3667 2294 3692 ,
2311 3634 2411 3695 670
2433 3648 2445 3681 ε
2467 3656 2492 3674 ιι
2512 3633 2845 3695 Secreto-quc

1801 3713 1939 3777 pios3
1963 3711 2043 3760 his
2071 3712 2263 3762 dantem
2286 3714 2395 3774 jura
2414 3713 2714 3763 Catonem».
2738 3713 2844 3760 En.
