3023 4773
636 443 779 541 498

1274 442 1371 512 Μ.
1423 442 1501 510 T.
1554 404 2121 512 c1'cE'RoN1s

633 569 797 641 Tibi
815 568 1095 638 nummi
1120 588 1284 637 meo
1303 562 1632 664 periculo
1654 561 1801 633 sint
1819 572 1840 603 ¹
1856 571 1905 632 ¹.
1936 560 2131 651 Quid
2155 563 2349 635 e‘nim
2370 573 2433 609 ¹²
2455 568 2727 639 vereris
2742 624 2765 657 ,

637 701 1174 776 quemcumque
1210 672 1556 746 heredem
1594 669 1804 743 fecit?
1844 671 1980 742 nisi
2024 673 2361 745 Publium
2398 675 2588 749 fecit.
2618 683 2762 749 Ve-

638 811 805 858 rum
860 784 1026 857 fecit
1071 810 1220 857 non
1262 780 1634 881 improbe;
1663 801 2103 879 quamquam
2140 783 2278 856 fuit
2317 786 2488 883 ipse.
2520 789 2766 877 Quare

637 900 713 969 in
754 895 895 968 hoc
939 896 1219 967 thecam
1264 887 1819 965 numrnariam¹3
1869 906 2018 964 no'n
2050 896 2392 966 retexeris
2427 923 2443 966 ε
2485 898 2563 966 in
2606 897 2767 968 aliis

637 1008 780 1080 eris
798 1007 1097 1077 cautior.
1120 1011 1281 1078 Mea
1296 1001 1633 1075 mandata
1647 999 1738 1071 de
1765 999 1985 1074 domo
2006 1003 2291 1075 curabis
2307 1031 2327 1090 ;
2352 1006 2679 1102 praesidia
2697 1012 2762 1060 ¹⁴

637 1117 952 1205 locabis3
984 1117 1330 1189 Milonem
1357 1109 1805 1185 admonebis.
1832 1117 2284 1212 Arpinatium
2311 1114 2634 1188 fremitus
2654 1132 2767 1189 est

639 1225 1079 1300 incredibilis
1107 1225 1198 1297 de
1241 1220 1626 1297 Laterio¹⁵.
1677 1222 1870 1312 Quid
1915 1227 2215 1321 quaeris?
2262 1228 2602 1323 equidem
2639 1228 2768 1299 do-

639 1346 766 1418 lui.
825 1336 883 1416 (⁸)
922 1341 992 1416 δὲ
1035 1353 1145 1416 οὐκ
1188 1338 1564 1440 ἑμποὶζετοῐδ
1607 1342 1829 1436 μύθων.
1875 1343 2092 1430 Quod
2142 1360 2505 1442 superest,
2551 1347 2766 1417 etiam

637 1480 945 1556 puerum
981 1457 1406 1527 Ciceronem
1438 1449 1724 1524 curabis
1751 1463 1824 1521 et
1855 1451 2163 1542 amabis,
2193 1470 2277 1525 ut
2306 1453 2496 1526 faciS.

640 1627 739 1678 qua
758 1613 932 1661 Cicero
949 1612 1055 1660 aliis
1073 1611 1383 1677 cogitandum
1401 1606 1656 1671 relinquit,

642 1692 765 1756 quid
801 1694 905 1758 ipae
945 1693 1121 1742 sentiat
1160 1692 1220 1741 de
1258 1690 1489 1748 Metello,
1521 1704 1584 1735 ne
1617 1687 1660 1733 ai

641 1771 769 1820 forte
796 1770 930 1835 quod
967 1772 1017 1819 in
1049 1773 1210 1819 animo
1237 1769 1445 1818 habebat
1475 1782 1658 1831 expro-

643 1862 824 1910 meret,
849 1849 1095 1899 hominem
1121 1861 1367 1898 mortuum
1392 1846 1663 1896 maledictis

642 1930 882 1978 incessere
914 1928 1175 1978 videretur.
1218 1928 1384 1976 Inuuit
1417 1942 1536 1975 vero
1570 1927 1663 1973 im·

642 2008 854 2075 probum
868 2008 1025 2055 virum
1048 2007 1211 2056 fuisse.
1235 2010 1349 2057 Bos.
1371 2034 1443 2044 —-
1468 2003 1662 2055 Schiitz.

645 2087 826 2143 edidit,
866 2107 892 2126 υ
910 2088 994 2150 qui
1008 2118 1163 2137 .....
1203 2087 1301 2136 Tui
1336 2087 1534 2153 quidem
1572 2087 1664 2136 tibi

646 2163 832 2215 nummi
850 2186 892 2214 n.
919 2167 967 2214 J.
988 2162 1060 2215 V.
1085 2167 1142 2216 1..

719 2260 799 2294 xx.
834 2244 942 2293 Tibi
968 2245 1154 2294 nummi
1177 2262 1283 2294 meo
1303 2245 1524 2311 periculo
1548 2247 1661 2298 sine.

640 2324 920 2393 Εἰρωνυιῶς.
946 2325 1137 2373 Iudicat
1164 2325 1293 2372 enim
1318 2325 1500 2373 nullam
1526 2342 1659 2390 spem

643 2416 744 2453 esse
769 2420 939 2454 eorum
973 2420 1281 2453 nummorum
1309 2405 1663 2469 recuperando·

642 2501 764 2532 rum.
794 2486 912 2533 Ideo
941 2500 1054 2532 mox
1076 2484 1270 2546 subjicit
1287 2519 1302 2543 ‚
1323 2506 1349 2526 ιι
1364 2485 1417 2531 in
1437 2485 1536 2532 hoc
1560 2484 1664 2533 the·

640 2579 744 2611 cam
768 2563 1082 2610 nummariam
1108 2579 1168 2608 ue
1190 2565 1420 2611 retexet-is
1439 2587 1481 2610 ω.
1507 2564 1624 2613 Bos.

717 2654 796 2690 ta.
828 2642 960 2704 Quid
980 2639 1107 2688 enim
1131 2639 1336 2689 vereris.
1369 2641 1547 2690 Sensus
1565 2653 1662 2703 est,

644 2721 775 2783 Quid
804 2722 1009 2777 vereris,
1045 2734 1398 2783 quemcumque
1432 2722 1662 2769 Metellus

644 2799 869 2848 heredem
893 2800 1033 2856 fecit,
1061 2814 1122 2846 ne
1148 2798 1191 2846 is
1213 2798 1399 2845 scilieet
1423 2797 1664 2849 heredita-

642 2888 743 2926 tem
758 2893 862 2926 non
881 2887 1069 2933 cernat,
1094 2876 1229 2940 quod
1251 2882 1358 2923 eam
1379 2874 1662 2927 damnosam

642 2959 886 3006 existimet
901 2991 917 3016 ,
934 2958 1031 3004 nisi
1049 2957 1174 3004 forte
1194 2955 1419 3006 Publium
1435 2956 1662 3006 heredem

644 3037 798 3087 fecit?
829 3052 934 3085 non
971 3038 1099 3084 euim
1134 3037 1398 3084 verendum
1433 3049 1535 3094 est,
1575 3038 1663 3085 sed

644 3132 738 3182 pro
779 3128 912 3165 certo
947 3117 1247 3172 habendum,
1283 3118 1523 3163 nerninem
1556 3131 1661 3164 eam

642 3195 958 3245 hereditatem
966 3195 1212 3243 aditurum
1227 3194 1659 3259 proeterClodium3

644 3277 730 3339 qui
751 3291 843 3323 oere
864 3274 1022 3321 alieno
1034 3288 1186 3337 quum
1209 3283 1340 3321 totus
1352 3274 1415 3320 sit
1428 3272 1659 3334 obrutus,

641 3355 824 3403 nullam
863 3353 1175 3416 quantumvis
1201 3350 1481 3399 damnosam
1517 3370 1662 3418 repu-

643 3434 864 3483 diaturus
882 3442 955 3479 est
972 3430 1301 3479 hereditatem.
1318 3431 1662 3482 Verumtamen

643 3510 867 3576 improbe
912 3524 1015 3557 non
1061 3509 1177 3556 feeit
1218 3508 1446 3557 Metellus
1462 3544 1477 3569 ,
1524 3513 1662 3576 quod

641 3591 838 3640 affinem
877 3602 1019 3638 suum
1063 3588 1287 3637 heredem
1330 3589 1445 3637 fecit
1461 3623 1476 3647 ‚
1516 3606 1663 3654 quem

643 3670 826 3719 sciebat
849 3679 982 3717 eerto
1001 3668 1315 3717 hereditatem
1342 3683 1477 3716 suam
1497 3671 1662 3720 aditu·

642 3766 771 3799 rum.
791 3751 960 3812 ltaque
977 3748 1125 3809 huius
1145 3748 1214 3796 rei
1234 3764 1374 3796 cansa
1391 3756 1456 3796 ne
1473 3750 1663 3799 thecam

644 3828 963 3875 nummariam
984 3828 1214 3875 retexe-ris
1231 3860 1248 3885 ,
1267 3826 1321 3875 id
1341 3841 1441 3890 est,
1462 3842 1663 3894 aperuek

642 3907 741 3965 ria,
762 3917 820 3954 ut
843 3908 895 3955 in
917 3923 1020 3954 eam
1045 3923 1270 3955 nummos
1294 3907 1435 3958 indas
1458 3911 1550 3958 tibi
1579 3911 1663 3959 de-

642 3984 776 4033 bitos
790 4000 818 4032 a
837 3986 1055 4034 Metello.
1083 3987 1127 4035 11
1143 3989 1272 4035 enim
1287 3988 1378 4036 tihi
1395 3991 1660 4054 perierunt.

641 4067 793 4114 hau.

718 4144 780 4193 ιδ
793 4178 809 4194 .
848 4142 1058 4193 meam
1081 4144 1422 4195 nummariam.
1452 4144 1661 4199 'Prover-

1742 1603 1882 1654 bium
1913 1619 2015 1667 est,
2044 1629 2071 1651 α
2089 1609 2277 1657 thecam
2309 1610 2626 1659 nummariam
2664 1627 2768 1659 non

1742 1688 1973 1736 retexerit
1987 1710 2030 1738 ι.
2052 1689 2334 1754 sportulam
2350 1690 2610 1738 vimineam
2630 1690 2771 1738 intel-

1743 1765 1879 1829 ligit,
1912 1783 2020 1831 quae
2059 1769 2101 1815 si
2141 1769 2232 1815 suit
2260 1770 2542 1832 angustior,
2570 1770 2771 1818 videtur

1743 1847 1958 1910 potuisse
1979 1848 2147 1895 retexi.
2173 1850 2242 1895 Is.
2267 1849 2488 1896 Casius.

1820 1935 1901 1983 ιι.
1931 1928 2184 1975 Ρνωείᾰία.
2209 1929 2311 1985 Ne,
2335 1928 2452 1975 dum
2476 1926 2767 1988 edificatur,

1744 2005 1978 2070 impetum
1994 2009 2203 2072 aliquem
2220 2009 2423 2059 Clodius
2441 2009 2602 2057 faciat.
2621 2010 2772 2057 Mu.

1745 2111 1815 2122 —
1830 2088 1884 2134 Ρ.
1900 2087 2150 2136 Victorius
2172 2105 2234 2136 ex
2248 2091 2526 2149 conjectura
2541 2089 2770 2137 censebat

1744 2166 2099 2216 emendandum
2115 2167 2311 2233 praedia
2324 2203 2340 2225 ,
2360 2168 2448 2216 sed
2465 2168 2590 2216 nihil
2609 2181 2771 2216 tamen

1744 2244 1799 2291 in
1816 2262 1898 2294 sua
1918 2247 2133 2296 editione
2150 2249 2424 2296 immutavit
2438 2282 2454 2308 ,
2474 2264 2567 2296 uec
2594 2249 2775 2296 immu-

1745 2325 1946 2373 tandum
1968 2328 2173 2399 censui-t.
2202 2328 2333 2376 Male
2359 2330 2537 2376 Bosius
2566 2338 2612 2376 et
2640 2330 2771 2376 Grn-

1745 2413 1878 2452 terus
1893 2418 2177 2470 receperunt
2191 2407 2403 2463 Victorii
2418 2409 2773 2473 conjecturam.

1749 2486 1928 2534 (ἷκεν.
1960 2487 2191 2534 —Idem
2226 2499 2417 2549 tamen,
2451 2488 2605 2536 altero
2630 2500 2772 2536 tomo

1747 2574 1990 2623 extremo,
2022 2564 2108 2612 uhi
2135 2565 2369 2613 addenda
2400 2576 2448 2613 et
2477 2566 2772 2631 corrigenda

1745 2644 1982 2707 proponit
2006 2679 2020 2703 ‚
2063 2644 2114 2691 in
2159 2655 2393 2693 contextu
2441 2646 2590 2693 scribi
2626 2646 2773 2707 jubet

1742 2722 1936 2786 pra-dia
1948 2758 1963 2780 ,
1989 2725 2186 2772 Mureto
2204 2741 2399 2789 quoque
2411 2759 2425 2783 ‚
2444 2725 2605 2789 inquit
2617 2761 2630 2782 ,
2644 2725 2772 2773 hanc

1745 2801 2020 2857 lectionem,
2054 2803 2376 2867 approbante.
2437 2803 2771 2867 Quamobrem

1747 2897 1892 2944 ergo,
1923 2882 1966 2929 si
2002 2882 2063 2930 de
2097 2882 2320 2930 locandis
2348 2882 2552 2946 praedit's
2584 2884 2771 2945 agitur,

1746 2961 1986 3009 Milonem
2019 2961 2322 3009 admonitum
2359 2961 2506 3018 velit,
2542 2978 2634 3025 ego
2668 2976 2773 3010 non

1748 3040 1907 3088 video.
1934 3042 2001 3088 At
2027 3039 2173 3089 video
2199 3057 2287 3089 cur
2309 3041 2392 3088 ille
2426 3040 2770 3100 admoneatur,

1746 3121 1788 3167 si
1814 3120 2018 3169 locanda
2059 3123 2158 3170 sint
2182 3119 2422 3183 proesidc‘a
2447 3138 2464 3167 .·
2502 3120 2773 3169 conductas

1746 3200 1875 3249 enim
1897 3216 2071 3265 operas
2095 3200 2320 3250 habebat.
2346 3200 2567 3249 Ouvt'r.
2647 3216 2653 3221 ·

1827 3283 1908 3329 15.
1935 3282 2008 3329 De
2029 3282 2241 3329 Laterio.
2267 3281 2510 3328 LaterInm
2533 3290 2635 3327 erat
2653 3277 2772 3326 villa

1746 3359 1923 3422 Quinti
1959 3360 2206 3409 OEceronis
2251 3360 2303 3406 iu
2335 3359 2594 3423 Arpinati,
2626 3372 2771 3422 quam

1747 3436 1966 3486 aedificiis
1985 3472 2000 3498 ,
2033 3438 2403 3503 aquaeductibus
2430 3448 2478 3485 et
2507 3438 2598 3485 viis
2626 3452 2774 3484 orna·

1747 3515 1857 3575 bat,
1876 3527 1931 3565 ut
1957 3529 2148 3565 constat
2166 3532 2223 3565 ex
2244 3516 2446 3582 epistola
2467 3517 2622 3582 prima
2640 3516 2674 3563 l.
2696 3518 2773 3563 111

1746 3596 1809 3643 ad
1829 3596 2065 3644 eumdem.
2093 3595 2216 3657 Sed,
2241 3606 2298 3644 nt
2325 3596 2535 3653 videtur,
2565 3594 2774 3659 Arpina-

1748 3685 1821 3723 tes
1852 3675 2040 3722 viciuos
2079 3691 2192 3722 snos
2230 3675 2323 3722 hac
2363 3692 2416 3723 re
2457 3673 2741 3723 offendebat
2758 3708 2774 3733 ,

1748 3753 1886 3817 quod
1912 3754 2109 3801 Marcus
2133 3755 2279 3801 frater
2302 3752 2516 3802 dolebat.
2545 3751 2634 3800 Ille
2660 3766 2774 3801 vere

1747 3850 1851 3883 non
1864 3832 2064 3881 curabat
2083 3847 2327 3882 sermones
2340 3833 2555 3881 illorum.
2573 3833 2773 3880 Pom.

1824 3913 1903 3961 16.
1932 3901 1974 3961 Ο
1999 3906 2056 3960 δὲ
2075 3912 2175 3961 οὐκ.
2199 3914 2292 3961 Hic
2310 3928 2430 3961 vero
2449 3928 2553 3960 non
2574 3911 2774 3959 curabat

1747 4007 1856 4057 quae
1880 3990 2181 4041 dicebantur.
2201 3992 2384 4057 odyss.
2409 3994 2477 4054 A,
2507 4004 2630 4052 271,
2654 3990 2770 4042 305.

1746 4072 1841 4121 Sed
1859 4083 2015 4121 mutat
2039 4088 2224 4123 rursus.
2247 4072 2330 4121 Sic
2349 4073 2478 4121 euim
2500 4084 2609 4122 eat:
2641 4070 2699 4122 Εἰ
2719 4066 2772 4120 δ’

1745 4148 1837 4223 ἄγε
1853 4156 1928 4205 νῦν
1947 4148 2108 4218 ξυνίει,
2127 4150 2209 4205 καὶ
2228 4152 2352 4223 ἐμῶν
2373 4151 2579 4223 iga-witto
2595 4151 2770 4222 μύθων.
