3023 4773
288 409 1676 435 mmmm-“mmmmm
1680 413 2419 437 mmmmm

406 615 1415 723 SEBASTIANUS
1489 615 2303 727 CORRADUS

1077 846 1637 929 LECTORL

294 1174 668 1328 Qnmqua
703 1228 837 1307 jam
872 1250 1078 1317 prope
1126 1243 1283 1292 sunt
1329 1229 1483 1293 anni
1504 1276 1525 1310 ,
1563 1250 1770 1317 quum
1804 1250 1926 1318 ego
1953 1225 2240 1292 Venetiis
2277 1250 2430 1292 cum

285 1334 612 1424 Sylvestro
641 1334 1044 1399 Mauroceno
1075 1333 1340 1398 Ioannis
1370 1335 1443 1399 F.
1463 1334 1627 1415 viro,
1653 1356 1850 1423 quem
1880 1356 2138 1423 semper
2159 1333 2433 1397 honoris

284 1465 478 1509 causa
512 1442 866 1506 nominabo
885 1490 904 1525 ,
929 1442 1019 1506 ita
1043 1441 1370 1533 vivebam,
1396 1458 1471 1506 ut
1504 1440 1666 1504 nihil
1694 1441 1854 1505 mihi
1884 1463 2097 1531 neque
2122 1441 2205 1506 ad
2233 1441 2435 1505 animi

282 1547 848 1635 tranquillitatem,
886 1569 1100 1635 neque
1138 1546 1220 1611 ad
1258 1546 1470 1610 otium
1519 1545 1741 1611 deesse
1781 1545 2134 1612 videretur.
2192 1546 2271 1611 Id
2318 1545 2435 1612 otii

285 1676 498 1742 quum
531 1676 652 1744 ego
691 1653 760 1716 in
794 1655 1014 1744 graecis
1057 1654 1256 1718 literis
1301 1652 1614 1733 majorem
1655 1670 1905 1743 partem
1940 1676 2433 1733 consumerem,

285 1776 356 1826 et
381 1761 514 1840 jam
551 1776 693 1825 tum
730 1760 1034 1849 deinceps
1075 1761 1144 1825 in
1180 1783 1356 1826 sacra
1388 1761 1807 1850 philosophia
1849 1783 2236 1825 consumere
2279 1784 2437 1825 con-

282 1867 673 1953 stituissem,
709 1866 1148 1932 adolescentes
1178 1889 1312 1930 non
1339 1868 1530 1955 pauci
1560 1866 1980 1950 nobilissimi,
2008 1883 2074 1931 et
2098 1865 2436 1931 studiosis-

284 1973 473 2056 simi,
516 1973 632 2061 qui
670 1995 774 2036 me
808 1972 911 2037 vel
959 1971 1133 2062 apud
1177 1972 1531 2062 Egnatium
1577 1989 2046 2061 praeceptorem
2087 1972 2272 2036 illum
2308 1995 2433 2036 no-

281 2093 493 2143 strum
530 2094 794 2160 norant,
825 2078 929 2142 vel
957 2093 1384 2166 quaesturam,
1414 2094 1483 2142 et
1517 2084 1587 2139 τὰ
1616 2088 1793 2156 qam
1821 2079 1889 2141 in
1918 2058 2265 2166 Epistolas,
2288 2100 2434 2166 quae

282 2183 654 2249 Familiares
677 2182 1011 2266 dicuntur,
1036 2198 1258 2247 nostra
1284 2199 1426 2246 tum
1455 2182 1745 2271 primum
1773 2182 2088 2272 descripta
2108 2184 2433 2273 legerant,

282 2311 325 2353 a
353 2312 458 2353 me
491 2313 700 2379 quum
728 2313 846 2380 per
878 2313 978 2371 se,
1004 2305 1147 2354 tum
1171 2311 1288 2378 per
1321 2289 1565 2353 amicos
1598 2311 1982 2355 communes
2015 2312 2434 2380 summopere

253 2463 260 2468 ,
292 2396 811 2480 contenderunt,
850 2413 927 2461 ut
958 2397 1082 2461 sibi
1121 2395 1451 2461 Ciceronis
1490 2396 1812 2484 Epistolas
1848 2395 1934 2461 ad
1962 2397 2251 2462 Atticum
2280 2398 2434 2463 sub-

292 2504 523 2569 secivis
559 2504 773 2592 operis
804 2503 1206 2593 explicarem.
1231 2503 1383 2566 Illos
1418 2525 1539 2592 ego
1566 2502 1844 2567 libenter
1874 2524 2028 2568 sane
2053 2504 2320 2592 quidem
2353 2503 2437 2569 ad

290 2610 450 2675 alios
481 2609 878 2693 rejecissem,
917 2609 1098 2699 quod
1134 2631 1303 2673 onus
1336 2608 1515 2702 mihi„
1535 2610 1791 2698 gravius
1823 2610 2075 2699 imponi
2101 2610 2435 2693 videbam,

290 2738 490 2803 quam
519 2716 700 2805 quod
731 2739 987 2804 possem
1016 2716 1369 2796 sustinere,
1401 2713 1518 2779 sed
1550 2738 1759 2803 quum
1793 2733 1858 2781 et
1889 2717 1980 2780 illi
2012 2716 2199 2782 valde
2229 2717 2433 2781 insta-

294 2837 473 2904 rent,
520 2844 643 2886 nec
671 2845 792 2911 ego
821 2822 1062 2887 soleam
1083 2870 1101 2905 ,
1139 2820 1320 2910 quod
1346 2843 1383 2884 a
1414 2842 1520 2883 me
1550 2820 1824 2885 honeste
1851 2823 2118 2910 petitur,
2166 2844 2434 2912 negare,

294 2927 362 2992 id
394 2928 685 3018 suscepi,
729 2944 827 3011 et,
862 2951 985 3010 ne,
1029 2952 1174 3017 quoe
1214 2925 1705 3016 interpretando
1744 2927 1848 2991 vel
1889 2916 2310 3011 invenissem,
2335 2928 2438 2994 vel

295 3035 788 3125 excogitassem,
815 3057 1083 3123 prorsus
1116 3034 1423 3123 perirent,
1448 3056 1521 3098 ea
1554 3032 1807 3121 scriptis
1835 3033 2171 3118 mandavi,
2194 3058 2330 3098 non
2359 3058 2438 3099 eo

293 3140 553 3205 medius
598 3139 791 3205 fidius
829 3142 1137 3223 consilio,
1183 3163 1258 3204 ea
1304 3155 1380 3203 ut
1420 3162 1734 3228 umquam
1773 3157 2186 3227 apparerent,
2231 3139 2345 3206 sed
2381 3141 2438 3206 si

295 3269 612 3335 umquam
665 3246 817 3311 alias
864 3245 1221 3328 accideret,
1273 3262 1351 3309 ut
1395 3268 1501 3309 eas
1554 3246 1873 3333 Epistolas
1924 3245 2437 3335 interpretandas

295 3353 720 3442 susciperem,
753 3375 827 3416 ea
858 3353 1020 3416 mihi
1052 3351 1172 3416 soli
1208 3365 1284 3414 ut
1318 3350 1737 3439 prodessent,
1776 3367 1851 3416 ut
1884 3368 2013 3416 tres
2034 3352 2167 3433 jam
2199 3374 2437 3436 annos,

298 3459 537 3546 quibus
572 3482 678 3524 eas
714 3459 1031 3548 Epistolas
1063 3458 1247 3548 Regii
1284 3457 1544 3546 publice
1572 3480 1719 3522 sum
1749 3459 2243 3548 interpretatus,
2282 3483 2439 3549 pro-

296 3566 498 3628 fuere.
537 3566 627 3628 Ut
667 3565 842 3630 enim
881 3564 1253 3630 amicissimi
1285 3563 1414 3627 mei
1449 3564 1682 3628 Petrus
1706 3565 2065 3646 Victorius,
2099 3581 2166 3631 et
2200 3566 2439 3632 Paulus

295 3668 632 3734 Manutius
659 3671 777 3735 viri
805 3669 1200 3749 doctissimi,
1236 3684 1302 3733 et
1333 3667 1415 3732 de
1444 3667 1646 3732 literis
1670 3669 1883 3733 latinis
1910 3669 2155 3758 optime
2187 3673 2437 3756 meriti,

297 3776 658 3864 plurimum
693 3800 939 3865 operae,
988 3792 1053 3841 et
1102 3774 1300 3841 studii
1351 3775 1419 3839 in
1458 3797 1599 3839 eam
1640 3797 1778 3838 rem
1811 3776 2239 3861 contulerint,
2286 3780 2439 3868 quia

300 3897 512 3947 tamen
549 3899 783 3947 neuter
810 3883 1068 3946 illorum
1098 3898 1308 3946 totum
1339 3904 1506 3970 opus
1542 3880 1876 3968 exposuit,
1909 3881 2024 3946 sed
2054 3886 2216 3949 alter
2244 3886 2438 3951 casti-

301 3988 671 4074 gationibus
690 4037 709 4070 ‚
743 4004 818 4053 ut
844 4003 1030 4054 vocat
1048 4037 1066 4072 ,
1094 3977 1252 4055 alter
1278 3998 1486 4067 σχολίοις
1523 4001 1787 4051 centum
1824 3991 2226 4081 septuaginta
2257 4014 2440 4057 sum·

299 4117 485 4159 mum
520 4112 869 4162 contentus
905 4097 1067 4162 fuit:
1108 4113 1307 4184 atque
1353 4095 1419 4157 in
1469 4117 1549 4158 eo
1586 4117 1782 4183 opere
1824 4094 2209 4165 declarando
2252 4100 2306 4164 is
2343 4117 2438 4166 est
