3023 4773
659 423 805 523 496
1305 421 1403 490 M.
1453 420 1534 488 T.
1587 418 2148 490 CICERONIS

658 543 1070 618 mehercule
1095 539 1511 639 incipiendo
1532 549 1586 594 ¹⁷
1622 539 1891 635 refugi3
1929 529 2059 624 ne,
2086 539 2215 636 qui
2240 533 2546 608 videar¹⁸
2577 536 2798 610 stulte

663 660 935 729 illius¹9
970 656 1178 724 amici
1220 652 1728 748 intemperiem
1764 674 1917 719 non
1961 649 2246 733 tulisse,
2281 671 2530 724 rursus
2575 647 2799 718 stulte

668 773 999 867 injuriam
1032 768 1220 838 illius
1261 764 1515 837 faciam
1551 764 1938 847 illustrem,
1976 765 2035 835 si
2065 762 2250 860 ⁴quid
2294 766 2681 860 scripsero;
2726 776 2801 831 et

664 877 914 962 simul,
962 900 1054 947 ne
1092 876 1362 963 βαθύτης
1397 894 1556 941 mea
1572 881 1662 956 ⁸⁰,
1699 894 1863 966 quae
1900 871 1975 939 in
2009 868 2292 966 agendo
2320 870 2687 966 apparuit,
2718 869 2800 936 in

666 986 1046 1059 scribendo
1085 986 1175 1056 sit
1218 981 1675 1067 oculati0r21,
1707 996 1782 1052 et
1816 979 2089 1077 aliquid
2128 977 2515 1050 satisfactio
2546 979 2796 1050 levita-

667 1100 760 1169 tis
810 1095 1076 1167 habere
1122 1093 1470 1164 videatur.
1510 1090 1653 1162 Sed
1695 1090 2101 1162 viderimus».
2152 1093 2260 1159 Tu
2308 1088 2533 1159 modo
2577 1112 2799 1184 quam

668 1206 1054 1303 saepissime
1090 1201 1182 1273 ad
1224 1225 1341 1271 me
1376 1199 1672 1296 aliquid.
1719 1199 2146 1298 Epistulam,
2177 1199 2567 1270 Lucceio²²
2601 1223 2804 1269 nunc

672 1338 894 1412 quam
944 1313 1139 1392 misi,
1179 1335 1360 1408 qua,
1416 1335 1614 1382 meas
1652 1335 1766 1382 res
1809 1325 1894 1381 ut
1941 1306 2239 1396 scribat,
2298 1333 2513 1405 roge,
2571 1306 2682 1378 fac
2718 1323 2804 1378 ut

669 1425 760 1495 ab
786 1448 875 1495 eo
898 1446 1138 1494 sumas
1167 1448 1183 1491 z
1219 1419 1424 1492 valde
1458 1418 1648 1491 bella
1672 1431 1821 1505 θεὶς
1850 1444 2198 1516 eumque,
2228 1434 2311 1489 ut
2327 1433 2803 1516 approperet,

669 1534 1115 1618 adhorteris;
1162 1546 1269 1616 et,
1307 1530 1510 1628 quod
1553 1529 1726 1600 mihi
1764 1554 1841 1601 se
1881 1533 1978 1601 ita
2010 1528 2366 1600 facturum
2397 1529 2800 1624 rescripsit,

671 1669 836 1742 agas
862 1644 1142 1742 gratias.
1176 1647 1494 1714 Domum
1526 1656 1843 1712 nostram
1863 1695 1884 1728 ,
1920 1640 2162 1737 quoad
2189 1639 2485 1737 poteris,
2513 1639 2801 1710 invisas.

671 1756 1004 1827 Vestorio
1045 1750 1320 1851 aliquid
1358 1749 1719 1849 significes
1761 1779 1778 1822 t
1818 1750 2025 1823 valde
2070 1753 2265 1823 enim
2307 1763 2416 1821 est
2450 1750 2526 1819 in
2564 1773 2684 1820 me
2717 1750 2807 1820 li-

668 1865 956 1938 beralis.

748 2043 828 2087 ¹7·
842 2023 1138 2090 Incipiendo.
1154 2027 1319 2087 Quum
1329 2024 1427 2084 jam
1446 2038 1696 2086 aggi-ecana

674 2122 825 2154 essem
851 2104 1060 2152 scribere
1079 2102 1161 2150 illa
1180 2103 1502 2149 Hortensiana
1518 2136 1533 2161 ‚
1556 2117 1696 2150 revo-

673 2186 781 2233 cavi
807 2200 884 2232 me
899 2218 913 2241 ,
939 2194 989 2231 et
1009 2181 1145 2245 quod
1165 2182 1490 2238 institueram,
1514 2181 1697 2241 abjeci,

674 2283 736 2314 ne
753 2299 768 2322 ‚
794 2279 945 2328 quum
975 2262 1140 2310 videar
1166 2261 1389 2321 injuriam
1420 2260 1695 2317 HortenaiI,

675 2360 784 2410 quae
805 2352 964 2390 tamen
981 2356 1082 2389 non
1103 2339 1381 2403 gravissima
1404 2338 1594 2409 fuerat,
1613 2354 1700 2402 pa-

674 2439 780 2471 rum
799 2422 1041 2486 sapienter
1052 2420 1255 2475 ,tuliaae,
1270 2433 1435 2465 rua-eus
1455 2418 1507 2464 in
1526 2418 1699 2467 eodem

673 2500 963 2550 illustrando
982 2515 1157 2564 parum
1178 2499 1369 2561 aapiena
1396 2496 1565 2544 haberi
1585 2513 1701 2561 poa-

673 2582 777 2629 aim.
818 2579 990 2642 Neque
1030 2579 1156 2624 enim
1198 2576 1429 2640 sapientia
1472 2586 1547 2623 eet
1563 2612 1578 2635 ,
1619 2578 1698 2625 uni

676 2670 815 2708 antea
845 2657 1054 2705 maxime
1084 2656 1446 2711 succensueria,
1477 2654 1700 2703 eumdem

677 2736 843 2801 paullo
868 2746 984 2799 poet
1006 2735 1219 2781 maxime
1245 2733 1459 2782 laudare.
1490 2736 1637 2782 Mu.

752 2832 773 2865 1
784 2817 832 2864 8.
850 2814 948 2876 Qui
961 2830 1017 2881 v.
1036 2812 1345 2877 stulte-Vulg.
1358 2812 1497 2877 quod
1508 2810 1700 2869 videar.

654 2884 657 2889 ’
682 2896 780 2957 Qui
790 2895 1002 2944 correxit
1017 2897 1133 2943 Ern.
1153 2904 1202 2941 et
1218 2893 1446 2941 viderunt
1463 2892 1628 2940 Lamb.
1652 2902 1702 2939 et

676 2960 1114 3027 NizoLVidebatur
1135 2974 1308 3022 Cicero
1333 2973 1479 3020 stulte
1502 2971 1673 3018 fecisse
1689 3005 1703 3028 ,

674 3055 811 3120 quod
836 3055 888 3101 in
918 3053 1126 3117 quadam
1152 3069 1295 3100 causa
1322 3052 1465 3099 tacite
1492 3065 1595 3098 non
1620 3061 1700 3097 tu-

673 3135 794 3182 lerat
832 3133 1164 3197 intemperiem
1206 3130 1487 3185 Hortensii,
1528 3128 1616 3176 sed
1654 3130 1701 3176 ei

674 3212 921 3272 objecerat
947 3212 1173 3273 injuriam
1200 3209 1296 3257 sibi
1325 3208 1571 3255 immerito
1596 3208 1702 3257 illa·

678 3304 791 3340 tam.
816 3292 1016 3338 Bonna.

750 3386 834 3433 19.
879 3369 1061 3416 Juuius
1097 3366 1331 3426 conjicit,
1370 3389 1394 3407 ιι
1419 3366 1553 3414 illine
1600 3383 1700 3415 nun

675 3449 818 3497 amici
844 3446 1181 3510 intemperiem
1214 3445 1381 3493 tulisse
1402 3468 1450 3502 a,
1488 3446 1625 3508 quod
1653 3456 1703 3495 et

678 3528 980 3592 Mongaltius
999 3524 1237 3573 ediderat.
1260 3527 1309 3573 J.
1334 3526 1396 3571 V.
1423 3526 1476 3572 1..
1530 3576 1537 3583 ,

751 3624 838 3657 ao.
875 3603 1080 3663 nabin-n:
1117 3620 1245 3652 mea.
1279 3603 1528 3661 Bato-,wa
1561 3613 1702 3652 vocat

680 3670 1085 3746 taciturnitatem,
1106 3694 1154 3732 et
1184 3684 1431 3733 oecultum
1453 3685 1616 3747 aliqua
1639 3685 1705 3733 de

680 3779 732 3809 re
751 3764 900 3810 animi
926 3779 1149 3823 sensum,
1173 3774 1363 3827 sumpta
1391 3763 1705 3817 translatione

678 3856 706 3886 a
734 3843 926 3904 puteis,
952 3854 997 3893 et
1016 3843 1123 3891 aliia
1144 3842 1268 3891 lucia
1284 3843 1426 3901 altis,
1448 3844 1507 3890 in
1529 3842 1707 3906 quibus

1784 2021 1998 2072 demersa
2029 2021 2096 2070 ita
2128 2021 2309 2080 latent,
2348 2031 2403 2070 ut
2437 2022 2628 2070 nemini
2655 2038 2810 2087 appa·

1784 2112 1935 2152 reant-
1955 2104 2068 2151 Boa.
2083 2129 2156 2139 —
2168 2100 2372 2158 Βαθύτης
2391 2117 2494 2149 non
2513 2112 2588 2149 eat
2605 2104 2810 2149 tacitur-

1784 2183 1936 2240 nitaa3
1949 2182 2034 2230 sed
2046 2181 2304 2245 singularia
2313 2182 2534 2244 quedam
2549 2181 2812 2246 prudentia

1783 2260 2089 2322 intelligitur.
2115 2260 2369 2316 Salinatio,
2392 2261 2601 2308 aldeado
2626 2260 2818 2325 nigenii

1785 2349 2017 2399 vocatur,
2044 2349 2101 2386 ut
2138 2339 2288 2389 docet
2316 2339 2540 2391 Turneb.
2577 2342 2679 2395 111,
2717 2343 2813 2400 15;

1785 2416 1925 2480 βάθος
1942 2413 2153 2475 διανοίας
2172 2420 2467 2479 Τὴεωίιῑίος
2486 2421 2697 2482 Quintil.
2713 2421 2820 2467 Do-

1787 2498 1933 2548 clam.
1969 2497 2276 2561 «profunda
2317 2500 2497 2546 mentia
2540 2499 2749 2546 conailia
2771 2521 2816 2545 -.

1787 2574 1968 2642 Polyb.
1998 2575 2197 2638 βαθύτης
2220 2580 2300 2633 τῆς
2327 2573 2491 2641 ψυχῆς.
2524 2579 2632 2626 Nec
2659 2580 2818 2626 multo

1785 2656 1926 2705 aliter
1961 2655 2216 2704 «altitudo
2252 2658 2405 2705 animi
2422 2678 2466 2707 2.
2509 2659 2617 2707 Cic.
2656 2658 2726 2704 sie
2768 2669 2816 2704 et

1786 2752 1867 2799 ep.
1911 2751 1998 2794 10,
2036 2736 2127 2784 lib.
2161 2739 2242 2785 V:
2265 2740 2478 2800 «Itaque
2513 2737 2818 2786 admirabere

1789 2830 1943 2862 meam
1973 2813 2243 2875 βαθύτητι,
2272 2832 2425 2879 quum
2458 2817 2580 2865 aalvi
2612 2816 2821 2864 redieri-

1788 2910 1897 2941 mus
1912 2914 1955 2940 ι.
1976 2892 2136 2941 Aliter
2155 2904 2316 2943 tamen
2335 2898 2431 2951 vl,
2446 2913 2526 2959 ep.
2553 2912 2572 2942 ι
2592 2912 2607 2944 :
2626 2894 2819 2958 «Quod

1788 2988 1942 3021 meam
1972 2969 2212 3032 βαθύτητι
2238 2975 2291 3025 in
2313 2975 2485 3039 Appio
2518 2976 2611 3024 tibi
2627 3010 2641 3031 ,
2668 2975 2818 3022 liber-

1790 3063 1937 3101 tatem
1974 3052 2120 3100 etiam
2153 3053 2208 3100 in
2249 3055 2405 3102 Bruto
2444 3055 2634 3118 probo,
2671 3056 2822 3102 vehe-

1771 3141 1974 3179 menter
2001 3131 2190 3195 gaudeo
2207 3154 2248 3179 ι.
2271 3135 2335 3180 Ιι.
2359 3135 2576 3184 Cauca.
2595 3159 2664 3171 --
2686 3134 2820 3181 Vide

1791 3213 1867 3257 Fr.
1889 3210 2108 3259 Odinum
2132 3212 2185 3261 in
2205 3210 2352 3259 offic.
2383 3211 2473 3262 lib.
2500 3214 2674 3261 XXV.

1864 3304 1891 3335 2
1905 3304 1944 3338 t.
1972 3289 2241 3336 oculatior.
2261 3291 2502 3354 castigavi
2520 3327 2534 3350 ,
2555 3291 2818 3344 oculatior,

1788 3379 1986 3419 auctore
2015 3369 2310 3427 Decus-tato,
2337 3383 2492 3432 quum
2518 3381 2658 3417 antea
2684 3370 2821 3433 lege-

1773 3458 1922 3495 retur
1948 3447 2207 3504 occultior,
2235 3459 2536 3513 repugnante
2561 3450 2815 3497 sententia.

1791 3527 2026 3575 Oculatun
2042 3528 2123 3575 hic
2146 3528 2229 3591 qui
2252 3528 2649 3576 omnium-oculis
2663 3539 2816 3590 patet,

1791 3622 1893 3668 quo
1919 3605 2192 3669 significatu
2224 3607 2413 3655 Plinius
2450 3608 2618 3656 locum
2648 3607 2817 3654 ocula-

1795 3685 2034 3739 tieaimum
2065 3687 2279 3755 vocavit.
2317 3687 2520 3737 Boams.
2554 3711 2628 3733 -.—-
2655 3685 2814 3741 otim,

1793 3763 2044 3821 occultior,
2062 3777 2234 3812 eontra
2252 3765 2555 3814 sententiam.
2573 3767 2607 3812 J
2617 3799 2632 3813 .
2651 3766 2720 3812 V.
2737 3768 2790 3811 1..

1869 3857 1957 3890 aa.
1976 3844 2203 3893 Lucceio.
2219 3844 2301 3892 Ad
2316 3845 2433 3893 Div.
2447 3844 2536 3892 m».
2552 3845 2617 3904 V,
2632 3859 2711 3907 ep.
2734 3858 2811 3891 ω.
