3023 4773
665 401 808 494 490

1310 399 1407 469 M.
1460 403 1541 470 T.
1587 400 2143 472 CICERONIS

660 521 954 592 loe-nmo
987 519 1430 617 praeclarum.
1472 521 1919 595 Gladiatores
1962 521 2181 600 audio.
2219 544 2543 620 pugnare
2592 525 2799 595 miri·

659 628 819 700 fiee.
861 631 933 701 Si
975 630 1212 701 locare
1247 633 1630 719 voluisses»,
1680 631 1972 705 duobus
2007 632 2202 704 his¹⁰
2232 631 2666 706 muneribus
2711 635 2799 705 li-

657 738 1087 812 berassesu.
1133 741 1271 813 Sed
1325 742 1478 815 haec
1532 748 1909 841 posterius,
1959 749 2070 816 Tu
2106 740 2216 815 fac
2256 744 2545 814 venias:
2586 760 2658 817 et
2700 745 2798 817 de

654 847 993 940 librariis,
1030 854 1236 924 sime
1273 877 1496 941 amas,
1533 854 1940 954 diligenter.-

722 1059 778 1107 9.
807 1047 1004 1096 Locum.
1028 1047 1154 1095 Puto
1171 1063 1365 1106 vocem,
1388 1047 1580 1109 ἱοοωιι,
1603 1049 1677 1097 vi-

652 1123 778 1171 tiose
795 1119 961 1172 latinis
981 1125 1133 1173 literis
1150 1126 1329 1186 scribi,
1350 1143 1501 1191 quum
1522 1144 1674 1193 grece

652 1203 719 1250 sit
767 1203 908 1268 λόχον
931 1222 946 1264 3
996 1222 1096 1269 quo
1136 1207 1336 1256 nomine
1374 1206 1676 1272 significatur

650 1282 829 1345 globus
867 1284 1119 1338 sexdecim
1151 1285 1362 1336 militum
1376 1322 1392 1345 ‚
1434 1297 1490 1335 nt
1526 1289 1675 1338 tradit

651 1363 869 1412 AElianus
904 1363 1013 1432 περὶ
1050 1362 1268 1429 τάξεωνς
1326 1370 1464 1432 quasi
1498 1369 1673 1419 innuat

648 1442 823 1491 Cicero
842 1444 1061 1493 Atticum
1081 1447 1253 1494 emisse
1275 1459 1392 1496 octo
1415 1450 1548 1513 paria
1567 1449 1670 1512 gla-

647 1520 907 1580 diatorum,
922 1524 1008 1587 qni
1027 1525 1227 1574 mirifice
1246 1539 1533 1590 pugnarent.
1554 1529 1665 1577 130⁸.

645 1626 717 1637 ·-
744 1601 857 1649 Non
887 1603 1031 1652 video
1058 1621 1146 1652 cur
1172 1606 1465 1670 gladiatores
1498 1607 1668 1655 emerit

644 1679 862 1740 Atticus,
884 1683 969 1746 qui
985 1699 1134 1746 quum
1148 1683 1360 1732 honores
1374 1685 1547 1749 populi
1564 1701 1668 1733 non

641 1758 918 1818 affectaret,
947 1777 1038 1808 nec
1064 1760 1266 1810 delinire
1291 1762 1532 1827 populum
1555 1781 1666 1812 mu·

640 1836 837 1885 neribus
862 1856 1056 1888 necesse
1090 1840 1276 1890 habuit.
1306 1845 1488 1890 Locum
1515 1843 1669 1908 igitur

639 1916 861 1981 intelligo
878 1919 940 1966 ad
961 1920 1276 1984 spectandum
1297 1921 1664 1985 gladiatoribus.

640 1996 804 2057 Quum
823 2009 983 2046 autem
1000 1999 1237 2063 proximis
1259 1999 1431 2047 diebus
1450 2017 1477 2048 a
1498 2001 1665 2051 nescio

639 2090 740 2138 quo
759 2089 1062 2126 muneratore
1080 2078 1181 2126 dati
1199 2089 1355 2127 essent
1374 2079 1665 2145 gladiatores

636 2154 835 2213 eximii,
862 2156 946 2220 qui
974 2173 1151 2222 magno
1174 2174 1418 2206 concursu
1443 2170 1492 2207 et
1523 2160 1662 2207 volu-

636 2242 769 2296 ptate
805 2234 1062 2283 hominum
1096 2249 1460 2300 spectarentur,
1491 2238 1664 2286 scribit

637 2430 1189 2456 mmm
1192 2437 1926 2458 mmm

1766 1049 1938 1097 Attico
1968 1047 2163 1107 Cicero,
2192 1047 2235 1095 si
2265 1046 2433 1096 locum
2463 1046 2603 1096 illum
2623 1048 2794 1097 loe-re

1764 1128 2028 1190 voluisset,
2054 1126 2271 1191 potuisse
2299 1143 2360 1175 ex
2387 1127 2574 1175 locatio
2598 1139 2790 1176 tantum

1760 1205 1988 1268 reficere,
2022 1217 2257 1271 quantum
2289 1222 2387 1270 pro
2425 1222 2486 1254 eo
2516 1206 2671 1255 adhue
2697 1208 2791 1256 de-

1760 1285 1892 1336 beat.
1916 1289 1950 1336 J
1953 1322 1967 1335 .
1987 1291 2039 1336 F.
2070 1289 2306 1336 (honor.
2327 1313 2400 1323 —
2417 1288 2605 1336 Censeo
2620 1285 2792 1335 locum

1758 1367 1956 1428 emisse,
1983 1367 2034 1414 in
2060 1382 2161 1430 quo
2184 1377 2522 1414 exercerentur
2542 1364 2788 1429 gladiato-

1757 1459 1833 1492 res
1845 1478 1860 1504 ,
1873 1446 2109 1503 Atticum,
2126 1455 2174 1492 et
2189 1455 2299 1493 ante
2312 1435 2536 1492 habuisse
2551 1443 2793 1507 gladiato-

1755 1539 1862 1583 res,
1883 1541 2008 1589 quos
2027 1541 2114 1589 per
2135 1523 2334 1572 lanistas
2353 1534 2660 1581 exercuerat,
2679 1539 2793 1573 non

1755 1615 1852 1652 tam
1881 1615 1936 1652 ut
1971 1605 2077 1668 ipse
2112 1620 2290 1652 munus
2326 1602 2520 1660 ederet,
2546 1619 2693 1667 quam
2729 1613 2791 1651 ut

1753 1694 1835 1731 aut
1857 1683 1954 1731 illis
1978 1683 2226 1742 locandis,
2247 1693 2331 1730 ant
2353 1682 2622 1729 vendendis
2638 1717 2654 1739 ‚
2681 1699 2788 1730 ran

1757 1762 1934 1810 faceret
1948 1797 1962 1820 ,
1988 1762 2068 1809 cni
2090 1762 2286 1809 tuende
2303 1759 2635 1825 augendaque
2655 1777 2788 1808 sem-

1754 1858 1843 1906 per
1858 1840 2068 1925 ξῐιιᾶιιίῑ.
2092 1842 2220 1890 Vide
2238 1843 2385 1907 vitam
2404 1842 2508 1902 ejus
2535 1857 2564 1888 a
2591 1842 2656 1890 C.
2683 1841 2790 1888 Ne-

1751 1932 1869 1985 pote
1895 1921 2143 1986 scriptam.
2173 1922 2355 1969 Gsav.

1830 2013 1911 2048 xo.
1941 2000 2046 2049 His.
2074 2000 2314 2047 Proximis
2335 2031 2350 2057 ,
2379 1998 2559 2062 quibus
2586 1998 2786 2062 populo

1751 2094 1928 2126 munus
1949 2078 2286 2143 gladiatorium
2306 2077 2470 2125 datum
2491 2088 2582 2124 est.
2613 2078 2765 2125 Mur.

1828 2174 1849 2205 1
1865 2174 1884 2205 ι
1895 2192 1908 2205 .
1925 2157 2218 2207 Liber-asses.
2231 2157 2378 2205 Tanti
2389 2157 2619 2217 locasses,
2632 2173 2788 2220 quan·

1752 2237 1793 2287 ti
1814 2253 2012 2285 emeras.
2043 2239 2202 2286 Ῑυιι.

2483 2436 2771 2457 mm

1327 2618 1910 2699 EPISTOLA
1962 2616 2060 2697 V.

631 2772 881 2831 Excusat
918 2772 1136 2833 iibrum
1168 2793 1202 2833 a
1245 2794 1307 2834 se
1349 2796 1542 2856 nuper
1590 2777 1873 2856 scriptum
1919 2776 2081 2856 prius
2124 2776 2196 2835 ad
2235 2777 2448 2849 alium,
2477 2797 2652 2856 quam
2697 2778 2768 2837 ad

712 2869 991 2944 Atticum,
1009 2872 1243 2931 missum
1272 2894 1426 2948 esse3
1453 2894 1770 2951 causasque
1798 2893 1965 2931 novae
1993 2893 2122 2933 cum
2155 2877 2378 2933 Canai-e
2406 2873 2774 2952 conjunctio-

711 2967 802 3026 nis
850 2969 1109 3046 exponit.
1154 2970 1434 3048 Adjungit
1478 2969 1742 3049 quedam
1796 2969 2130 3030 domestica.
2182 2971 2276 3049 (In
2316 2970 2570 3043 Antiati,
2610 2992 2765 3031 anno

710 3069 785 3125 U.
810 3068 876 3125 C.
898 3066 1035 3145 697,
1062 3087 1255 3127 mense
1282 3067 1497 3146 aprili.)

1304 3226 1617 3291 CICERO
1664 3229 1980 3293 ATTICO
2027 3229 2092 3293 S.

715 3354 876 3427 Am’
923 3356 1049 3426 tu?
1098 3381 1190 3426 an
1238 3380 1354 3429 me
1400 3355 1763 3428 existimas
1818 3355 1910 3428 ab
1959 3356 2110 3428 ullo
2156 3357 2369 3429 malle
2422 3381 2584 3429 mea
2624 3354 2768 3455 legi

620 3466 1100 3565 probarique,
1164 3491 1382 3563 quam
1441 3491 1480 3537 a
1535 3467 1663 3538 te?
1716 3471 1868 3538 Cur
1921 3469 2140 3564 igitur
2194 3470 2538 3564 cuiquam
2601 3468 2765 3539 misi

620 3578 868 3672 prius?
912 3578 1240 3676 Urgebar
1283 3577 1375 3650 ab
1415 3588 1570 3666 eo¹‚
1624 3577 1715 3648 ad
1754 3603 1975 3675 quem
2009 3578 2207 3667 misi,
2243 3592 2314 3649 et
2352 3603 2502 3648 non
2542 3576 2765 3649 habe-

617 3681 786 3753 bam
828 3686 1216 3786 exemplar.
1262 3687 1514 3780 Quid?
1569 3688 1782 3759 etiam
1830 3688 2153 3785 (dudum
2203 3691 2396 3760 enim
2445 3692 2763 3760 circum-

692 3908 736 3941 ι.
777 3896 996 3958 Urgebar
1026 3899 1090 3946 ab
1123 3915 1197 3948 eo.
1237 3899 1280 3946 A
1316 3898 1536 3959 (ἵκοιτο,
1571 3897 1635 3946 sd

613 3986 757 4033 quem
783 3983 841 4017 ut
865 3989 916 4019 se
948 3991 1060 4022 cum
1100 3993 1160 4025 eo
1199 3979 1541 4042 conjungeret,
1573 3977 1635 4024 li-

610 4048 752 4095 brum
786 4050 865 4097 vel
899 4052 1155 4114 epistolam
1194 4055 1413 4113 miseran
1445 4055 1499 4102 in
1533 4070 1635 4118 quo

608 4128 762 4194 ipsius
788 4141 896 4180 acta
922 4130 1149 4180 laudabat
1171 4166 1188 4193 ,
1215 4150 1324 4198 qua:
1348 4145 1487 4183 antee
1502 4134 1634 4183 uitu-

1723 3908 1993 3961 peraverat.
2005 3895 2536 3947 Porum—Emesam
2551 3896 2754 3958 conjicit

1722 3975 1799 4038 agi
1829 3974 1890 4022 de
1920 3974 2050 4023 libro
2078 3992 2225 4040 quem
2252 3976 2313 4025 de
2345 3975 2605 4026 consulatu
2633 3976 2757 4023 scri-

1722 4064 1905 4120 psent-
1948 4055 2078 4104 Male
2111 4071 2125 4105 τ
2170 4073 2283 4104 nam
2333 4056 2375 4104 is
2411 4058 2511 4118 jam
2546 4065 2758 4122 quatuor

1721 4134 1863 4183 annis
1882 4146 1996 4185 ante
2016 4136 2226 4201 scriptus
2247 4147 2365 4186 erat.
2395 4138 2487 4185 Eu.
