<?xml version="1.0" encoding="UTF-8"?>
<!DOCTYPE html PUBLIC "-//W3C//DTD XHTML 1.0 Transitional//EN"
    "http://www.w3.org/TR/xhtml1/DTD/xhtml1-transitional.dtd">
<html xmlns="http://www.w3.org/1999/xhtml" xml:lang="en" lang="en">
 <head>
  <title>
</title>
<meta http-equiv="Content-Type" content="text/html;charset=utf-8" />
  <meta name='ocr-system' content='tesseract 3.04.00' />
  <meta name='ocr-capabilities' content='ocr_page ocr_carea ocr_par ocr_line ocrx_word'/>
</head>
<body>
  <div class='ocr_page' id='page_1' title='image "./mtciceronisquae01bouigoog_0228.png"; bbox 0 0 3023 4773; ppageno 0'>
   <div class='ocr_carea' id='block_1_1' title="bbox 585 321 1759 392">
    <p class='ocr_par' dir='ltr' id='par_1_1' title="bbox 585 321 1759 392">
     <span class='ocr_line' id='line_1_1' title="bbox 585 321 1759 392; baseline 0.002 -3"><span class='ocrx_word' id='word_1_1' title='bbox 585 321 723 391; x_wconf 78' lang='lat'><strong>218</strong></span> <span class='ocrx_word' id='word_1_2' title='bbox 1530 324 1759 392; x_wconf 85' lang='lat' dir='ltr'><strong>VITA</strong></span> 
     </span>
    </p>
   </div>
   <div class='ocr_carea' id='block_1_2' title="bbox 534 442 2704 3632">
    <p class='ocr_par' dir='ltr' id='par_1_2' title="bbox 560 442 2704 3298">
     <span class='ocr_line' id='line_1_2' title="bbox 674 442 2703 548; baseline 0.001 -31"><span class='ocrx_word' id='word_1_3' title='bbox 674 447 868 517; x_wconf 90' lang='lat' dir='ltr'><strong>VIII.</strong></span> <span class='ocrx_word' id='word_1_4' title='bbox 886 449 1291 540; x_wconf 87' lang='lat' dir='ltr'><strong>Sequutum</strong></span> <span class='ocrx_word' id='word_1_5' title='bbox 1317 458 1425 514; x_wconf 88' lang='lat' dir='ltr'><strong>est</strong></span> <span class='ocrx_word' id='word_1_6' title='bbox 1440 442 1644 514; x_wconf 90' lang='lat' dir='ltr'><strong>illud.</strong></span> <span class='ocrx_word' id='word_1_7' title='bbox 1667 448 1925 516; x_wconf 90' lang='lat' dir='ltr'><strong>Occiso</strong></span> <span class='ocrx_word' id='word_1_8' title='bbox 1945 450 2245 535; x_wconf 69' lang='lat' dir='ltr'><strong>Caesare,</strong></span> <span class='ocrx_word' id='word_1_9' title='bbox 2259 470 2485 543; x_wconf 89' lang='lat' dir='ltr'><strong>quum</strong></span> <span class='ocrx_word' id='word_1_10' title='bbox 2508 471 2703 548; x_wconf 85' lang='lat' dir='ltr'>resp.</span> 
     </span>
     <span class='ocr_line' id='line_1_3' title="bbox 575 553 2704 652; baseline 0.002 -27"><span class='ocrx_word' id='word_1_11' title='bbox 575 579 799 652; x_wconf 91' lang='lat' dir='ltr'><strong>penes</strong></span> <span class='ocrx_word' id='word_1_12' title='bbox 811 561 1072 626; x_wconf 88' lang='lat' dir='ltr'><strong>Brutos</strong></span> <span class='ocrx_word' id='word_1_13' title='bbox 1091 553 1459 625; x_wconf 88' lang='lat' dir='ltr'><strong>videretur</strong></span> <span class='ocrx_word' id='word_1_14' title='bbox 1484 578 1662 642; x_wconf 88' lang='lat' dir='ltr'><strong>esse,</strong></span> <span class='ocrx_word' id='word_1_15' title='bbox 1686 568 1757 625; x_wconf 93' lang='lat' dir='ltr'><strong>et</strong></span> <span class='ocrx_word' id='word_1_16' title='bbox 1780 558 2100 627; x_wconf 86' lang='lat' dir='ltr'><strong>Cassium</strong></span> <span class='ocrx_word' id='word_1_17' title='bbox 2117 610 2138 643; x_wconf 93' lang='lat'>‚</span> <span class='ocrx_word' id='word_1_18' title='bbox 2159 580 2242 628; x_wconf 92' lang='lat' dir='ltr'><strong>ac</strong></span> <span class='ocrx_word' id='word_1_19' title='bbox 2269 572 2419 628; x_wconf 91' lang='lat' dir='ltr'><strong>tota</strong></span> <span class='ocrx_word' id='word_1_20' title='bbox 2450 561 2704 630; x_wconf 88' lang='lat' dir='ltr'><strong>civitas</strong></span> 
     </span>
     <span class='ocr_line' id='line_1_4' title="bbox 572 662 2702 751; baseline 0.001 -14"><span class='ocrx_word' id='word_1_21' title='bbox 572 690 651 738; x_wconf 88' lang='lat' dir='ltr'><strong>se</strong></span> <span class='ocrx_word' id='word_1_22' title='bbox 703 664 794 736; x_wconf 90' lang='lat' dir='ltr'><strong>ad</strong></span> <span class='ocrx_word' id='word_1_23' title='bbox 853 689 977 736; x_wconf 88' lang='lat' dir='ltr'><strong>eos</strong></span> <span class='ocrx_word' id='word_1_24' title='bbox 1029 665 1463 736; x_wconf 85' lang='lat' dir='ltr'><strong>convertisse</strong></span> <span class='ocrx_word' id='word_1_25' title='bbox 1513 662 1921 751; x_wconf 88' lang='lat' dir='ltr'><strong>videretur;</strong></span> <span class='ocrx_word' id='word_1_26' title='bbox 1971 669 2074 737; x_wconf 90' lang='lat' dir='ltr'><strong>sic</strong></span> <span class='ocrx_word' id='word_1_27' title='bbox 2114 670 2213 737; x_wconf 89' lang='lat' dir='ltr'><strong>M.</strong></span> <span class='ocrx_word' id='word_1_28' title='bbox 2253 671 2474 737; x_wconf 89' lang='lat' dir='ltr'><strong>Bruto</strong></span> <span class='ocrx_word' id='word_1_29' title='bbox 2523 692 2702 740; x_wconf 89' lang='lat' dir='ltr'><strong>usus</strong></span> 
     </span>
     <span class='ocr_line' id='line_1_5' title="bbox 571 773 2696 874; baseline 0.001 -27"><span class='ocrx_word' id='word_1_30' title='bbox 571 791 714 863; x_wconf 86' lang='lat' dir='ltr'><strong>est,</strong></span> <span class='ocrx_word' id='word_1_31' title='bbox 748 789 831 846; x_wconf 94' lang='lat' dir='ltr'><strong>ut</strong></span> <span class='ocrx_word' id='word_1_32' title='bbox 861 775 1066 845; x_wconf 90' lang='lat' dir='ltr'><strong>nullo</strong></span> <span class='ocrx_word' id='word_1_33' title='bbox 1099 774 1220 846; x_wconf 90' lang='lat' dir='ltr'><strong>ille</strong></span> <span class='ocrx_word' id='word_1_34' title='bbox 1255 773 1673 846; x_wconf 77' lang='lat' dir='ltr'>adolescens</span> <span class='ocrx_word' id='word_1_35' title='bbox 1706 775 1961 873; x_wconf 83' lang='lat' dir='ltr'><strong>aequali</strong></span> <span class='ocrx_word' id='word_1_36' title='bbox 1995 774 2446 863; x_wconf 84' lang='lat' dir='ltr'><strong>familiarius,</strong></span> <span class='ocrx_word' id='word_1_37' title='bbox 2474 803 2696 874; x_wconf 90' lang='lat' dir='ltr'><strong>quam</strong></span> 
     </span>
     <span class='ocr_line' id='line_1_6' title="bbox 571 883 2699 982; baseline 0.002 -28"><span class='ocrx_word' id='word_1_38' title='bbox 571 885 711 956; x_wconf 91' lang='lat' dir='ltr'><strong>hoc</strong></span> <span class='ocrx_word' id='word_1_39' title='bbox 725 908 922 955; x_wconf 90' lang='lat' dir='ltr'><strong>sene:</strong></span> <span class='ocrx_word' id='word_1_40' title='bbox 950 909 1188 981; x_wconf 90' lang='lat' dir='ltr'><strong>neque</strong></span> <span class='ocrx_word' id='word_1_41' title='bbox 1208 883 1438 954; x_wconf 88' lang='lat' dir='ltr'><strong>solum</strong></span> <span class='ocrx_word' id='word_1_42' title='bbox 1456 908 1626 954; x_wconf 92' lang='lat' dir='ltr'><strong>eum</strong></span> <span class='ocrx_word' id='word_1_43' title='bbox 1646 888 2047 982; x_wconf 87' lang='lat' dir='ltr'>principem</span> <span class='ocrx_word' id='word_1_44' title='bbox 2070 886 2349 957; x_wconf 89' lang='lat' dir='ltr'><strong>consilii</strong></span> <span class='ocrx_word' id='word_1_45' title='bbox 2376 887 2699 975; x_wconf 86' lang='lat' dir='ltr'><strong>haberet,</strong></span> 
     </span>
     <span class='ocr_line' id='line_1_7' title="bbox 570 994 2698 1093; baseline 0.003 -30"><span class='ocrx_word' id='word_1_46' title='bbox 570 994 697 1066; x_wconf 90' lang='lat' dir='ltr'><strong>sed</strong></span> <span class='ocrx_word' id='word_1_47' title='bbox 743 998 957 1065; x_wconf 89' lang='lat' dir='ltr'><strong>etiam</strong></span> <span class='ocrx_word' id='word_1_48' title='bbox 1004 996 1082 1064; x_wconf 92' lang='lat' dir='ltr'><strong>in</strong></span> <span class='ocrx_word' id='word_1_49' title='bbox 1126 996 1560 1065; x_wconf 88' lang='lat' dir='ltr'><strong>convictum.</strong></span> <span class='ocrx_word' id='word_1_50' title='bbox 1619 998 2114 1092; x_wconf 82' lang='lat' dir='ltr'><strong>Excogitatum</strong></span> <span class='ocrx_word' id='word_1_51' title='bbox 2158 1012 2264 1068; x_wconf 85' lang='lat' dir='ltr'><strong>est</strong></span> <span class='ocrx_word' id='word_1_52' title='bbox 2314 1022 2354 1068; x_wconf 88' lang='lat' dir='ltr'><strong>a</strong></span> <span class='ocrx_word' id='word_1_53' title='bbox 2393 998 2698 1093; x_wconf 89' lang='lat' dir='ltr'><strong>quibus-</strong></span> 
     </span>
     <span class='ocr_line' id='line_1_8' title="bbox 568 1104 2697 1202; baseline 0.002 -28"><span class='ocrx_word' id='word_1_54' title='bbox 568 1104 766 1190; x_wconf 86' lang='lat' dir='ltr'><strong>dam,</strong></span> <span class='ocrx_word' id='word_1_55' title='bbox 802 1119 883 1174; x_wconf 89' lang='lat' dir='ltr'><strong>ut</strong></span> <span class='ocrx_word' id='word_1_56' title='bbox 915 1107 1274 1202; x_wconf 85' lang='lat' dir='ltr'><strong>privatum</strong></span> <span class='ocrx_word' id='word_1_57' title='bbox 1301 1108 1629 1174; x_wconf 81' lang='lat' dir='ltr'><strong>aerarium</strong></span> <span class='ocrx_word' id='word_1_58' title='bbox 1656 1109 1944 1176; x_wconf 71' lang='lat' dir='ltr'><strong>Caesaris</strong></span> <span class='ocrx_word' id='word_1_59' title='bbox 1987 1104 2568 1179; x_wconf 86' lang='lat' dir='ltr'><strong>interfectoribus</strong></span> <span class='ocrx_word' id='word_1_60' title='bbox 2601 1108 2697 1179; x_wconf 90' lang='lat' dir='ltr'><strong>ab</strong></span> 
     </span>
     <span class='ocr_line' id='line_1_9' title="bbox 569 1213 2699 1317; baseline 0.003 -32"><span class='ocrx_word' id='word_1_61' title='bbox 569 1213 940 1311; x_wconf 87' lang='lat' dir='ltr'><strong>equitibus</strong></span> <span class='ocrx_word' id='word_1_62' title='bbox 967 1218 1283 1284; x_wconf 88' lang='lat' dir='ltr'><strong>romanis</strong></span> <span class='ocrx_word' id='word_1_63' title='bbox 1315 1219 1898 1287; x_wconf 86' lang='lat' dir='ltr'><strong>constitueretur.</strong></span> <span class='ocrx_word' id='word_1_64' title='bbox 1939 1217 2019 1288; x_wconf 95' lang='lat' dir='ltr'><strong>Id</strong></span> <span class='ocrx_word' id='word_1_65' title='bbox 2041 1216 2246 1289; x_wconf 79' lang='lat' dir='ltr'><strong>facile</strong></span> <span class='ocrx_word' id='word_1_66' title='bbox 2269 1218 2457 1290; x_wconf 89' lang='lat' dir='ltr'><strong>effici</strong></span> <span class='ocrx_word' id='word_1_67' title='bbox 2488 1244 2699 1317; x_wconf 87' lang='lat' dir='ltr'><strong>posse</strong></span> 
     </span>
     <span class='ocr_line' id='line_1_10' title="bbox 572 1324 2701 1427; baseline 0.003 -32"><span class='ocrx_word' id='word_1_68' title='bbox 572 1324 895 1395; x_wconf 85' lang='lat' dir='ltr'><strong>arbitrati</strong></span> <span class='ocrx_word' id='word_1_69' title='bbox 937 1340 1148 1411; x_wconf 89' lang='lat' dir='ltr'><strong>sunt,</strong></span> <span class='ocrx_word' id='word_1_70' title='bbox 1188 1329 1244 1395; x_wconf 90' lang='lat' dir='ltr'><strong>si</strong></span> <span class='ocrx_word' id='word_1_71' title='bbox 1288 1340 1360 1395; x_wconf 89' lang='lat' dir='ltr'><strong>et</strong></span> <span class='ocrx_word' id='word_1_72' title='bbox 1403 1328 1768 1424; x_wconf 85' lang='lat' dir='ltr'><strong>principes</strong></span> <span class='ocrx_word' id='word_1_73' title='bbox 1808 1326 1998 1398; x_wconf 88' lang='lat' dir='ltr'><strong>illius</strong></span> <span class='ocrx_word' id='word_1_74' title='bbox 2041 1327 2315 1400; x_wconf 88' lang='lat' dir='ltr'><strong>ordinis</strong></span> <span class='ocrx_word' id='word_1_75' title='bbox 2355 1334 2701 1427; x_wconf 84' lang='lat' dir='ltr'><strong>pecunias</strong></span> 
     </span>
     <span class='ocr_line' id='line_1_11' title="bbox 570 1435 2694 1534; baseline 0.002 -29"><span class='ocrx_word' id='word_1_76' title='bbox 570 1435 1066 1507; x_wconf 89' lang='lat' dir='ltr'><strong>contulissent.</strong></span> <span class='ocrx_word' id='word_1_77' title='bbox 1106 1441 1359 1533; x_wconf 91' lang='lat' dir='ltr'><strong>Itaque</strong></span> <span class='ocrx_word' id='word_1_78' title='bbox 1382 1437 1783 1534; x_wconf 88' lang='lat' dir='ltr'><strong>appellatus</strong></span> <span class='ocrx_word' id='word_1_79' title='bbox 1813 1452 1924 1509; x_wconf 90' lang='lat' dir='ltr'><strong>est</strong></span> <span class='ocrx_word' id='word_1_80' title='bbox 1947 1464 1987 1509; x_wconf 89' lang='lat' dir='ltr'><strong>a</strong></span> <span class='ocrx_word' id='word_1_81' title='bbox 2014 1442 2189 1510; x_wconf 90' lang='lat' dir='ltr'><strong>Caio</strong></span> <span class='ocrx_word' id='word_1_82' title='bbox 2207 1439 2471 1526; x_wconf 87' lang='lat' dir='ltr'><strong>Flavio,</strong></span> <span class='ocrx_word' id='word_1_83' title='bbox 2497 1443 2694 1510; x_wconf 82' lang='lat' dir='ltr'><strong>Bruti</strong></span> 
     </span>
     <span class='ocr_line' id='line_1_12' title="bbox 567 1544 2697 1646; baseline 0.002 -31"><span class='ocrx_word' id='word_1_84' title='bbox 567 1544 921 1630; x_wconf 86' lang='lat' dir='ltr'><strong>familiari,</strong></span> <span class='ocrx_word' id='word_1_85' title='bbox 948 1550 1247 1632; x_wconf 87' lang='lat' dir='ltr'><strong>Atticus,</strong></span> <span class='ocrx_word' id='word_1_86' title='bbox 1281 1561 1357 1616; x_wconf 90' lang='lat' dir='ltr'><strong>ut</strong></span> <span class='ocrx_word' id='word_1_87' title='bbox 1383 1547 1539 1640; x_wconf 83' lang='lat' dir='ltr'><strong>ejus</strong></span> <span class='ocrx_word' id='word_1_88' title='bbox 1566 1551 1668 1618; x_wconf 89' lang='lat' dir='ltr'><strong>rei</strong></span> <span class='ocrx_word' id='word_1_89' title='bbox 1696 1548 2033 1646; x_wconf 86' lang='lat' dir='ltr'><strong>princeps</strong></span> <span class='ocrx_word' id='word_1_90' title='bbox 2050 1573 2203 1620; x_wconf 90' lang='lat' dir='ltr'><strong>esse</strong></span> <span class='ocrx_word' id='word_1_91' title='bbox 2219 1548 2583 1621; x_wconf 85' lang='lat' dir='ltr'><strong>voluisset.</strong></span> <span class='ocrx_word' id='word_1_92' title='bbox 2606 1554 2697 1620; x_wconf 83' lang='lat' dir='ltr'><strong>At</strong></span> 
     </span>
     <span class='ocr_line' id='line_1_13' title="bbox 570 1654 2700 1754; baseline 0.004 -31"><span class='ocrx_word' id='word_1_93' title='bbox 570 1654 731 1739; x_wconf 89' lang='lat' dir='ltr'><strong>ille,</strong></span> <span class='ocrx_word' id='word_1_94' title='bbox 773 1661 902 1753; x_wconf 90' lang='lat' dir='ltr'><strong>qui</strong></span> <span class='ocrx_word' id='word_1_95' title='bbox 939 1654 1177 1728; x_wconf 87' lang='lat' dir='ltr'><strong>officia</strong></span> <span class='ocrx_word' id='word_1_96' title='bbox 1211 1659 1456 1728; x_wconf 87' lang='lat' dir='ltr'><strong>amicis</strong></span> <span class='ocrx_word' id='word_1_97' title='bbox 1494 1658 1896 1754; x_wconf 66' lang='lat' dir='ltr'><strong>praestanda</strong></span> <span class='ocrx_word' id='word_1_98' title='bbox 1927 1662 2081 1731; x_wconf 86' lang='lat' dir='ltr'><strong>sine</strong></span> <span class='ocrx_word' id='word_1_99' title='bbox 2114 1659 2420 1731; x_wconf 76' lang='lat' dir='ltr'><strong>factione</strong></span> <span class='ocrx_word' id='word_1_100' title='bbox 2457 1664 2700 1731; x_wconf 84' lang='lat' dir='ltr'><strong>existi-</strong></span> 
     </span>
     <span class='ocr_line' id='line_1_14' title="bbox 567 1766 2699 1866; baseline 0.002 -30"><span class='ocrx_word' id='word_1_101' title='bbox 567 1781 835 1850; x_wconf 86' lang='lat' dir='ltr'><strong>maret,</strong></span> <span class='ocrx_word' id='word_1_102' title='bbox 882 1792 1314 1866; x_wconf 81' lang='lat' dir='ltr'><strong>semperque</strong></span> <span class='ocrx_word' id='word_1_103' title='bbox 1355 1792 1396 1838; x_wconf 91' lang='lat' dir='ltr'><strong>a</strong></span> <span class='ocrx_word' id='word_1_104' title='bbox 1434 1766 1699 1838; x_wconf 87' lang='lat' dir='ltr'><strong>talibus</strong></span> <span class='ocrx_word' id='word_1_105' title='bbox 1745 1792 1820 1839; x_wconf 87' lang='lat' dir='ltr'><strong>se</strong></span> <span class='ocrx_word' id='word_1_106' title='bbox 1871 1768 2188 1843; x_wconf 80' lang='lat' dir='ltr'><strong>consiliis</strong></span> <span class='ocrx_word' id='word_1_107' title='bbox 2231 1771 2699 1857; x_wconf 78' lang='lat' dir='ltr'><strong>removisset3</strong></span> 
     </span>
     <span class='ocr_line' id='line_1_15' title="bbox 565 1876 2696 1975; baseline 0 -28"><span class='ocrx_word' id='word_1_108' title='bbox 565 1876 980 1974; x_wconf 85' lang='lat' dir='ltr'><strong>respondit,</strong></span> <span class='ocrx_word' id='word_1_109' title='bbox 1022 1881 1079 1949; x_wconf 92' lang='lat' dir='ltr'><strong>si</strong></span> <span class='ocrx_word' id='word_1_110' title='bbox 1118 1878 1295 1975; x_wconf 92' lang='lat' dir='ltr'><strong>quid</strong></span> <span class='ocrx_word' id='word_1_111' title='bbox 1323 1884 1586 1949; x_wconf 85' lang='lat' dir='ltr'><strong>Brutus</strong></span> <span class='ocrx_word' id='word_1_112' title='bbox 1614 1877 1704 1950; x_wconf 89' lang='lat' dir='ltr'><strong>de</strong></span> <span class='ocrx_word' id='word_1_113' title='bbox 1743 1883 1888 1949; x_wconf 86' lang='lat' dir='ltr'><strong>suis</strong></span> <span class='ocrx_word' id='word_1_114' title='bbox 1925 1876 2383 1950; x_wconf 86' lang='lat' dir='ltr'><strong>facultatibus</strong></span> <span class='ocrx_word' id='word_1_115' title='bbox 2427 1884 2528 1949; x_wconf 86' lang='lat' dir='ltr'><strong>uti</strong></span> <span class='ocrx_word' id='word_1_116' title='bbox 2564 1904 2696 1949; x_wconf 87' lang='lat' dir='ltr'><strong>vo-</strong></span> 
     </span>
     <span class='ocr_line' id='line_1_16' title="bbox 565 1988 2700 2087; baseline 0.002 -31"><span class='ocrx_word' id='word_1_117' title='bbox 565 1988 853 2075; x_wconf 85' lang='lat' dir='ltr'><strong>luisset,</strong></span> <span class='ocrx_word' id='word_1_118' title='bbox 902 2013 1239 2077; x_wconf 90' lang='lat' dir='ltr'><strong>usurum,</strong></span> <span class='ocrx_word' id='word_1_119' title='bbox 1282 2003 1640 2086; x_wconf 87' lang='lat' dir='ltr'><strong>quantum</strong></span> <span class='ocrx_word' id='word_1_120' title='bbox 1687 2012 1785 2059; x_wconf 83' lang='lat' dir='ltr'><strong>eae</strong></span> <span class='ocrx_word' id='word_1_121' title='bbox 1831 2003 2287 2087; x_wconf 86' lang='lat' dir='ltr'><strong>paterentur;</strong></span> <span class='ocrx_word' id='word_1_122' title='bbox 2331 2015 2406 2061; x_wconf 86' lang='lat' dir='ltr'><strong>se</strong></span> <span class='ocrx_word' id='word_1_123' title='bbox 2457 2014 2700 2087; x_wconf 88' lang='lat' dir='ltr'><strong>neque</strong></span> 
     </span>
     <span class='ocr_line' id='line_1_17' title="bbox 567 2098 2700 2197; baseline 0 -30"><span class='ocrx_word' id='word_1_124' title='bbox 567 2123 734 2167; x_wconf 88' lang='lat' dir='ltr'><strong>cum</strong></span> <span class='ocrx_word' id='word_1_125' title='bbox 773 2125 1145 2196; x_wconf 89' lang='lat' dir='ltr'><strong>quoquam</strong></span> <span class='ocrx_word' id='word_1_126' title='bbox 1185 2099 1276 2171; x_wconf 92' lang='lat' dir='ltr'><strong>de</strong></span> <span class='ocrx_word' id='word_1_127' title='bbox 1309 2124 1389 2170; x_wconf 89' lang='lat' dir='ltr'><strong>ea</strong></span> <span class='ocrx_word' id='word_1_128' title='bbox 1427 2125 1505 2170; x_wconf 90' lang='lat' dir='ltr'><strong>re</strong></span> <span class='ocrx_word' id='word_1_129' title='bbox 1544 2098 2163 2196; x_wconf 87' lang='lat' dir='ltr'><strong>colloquuturum,</strong></span> <span class='ocrx_word' id='word_1_130' title='bbox 2193 2124 2429 2197; x_wconf 89' lang='lat' dir='ltr'><strong>neque</strong></span> <span class='ocrx_word' id='word_1_131' title='bbox 2462 2104 2700 2170; x_wconf 85' lang='lat' dir='ltr'><strong>coitu-</strong></span> 
     </span>
     <span class='ocr_line' id='line_1_18' title="bbox 565 2208 2694 2307; baseline 0.001 -31"><span class='ocrx_word' id='word_1_132' title='bbox 565 2233 750 2278; x_wconf 88' lang='lat' dir='ltr'><strong>rum.</strong></span> <span class='ocrx_word' id='word_1_133' title='bbox 773 2213 885 2281; x_wconf 91' lang='lat' dir='ltr'><strong>Sic</strong></span> <span class='ocrx_word' id='word_1_134' title='bbox 922 2210 1041 2281; x_wconf 92' lang='lat' dir='ltr'><strong>ille</strong></span> <span class='ocrx_word' id='word_1_135' title='bbox 1078 2212 1574 2283; x_wconf 88' lang='lat' dir='ltr'><strong>consensionis</strong></span> <span class='ocrx_word' id='word_1_136' title='bbox 1616 2208 1880 2307; x_wconf 88' lang='lat' dir='ltr'><strong>globus</strong></span> <span class='ocrx_word' id='word_1_137' title='bbox 1921 2210 2140 2304; x_wconf 87' lang='lat' dir='ltr'><strong>hujus</strong></span> <span class='ocrx_word' id='word_1_138' title='bbox 2172 2214 2391 2281; x_wconf 88' lang='lat' dir='ltr'><strong>unius</strong></span> <span class='ocrx_word' id='word_1_139' title='bbox 2414 2209 2694 2280; x_wconf 89' lang='lat' dir='ltr'><strong>dissen-</strong></span> 
     </span>
     <span class='ocr_line' id='line_1_19' title="bbox 563 2317 2697 2419; baseline 0.001 -30"><span class='ocrx_word' id='word_1_140' title='bbox 563 2320 766 2389; x_wconf 88' lang='lat' dir='ltr'><strong>sione</strong></span> <span class='ocrx_word' id='word_1_141' title='bbox 803 2317 1144 2416; x_wconf 88' lang='lat' dir='ltr'><strong>disjectus</strong></span> <span class='ocrx_word' id='word_1_142' title='bbox 1194 2334 1323 2393; x_wconf 84' lang='lat' dir='ltr'><strong>est.</strong></span> <span class='ocrx_word' id='word_1_143' title='bbox 1371 2325 1626 2418; x_wconf 85' lang='lat' dir='ltr'><strong>Neque</strong></span> <span class='ocrx_word' id='word_1_144' title='bbox 1676 2320 1908 2392; x_wconf 91' lang='lat' dir='ltr'><strong>multo</strong></span> <span class='ocrx_word' id='word_1_145' title='bbox 1947 2335 2113 2419; x_wconf 88' lang='lat' dir='ltr'><strong>post</strong></span> <span class='ocrx_word' id='word_1_146' title='bbox 2163 2325 2495 2418; x_wconf 90' lang='lat' dir='ltr'><strong>superior</strong></span> <span class='ocrx_word' id='word_1_147' title='bbox 2539 2345 2697 2393; x_wconf 87' lang='lat' dir='ltr'><strong>esse</strong></span> 
     </span>
     <span class='ocr_line' id='line_1_20' title="bbox 565 2432 2692 2528; baseline 0.001 -30"><span class='ocrx_word' id='word_1_148' title='bbox 565 2432 788 2525; x_wconf 88' lang='lat' dir='ltr'><strong>coepit</strong></span> <span class='ocrx_word' id='word_1_149' title='bbox 828 2434 1230 2501; x_wconf 85' lang='lat' dir='ltr'><strong>Antonius:</strong></span> <span class='ocrx_word' id='word_1_150' title='bbox 1270 2434 1399 2515; x_wconf 89' lang='lat' dir='ltr'><strong>ita,</strong></span> <span class='ocrx_word' id='word_1_151' title='bbox 1438 2446 1520 2502; x_wconf 86' lang='lat' dir='ltr'><strong>ut</strong></span> <span class='ocrx_word' id='word_1_152' title='bbox 1558 2436 1821 2501; x_wconf 87' lang='lat' dir='ltr'><strong>Brutus</strong></span> <span class='ocrx_word' id='word_1_153' title='bbox 1857 2445 1929 2501; x_wconf 92' lang='lat' dir='ltr'><strong>et</strong></span> <span class='ocrx_word' id='word_1_154' title='bbox 1964 2434 2246 2503; x_wconf 82' lang='lat' dir='ltr'><strong>Cassius</strong></span> <span class='ocrx_word' id='word_1_155' title='bbox 2282 2432 2692 2528; x_wconf 80' lang='lat' dir='ltr'><strong>provincia-</strong></span> 
     </span>
     <span class='ocr_line' id='line_1_21' title="bbox 565 2538 2696 2634; baseline 0.002 -28"><span class='ocrx_word' id='word_1_156' title='bbox 565 2561 728 2607; x_wconf 86' lang='lat' dir='ltr'><strong>rum</strong></span> <span class='ocrx_word' id='word_1_157' title='bbox 753 2587 774 2620; x_wconf 80' lang='lat'><strong>,</strong></span> <span class='ocrx_word' id='word_1_158' title='bbox 823 2563 988 2634; x_wconf 85' lang='lat' dir='ltr'><strong>quae</strong></span> <span class='ocrx_word' id='word_1_159' title='bbox 1034 2543 1119 2609; x_wconf 87' lang='lat' dir='ltr'><strong>iis</strong></span> <span class='ocrx_word' id='word_1_160' title='bbox 1153 2543 1348 2611; x_wconf 88' lang='lat' dir='ltr'><strong>necis</strong></span> <span class='ocrx_word' id='word_1_161' title='bbox 1383 2565 1596 2611; x_wconf 90' lang='lat' dir='ltr'><strong>causa</strong></span> <span class='ocrx_word' id='word_1_162' title='bbox 1620 2551 1640 2581; x_wconf 88' lang='lat'><em>¹</em></span> <span class='ocrx_word' id='word_1_163' title='bbox 1694 2538 1874 2610; x_wconf 81' lang='lat' dir='ltr'><strong>datae</strong></span> <span class='ocrx_word' id='word_1_164' title='bbox 1911 2555 2118 2611; x_wconf 87' lang='lat' dir='ltr'><strong>erant</strong></span> <span class='ocrx_word' id='word_1_165' title='bbox 2145 2566 2187 2610; x_wconf 88' lang='lat' dir='ltr'><strong>a</strong></span> <span class='ocrx_word' id='word_1_166' title='bbox 2233 2539 2696 2626; x_wconf 90' lang='lat' dir='ltr'><strong>consulibus,</strong></span> 
     </span>
     <span class='ocr_line' id='line_1_22' title="bbox 566 2648 2696 2746; baseline 0.001 -28"><span class='ocrx_word' id='word_1_167' title='bbox 566 2648 961 2744; x_wconf 80' lang='lat' dir='ltr'><strong>desperatis</strong></span> <span class='ocrx_word' id='word_1_168' title='bbox 984 2648 1234 2736; x_wconf 80' lang='lat' dir='ltr'><strong>rebuS,</strong></span> <span class='ocrx_word' id='word_1_169' title='bbox 1263 2653 1335 2722; x_wconf 91' lang='lat' dir='ltr'><strong>in</strong></span> <span class='ocrx_word' id='word_1_170' title='bbox 1367 2649 1694 2722; x_wconf 86' lang='lat' dir='ltr'><strong>exsilium</strong></span> <span class='ocrx_word' id='word_1_171' title='bbox 1725 2649 2376 2746; x_wconf 86' lang='lat' dir='ltr'><strong>proficiscerentur.</strong></span> <span class='ocrx_word' id='word_1_172' title='bbox 2395 2652 2696 2736; x_wconf 81' lang='lat' dir='ltr'><strong>AtticuS,</strong></span> 
     </span>
     <span class='ocr_line' id='line_1_23' title="bbox 562 2757 2697 2856; baseline 0.001 -27"><span class='ocrx_word' id='word_1_173' title='bbox 562 2759 691 2855; x_wconf 91' lang='lat' dir='ltr'><strong>qui</strong></span> <span class='ocrx_word' id='word_1_174' title='bbox 720 2762 1105 2856; x_wconf 89' lang='lat' dir='ltr'><strong>pecuniam</strong></span> <span class='ocrx_word' id='word_1_175' title='bbox 1137 2759 1350 2830; x_wconf 87' lang='lat' dir='ltr'><strong>simul</strong></span> <span class='ocrx_word' id='word_1_176' title='bbox 1383 2784 1550 2830; x_wconf 89' lang='lat' dir='ltr'><strong>cum</strong></span> <span class='ocrx_word' id='word_1_177' title='bbox 1580 2764 1835 2830; x_wconf 88' lang='lat' dir='ltr'><strong>ceteris</strong></span> <span class='ocrx_word' id='word_1_178' title='bbox 1859 2757 2193 2831; x_wconf 88' lang='lat' dir='ltr'><strong>conferre</strong></span> <span class='ocrx_word' id='word_1_179' title='bbox 2215 2759 2542 2831; x_wconf 86' lang='lat' dir='ltr'><strong>noluerat</strong></span> <span class='ocrx_word' id='word_1_180' title='bbox 2563 2758 2697 2831; x_wconf 86' lang='lat' dir='ltr'><strong>flo-</strong></span> 
     </span>
     <span class='ocr_line' id='line_1_24' title="bbox 563 2868 2700 2968; baseline 0.002 -29"><span class='ocrx_word' id='word_1_181' title='bbox 563 2872 752 2940; x_wconf 88' lang='lat' dir='ltr'><strong>renti</strong></span> <span class='ocrx_word' id='word_1_182' title='bbox 797 2868 897 2939; x_wconf 90' lang='lat' dir='ltr'><strong>illi</strong></span> <span class='ocrx_word' id='word_1_183' title='bbox 940 2873 1127 2968; x_wconf 86' lang='lat' dir='ltr'><strong>parti</strong></span> <span class='ocrx_word' id='word_1_184' title='bbox 1151 2925 1170 2956; x_wconf 94' lang='lat'><strong>,</strong></span> <span class='ocrx_word' id='word_1_185' title='bbox 1210 2870 1495 2966; x_wconf 84' lang='lat' dir='ltr'><strong>abjecto</strong></span> <span class='ocrx_word' id='word_1_186' title='bbox 1536 2875 1800 2956; x_wconf 83' lang='lat' dir='ltr'><strong>BrutO,</strong></span> <span class='ocrx_word' id='word_1_187' title='bbox 1833 2870 2180 2967; x_wconf 88' lang='lat' dir='ltr'><strong>Italiaque</strong></span> <span class='ocrx_word' id='word_1_188' title='bbox 2221 2871 2504 2942; x_wconf 88' lang='lat' dir='ltr'><strong>cedenti</strong></span> <span class='ocrx_word' id='word_1_189' title='bbox 2544 2875 2700 2943; x_wconf 87' lang='lat' dir='ltr'><strong>H·S</strong></span> 
     </span>
     <span class='ocr_line' id='line_1_25' title="bbox 562 2967 2703 3079; baseline 0.001 -29"><span class='ocrx_word' id='word_1_190' title='bbox 562 2967 855 3051; x_wconf 80' lang='lat' dir='ltr'><strong>centum</strong></span> <span class='ocrx_word' id='word_1_191' title='bbox 898 2981 1119 3052; x_wconf 90' lang='lat' dir='ltr'><strong>millia</strong></span> <span class='ocrx_word' id='word_1_192' title='bbox 1157 2975 1458 3052; x_wconf 80' lang='lat' dir='ltr'><strong>muneri</strong></span> <span class='ocrx_word' id='word_1_193' title='bbox 1495 2984 1689 3051; x_wconf 87' lang='lat' dir='ltr'><strong>misit</strong></span> <span class='ocrx_word' id='word_1_194' title='bbox 1733 3009 1748 3050; x_wconf 90' lang='lat'>:</span> <span class='ocrx_word' id='word_1_195' title='bbox 1789 2981 2026 3052; x_wconf 89' lang='lat' dir='ltr'><strong>eidem</strong></span> <span class='ocrx_word' id='word_1_196' title='bbox 2068 2984 2144 3051; x_wconf 93' lang='lat' dir='ltr'><strong>in</strong></span> <span class='ocrx_word' id='word_1_197' title='bbox 2179 2986 2399 3079; x_wconf 89' lang='lat' dir='ltr'><strong>Epiro</strong></span> <span class='ocrx_word' id='word_1_198' title='bbox 2438 2979 2703 3054; x_wconf 87' lang='lat' dir='ltr'><strong>absens</strong></span> 
     </span>
     <span class='ocr_line' id='line_1_26' title="bbox 561 3090 2700 3188; baseline 0.002 -29"><span class='ocrx_word' id='word_1_199' title='bbox 561 3103 880 3162; x_wconf 90' lang='lat' dir='ltr'><strong>trecenta</strong></span> <span class='ocrx_word' id='word_1_200' title='bbox 902 3091 1119 3185; x_wconf 83' lang='lat' dir='ltr'><strong>jussit</strong></span> <span class='ocrx_word' id='word_1_201' title='bbox 1154 3090 1305 3162; x_wconf 90' lang='lat' dir='ltr'><strong>dari</strong></span> <span class='ocrx_word' id='word_1_202' title='bbox 1341 3120 1356 3160; x_wconf 75' lang='grc' dir='ltr'><strong><em>ε</em></strong></span> <span class='ocrx_word' id='word_1_203' title='bbox 1389 3115 1631 3187; x_wconf 87' lang='lat' dir='ltr'><strong>neque</strong></span> <span class='ocrx_word' id='word_1_204' title='bbox 1669 3116 1757 3162; x_wconf 92' lang='lat' dir='ltr'><strong>eo</strong></span> <span class='ocrx_word' id='word_1_205' title='bbox 1794 3093 2018 3187; x_wconf 79' lang='lat' dir='ltr'><strong>magis</strong></span> <span class='ocrx_word' id='word_1_206' title='bbox 2050 3095 2332 3188; x_wconf 90' lang='lat' dir='ltr'><strong>potenti</strong></span> <span class='ocrx_word' id='word_1_207' title='bbox 2362 3091 2700 3164; x_wconf 87' lang='lat' dir='ltr'><strong>adulatus</strong></span> 
     </span>
     <span class='ocr_line' id='line_1_27' title="bbox 560 3200 2147 3298; baseline 0.001 -29"><span class='ocrx_word' id='word_1_208' title='bbox 560 3215 665 3271; x_wconf 88' lang='lat' dir='ltr'><strong>est</strong></span> <span class='ocrx_word' id='word_1_209' title='bbox 702 3205 1057 3284; x_wconf 87' lang='lat' dir='ltr'><strong>Antonio,</strong></span> <span class='ocrx_word' id='word_1_210' title='bbox 1092 3226 1334 3298; x_wconf 86' lang='lat' dir='ltr'><strong>neque</strong></span> <span class='ocrx_word' id='word_1_211' title='bbox 1376 3200 1795 3298; x_wconf 87' lang='lat' dir='ltr'><strong>desperatos</strong></span> <span class='ocrx_word' id='word_1_212' title='bbox 1832 3202 2147 3298; x_wconf 88' lang='lat' dir='ltr'><strong>reliquit.</strong></span> 
     </span>
    </p>

    <p class='ocr_par' dir='ltr' id='par_1_3' title="bbox 534 3310 2696 3632">
     <span class='ocr_line' id='line_1_28' title="bbox 534 3310 2696 3410; baseline 0.002 -30"><span class='ocrx_word' id='word_1_213' title='bbox 534 3315 540 3322; x_wconf 82' lang='lat'><em>&#39;</em></span> <span class='ocrx_word' id='word_1_214' title='bbox 654 3315 776 3381; x_wconf 89' lang='lat' dir='ltr'><strong>IX.</strong></span> <span class='ocrx_word' id='word_1_215' title='bbox 834 3316 1239 3407; x_wconf 86' lang='lat' dir='ltr'><strong>Sequuturn</strong></span> <span class='ocrx_word' id='word_1_216' title='bbox 1284 3325 1393 3382; x_wconf 90' lang='lat' dir='ltr'><strong>est</strong></span> <span class='ocrx_word' id='word_1_217' title='bbox 1428 3310 1701 3382; x_wconf 90' lang='lat' dir='ltr'><strong>bellum</strong></span> <span class='ocrx_word' id='word_1_218' title='bbox 1742 3327 2023 3409; x_wconf 82' lang='lat' dir='ltr'><strong>gestum</strong></span> <span class='ocrx_word' id='word_1_219' title='bbox 2067 3314 2263 3410; x_wconf 90' lang='lat' dir='ltr'><strong>apud</strong></span> <span class='ocrx_word' id='word_1_220' title='bbox 2301 3318 2696 3386; x_wconf 89' lang='lat' dir='ltr'><strong>Mutinam.</strong></span> 
     </span>
     <span class='ocr_line' id='line_1_29' title="bbox 556 3422 2695 3522; baseline 0.003 -33"><span class='ocrx_word' id='word_1_221' title='bbox 556 3426 640 3490; x_wconf 91' lang='lat' dir='ltr'><strong>In</strong></span> <span class='ocrx_word' id='word_1_222' title='bbox 665 3447 816 3517; x_wconf 89' lang='lat' dir='ltr'><strong>quo</strong></span> <span class='ocrx_word' id='word_1_223' title='bbox 840 3427 898 3494; x_wconf 90' lang='lat' dir='ltr'><strong>si</strong></span> <span class='ocrx_word' id='word_1_224' title='bbox 919 3437 1202 3494; x_wconf 88' lang='lat' dir='ltr'><strong>tantum</strong></span> <span class='ocrx_word' id='word_1_225' title='bbox 1227 3439 1394 3494; x_wconf 90' lang='lat' dir='ltr'><strong>eum</strong></span> <span class='ocrx_word' id='word_1_226' title='bbox 1416 3422 1853 3522; x_wconf 90' lang='lat' dir='ltr'><strong>prudentem</strong></span> <span class='ocrx_word' id='word_1_227' title='bbox 1881 3422 2139 3508; x_wconf 87' lang='lat' dir='ltr'><strong>dicam,</strong></span> <span class='ocrx_word' id='word_1_228' title='bbox 2168 3427 2442 3511; x_wconf 89' lang='lat' dir='ltr'><strong>minus,</strong></span> <span class='ocrx_word' id='word_1_229' title='bbox 2471 3450 2695 3521; x_wconf 87' lang='lat' dir='ltr'><strong>quam</strong></span> 
     </span>
     <span class='ocr_line' id='line_1_30' title="bbox 556 3529 2691 3632; baseline 0.002 -32"><span class='ocrx_word' id='word_1_230' title='bbox 556 3529 884 3620; x_wconf 84' lang='lat' dir='ltr'><strong>debeam,</strong></span> <span class='ocrx_word' id='word_1_231' title='bbox 911 3533 1321 3631; x_wconf 83' lang='lat' dir='ltr'><strong>praedicem3</strong></span> <span class='ocrx_word' id='word_1_232' title='bbox 1353 3559 1585 3632; x_wconf 90' lang='lat' dir='ltr'><strong>quum</strong></span> <span class='ocrx_word' id='word_1_233' title='bbox 1614 3533 1732 3605; x_wconf 90' lang='lat' dir='ltr'><strong>ille</strong></span> <span class='ocrx_word' id='word_1_234' title='bbox 1764 3537 2006 3631; x_wconf 89' lang='lat' dir='ltr'><strong>potius</strong></span> <span class='ocrx_word' id='word_1_235' title='bbox 2033 3533 2322 3605; x_wconf 89' lang='lat' dir='ltr'><strong>divinus</strong></span> <span class='ocrx_word' id='word_1_236' title='bbox 2346 3534 2596 3620; x_wconf 82' lang='lat' dir='ltr'><strong>fuerit3</strong></span> <span class='ocrx_word' id='word_1_237' title='bbox 2627 3540 2691 3604; x_wconf 90' lang='lat' dir='ltr'><strong>si</strong></span> 
     </span>
    </p>
   </div>
   <div class='ocr_carea' id='block_1_3' title="bbox 552 3749 2708 4127">
    <p class='ocr_par' dir='ltr' id='par_1_4' title="bbox 552 3749 2708 4127">
     <span class='ocr_line' id='line_1_31' title="bbox 633 3749 2703 3815; baseline 0.002 -20"><span class='ocrx_word' id='word_1_238' title='bbox 633 3766 678 3796; x_wconf 83' lang='lat'><strong>1.</strong></span> <span class='ocrx_word' id='word_1_239' title='bbox 698 3749 841 3796; x_wconf 65' lang='lat' dir='ltr'><strong>Neci:</strong></span> <span class='ocrx_word' id='word_1_240' title='bbox 862 3766 1031 3801; x_wconf 77' lang='lat' dir='ltr'><strong>causa.</strong></span> <span class='ocrx_word' id='word_1_241' title='bbox 1060 3757 1170 3803; x_wconf 84' lang='lat' dir='ltr'><strong>Hoc</strong></span> <span class='ocrx_word' id='word_1_242' title='bbox 1195 3752 1455 3801; x_wconf 78' lang='lat' dir='ltr'><strong>obscurum</strong></span> <span class='ocrx_word' id='word_1_243' title='bbox 1478 3761 1569 3799; x_wconf 75' lang='lat' dir='ltr'><strong>est.</strong></span> <span class='ocrx_word' id='word_1_244' title='bbox 1662 3761 1739 3797; x_wconf 72' lang='lat' dir='ltr'><strong>tus</strong></span> <span class='ocrx_word' id='word_1_245' title='bbox 1765 3750 2115 3815; x_wconf 74' lang='lat' dir='ltr'><strong>approbarunt.</strong></span> <span class='ocrx_word' id='word_1_246' title='bbox 2143 3752 2327 3799; x_wconf 73' lang='lat' dir='ltr'><strong>Omnes</strong></span> <span class='ocrx_word' id='word_1_247' title='bbox 2364 3761 2523 3800; x_wconf 66' lang='lat' dir='ltr'><strong>nmen</strong></span> <span class='ocrx_word' id='word_1_248' title='bbox 2560 3751 2703 3800; x_wconf 78' lang='lat' dir='ltr'><strong>MSS</strong></span> 
     </span>
     <span class='ocr_line' id='line_1_32' title="bbox 556 3828 2699 3895; baseline 0 -18"><span class='ocrx_word' id='word_1_249' title='bbox 556 3829 760 3877; x_wconf 86' lang='lat' dir='ltr'><strong>Plurimi</strong></span> <span class='ocrx_word' id='word_1_250' title='bbox 787 3829 984 3879; x_wconf 81' lang='lat' dir='ltr'><strong>mallent</strong></span> <span class='ocrx_word' id='word_1_251' title='bbox 1014 3832 1178 3880; x_wconf 77' lang='lat' dir='ltr'><strong>«dicis</strong></span> <span class='ocrx_word' id='word_1_252' title='bbox 1202 3849 1378 3881; x_wconf 73' lang='lat' dir='ltr'><strong>causa»</strong></span> <span class='ocrx_word' id='word_1_253' title='bbox 1394 3867 1409 3889; x_wconf 88' lang='lat'><strong>,</strong></span> <span class='ocrx_word' id='word_1_254' title='bbox 1435 3830 1573 3895; x_wconf 88' lang='lat' dir='ltr'><strong>quod</strong></span> <span class='ocrx_word' id='word_1_255' title='bbox 1660 3828 1838 3876; x_wconf 75' lang='lat' dir='ltr'><strong>habeut</strong></span> <span class='ocrx_word' id='word_1_256' title='bbox 1866 3829 2032 3877; x_wconf 74' lang='lat' dir='ltr'><strong>«necis</strong></span> <span class='ocrx_word' id='word_1_257' title='bbox 2060 3845 2201 3877; x_wconf 77' lang='lat' dir='ltr'><strong>causa</strong></span> <span class='ocrx_word' id='word_1_258' title='bbox 2220 3851 2244 3869; x_wconf 70' lang='grc' dir='ltr'><strong>ι·</strong></span> <span class='ocrx_word' id='word_1_259' title='bbox 2262 3864 2276 3886; x_wconf 88' lang='grc'>,</span> <span class='ocrx_word' id='word_1_260' title='bbox 2310 3846 2466 3892; x_wconf 83' lang='lat' dir='ltr'><strong>neque</strong></span> <span class='ocrx_word' id='word_1_261' title='bbox 2508 3832 2699 3878; x_wconf 75' lang='lat' dir='ltr'><strong>mutari</strong></span> 
     </span>
     <span class='ocr_line' id='line_1_33' title="bbox 557 3908 2701 3974; baseline 0 -19"><span class='ocrx_word' id='word_1_262' title='bbox 557 3918 688 3974; x_wconf 60' lang='lat' dir='ltr'><strong>certe</strong></span> <span class='ocrx_word' id='word_1_263' title='bbox 732 3908 920 3956; x_wconf 71' lang='lat' dir='ltr'><strong>{acilius</strong></span> <span class='ocrx_word' id='word_1_264' title='bbox 962 3911 1211 3960; x_wconf 83' lang='lat' dir='ltr'><strong>intellectu</strong></span> <span class='ocrx_word' id='word_1_265' title='bbox 1249 3912 1478 3960; x_wconf 83' lang='lat' dir='ltr'><strong>videtur:</strong></span> <span class='ocrx_word' id='word_1_266' title='bbox 1524 3922 1573 3958; x_wconf 85' lang='lat' dir='ltr'><strong>et</strong></span> <span class='ocrx_word' id='word_1_267' title='bbox 1664 3908 1767 3957; x_wconf 86' lang='lat' dir='ltr'><strong>vult</strong></span> <span class='ocrx_word' id='word_1_268' title='bbox 1785 3910 1980 3964; x_wconf 76' lang='lat' dir='ltr'><strong>savaro,</strong></span> <span class='ocrx_word' id='word_1_269' title='bbox 1999 3911 2109 3972; x_wconf 82' lang='lat' dir='ltr'><strong>quia</strong></span> <span class='ocrx_word' id='word_1_270' title='bbox 2140 3909 2404 3972; x_wconf 70' lang='lat' dir='ltr'><strong>provinciae</strong></span> <span class='ocrx_word' id='word_1_271' title='bbox 2435 3908 2531 3954; x_wconf 73' lang='lat' dir='ltr'><strong>111ae</strong></span> <span class='ocrx_word' id='word_1_272' title='bbox 2559 3908 2701 3956; x_wconf 75' lang='lat' dir='ltr'><strong>datae</strong></span> 
     </span>
     <span class='ocr_line' id='line_1_34' title="bbox 552 3986 2708 4050; baseline -0 -15"><span class='ocrx_word' id='word_1_273' title='bbox 552 3988 678 4036; x_wconf 75' lang='lat' dir='ltr'><strong>hanc</strong></span> <span class='ocrx_word' id='word_1_274' title='bbox 702 3988 819 4035; x_wconf 86' lang='lat' dir='ltr'><strong>olim</strong></span> <span class='ocrx_word' id='word_1_275' title='bbox 841 3989 1222 4038; x_wconf 71' lang='lat' dir='ltr'><strong>emend-tionem</strong></span> <span class='ocrx_word' id='word_1_276' title='bbox 1237 3994 1570 4046; x_wconf 75' lang='lat' dir='ltr'><strong>Rnnconetus,</strong></span> <span class='ocrx_word' id='word_1_277' title='bbox 1661 3999 1798 4036; x_wconf 81' lang='lat' dir='ltr'><strong>erant</strong></span> <span class='ocrx_word' id='word_1_278' title='bbox 1815 4005 1840 4034; x_wconf 80' lang='lat' dir='ltr'><strong>a</strong></span> <span class='ocrx_word' id='word_1_279' title='bbox 1859 3988 2143 4035; x_wconf 76' lang='lat' dir='ltr'><strong>consulibus</strong></span> <span class='ocrx_word' id='word_1_280' title='bbox 2162 3999 2360 4050; x_wconf 77' lang='lat' dir='ltr'><strong>propter</strong></span> <span class='ocrx_word' id='word_1_281' title='bbox 2383 3986 2563 4034; x_wconf 62' lang='lat' dir='ltr'><strong>cadem</strong></span> <span class='ocrx_word' id='word_1_282' title='bbox 2587 3986 2708 4034; x_wconf 68' lang='lat' dir='ltr'><strong>ina-</strong></span> 
     </span>
     <span class='ocr_line' id='line_1_35' title="bbox 554 4067 2136 4127; baseline 0.002 -14"><span class='ocrx_word' id='word_1_283' title='bbox 554 4067 831 4126; x_wconf 76' lang='lat' dir='ltr'><strong>Turnebus,</strong></span> <span class='ocrx_word' id='word_1_284' title='bbox 852 4069 1103 4127; x_wconf 74' lang='lat' dir='ltr'><strong>anaciua,</strong></span> <span class='ocrx_word' id='word_1_285' title='bbox 1129 4071 1295 4119; x_wconf 70' lang='lat' dir='ltr'><strong>Lamb.</strong></span> <span class='ocrx_word' id='word_1_286' title='bbox 1322 4081 1366 4117; x_wconf 86' lang='lat' dir='ltr'><strong>et</strong></span> <span class='ocrx_word' id='word_1_287' title='bbox 1398 4071 1572 4118; x_wconf 85' lang='lat' dir='ltr'><strong>Schot-</strong></span> <span class='ocrx_word' id='word_1_288' title='bbox 1662 4079 1757 4114; x_wconf 78' lang='lat' dir='ltr'><strong>tam</strong></span> <span class='ocrx_word' id='word_1_289' title='bbox 1785 4067 1919 4114; x_wconf 80' lang='lat' dir='ltr'><strong>Julio</strong></span> <span class='ocrx_word' id='word_1_290' title='bbox 1942 4067 2136 4115; x_wconf 74' lang='lat' dir='ltr'><strong>Caesari.</strong></span> 
     </span>
    </p>
   </div>
  </div>
 </body>
</html>
