3023 4773
559 401 699 485 344
1206 406 1300 471 Μ.
1352 405 1428 470 Τ.
1483 404 2046 472 CICERONIS

554 525 886 593 emerit²9
930 522 1218 593 nesciat.
1265 529 1427 595 Haec
1479 540 1651 595 sunt
1691 526 1766 593 in
1816 522 2231 620 republica:
2275 524 2415 593 nisi
2466 526 2680 597 etiam

555 632 734 703 illud
790 632 881 703 ad
931 632 1452 731 rempublicam
1505 648 1715 731 putas
1783 636 2185 731 pertinere,
2234 636 2679 704 Herennium

553 742 977 838 quemdam,
1035 741 1409 833 tribunum
1468 741 1747 840 plebis,
1798 742 2140 812 tribulem
2203 756 2449 829 tuum,
2507 766 2681 813 sane

552 850 923 922 hominem
967 875 1278 948 nequam
1333 866 1555 949 atque
1605 865 1977 949 egentem,
2038 875 2227 949 saepe
2274 852 2421 946 jam
2467 850 2556 923 de
2600 857 2674 921 P.

553 960 808 1031 Clodio
828 958 893 1005 3⁰
934 960 1021 1031 ad
1071 961 1358 1057 plebem
1403 961 1850 1033 traducendo
1887 984 2099 1056 agere
2140 966 2460 1059 coepisse.
2493 963 2678 1033 Huic

551 1067 1045 1167 frequentet-³¹
1099 1071 1586 1143 interceditur.
1640 1077 1803 1142 Haec
1853 1084 2054 1156 sunt,
2117 1084 2200 1141 ut
2249 1075 2550 1167 opinor,
2597 1070 2675 1139 in

551 1180 942 1278 republica.

640 1294 796 1386 Ego
805 1303 1069 1376 autem,
1085 1305 1172 1361 ut
1188 1291 1410 1363 semel
1424 1268 1850 1362 nonarum³²
1868 1290 2150 1360 illarum
2165 1232 2679 1372 decembrium,

551 1403 872 1495 junctam
927 1400 1192 1472 invidia
1252 1427 1335 1473 ac
1398 1401 1797 1473 multorum
1859 1399 2279 1486 inimicitiis,
2350 1399 2678 1469 eximiam

499 1542 502 1551 ·
559 1509 949 1607 quamdam
1006 1527 1224 1609 atque
1291 1511 1773 1582 immortalem
1830 1509 2133 1605 gloriam
2191 1523 2680 1605 consequutus

559 1644 750 1706 sum,
765 1646 914 1692 non
937 1621 1174 1694 destiti
1195 1622 1446 1693 eadem
1463 1623 1683 1692 animi
1700 1619 2198 1717 magnitudine
2216 1621 2291 1689 in
2312 1618 2680 1716 republica

561 1733 861 1818 versari,
909 1747 981 1803 et
1031 1732 1222 1802 illam
1258 1732 1662 1803 institutam
1691 1754 1774 1800 ac
1813 1743 2220 1826 susceptam
2262 1728 2682 1826 dignitatem

559 1844 771 1911 tueri.
832 1840 995 1911 Sede
1034 1857 1504 1939 posteaquam
1562 1844 1878 1938 primum
1940 1839 2173 1911 Clodii
2231 1837 2684 1911 absolutione

559 1950 920 2021 levitatem
937 1950 1576 2048 infirmitatemque
1586 1949 2024 2045 judiciorum
2048 1950 2409 2047 perspexi3
2425 1946 2686 2020 deinde

558 2058 736 2145 vidi,
761 2074 1048 2132 nostros
1069 2060 1493 2158 publicanos
1511 2060 1717 2131 facile
1735 2085 1774 2130 a
1797 2074 2050 2130 senatu
2068 2058 2421 2155 disjungi,
2446 2081 2690 2156 quam·

558 2195 779 2266 quam
808 2196 848 2241 a
875 2174 1182 2270 meipso
1213 2198 1363 2243 non
1390 2171 1945 2258 divellerentur3
1982 2184 2139 2239 tum
2167 2174 2410 2240 autem
2438 2168 2686 2240 beatos

560 2281 892 2352 homines
932 2281 1112 2377 (hos
1160 2284 1582 2380 piscinarios
1599 2279 1662 2324 ³³
1715 2280 1917 2366 dien,
1975 2281 2245 2351 amicos
2298 2279 2504 2373 tuos)
2538 2303 2684 2349 non

564 2391 872 2482 obscure
919 2393 1132 2464 nobis
1177 2393 1545 2464 invidere:
1580 2395 1859 2491 putavi,
1909 2391 2088 2461 mihi
2129 2391 2438 2486 majores
2476 2414 2683 2500 quas-

565 2499 728 2574 dam
769 2491 948 2597 opes
988 2517 1060 2572 et
1089 2501 1408 2574 firmiora
1447 2499 1767 2625 praesidia
1809 2524 1961 2572 esse
1990 2499 2400 2598 quaerenda.
2437 2505 2689 2598 Itaque

568 2610 883 2705 primum
922 2635 1088 2700 eum
1106 2664 1126 2697 ,
1149 2613 1275 2708 qui
1305 2612 1608 2706 nimium
1640 2609 1767 2680 diu
1791 2609 1883 2681 de
1907 2610 2126 2682 rebus
2158 2613 2426 2681 nostris
2455 2623 2690 2680 tacue-

563 2733 710 2806 rat,
753 2722 1181 2818 Pompeium
1217 2721 1481 2804 adduxi
1520 2723 1597 2791 in
1630 2745 1787 2791 eam
1823 2722 2310 2807 voluntatem,
2351 2736 2435 2792 ut
2474 2723 2553 2791 in
2585 2746 2689 2792 se-

568 2842 740 2897 natu
791 2854 939 2920 non
985 2830 1237 2918 semel,
1292 2830 1416 2902 sed
1474 2854 1660 2927 saepe
1717 2831 2107 2927 multisque
2157 2829 2427 2916 verbis,
2477 2830 2693 2928 hujus

569 2937 746 3006 mihi
788 2939 1090 3009 salutem
1143 2942 1421 3037 imperii
1459 2955 1675 3036 atque
1712 2938 1909 3019 orbis
1934 2955 2299 3011 'terrarum
2331 2940 2693 3037 adjudica-

569 3050 683 3116 rit.
724 3049 943 3138 Quod
974 3075 1126 3120 non
1154 3066 1298 3121 tam
1331 3048 1659 3119 interfuit
1698 3074 1854 3120 mea
1881 3049 2160 3145 (neque
2187 3051 2378 3119 enim
2415 3049 2550 3120 illae
2582 3076 2700 3121 res

573 3174 699 3229 aut
729 3160 830 3229 ita
870 3175 1039 3230 sunt
1065 3159 1419 3245 obscurae,
1454 3174 1534 3229 ut
1570 3161 2057 3230 testimonium
2080 3212 2099 3247 ,
2135 3173 2261 3229 aut
2296 3163 2393 3229 ita
2426 3158 2696 3243 dubiae,

572 3285 651 3339 ut
689 3268 1172 3340 laudationem
1209 3267 1703 3364 desiderent),
1751 3294 1972 3366 quam
2009 3267 2416 3368 reipublicae
2441 3268 2693 3363 :quod

579 3394 785 3474 erant
827 3376 1117 3473 quidam
1168 3377 1513 3480 improbi,
1578 3381 1708 3476 qui
1763 3381 2302 3450 contentionem
2356 3375 2511 3447 fore
2567 3378 2695 3448 ali-

655 3641 737 3686 ²9·
767 3625 901 3686 Quid
925 3623 1106 3672 emerit.
1137 3626 1190 3670 1..
1221 3624 1448 3697 Ast-anius
1473 3640 1597 3671 eme-
1685 3624 1857 3683 bunis,
1897 3639 1998 3670 non
2043 3639 2201 3686 saepe,
2240 3639 2339 3687 quo
2378 3638 2524 3669 centn
2551 3623 2703 3687 vulgo

580 3715 655 3750 rat
681 3704 1016 3752 consulatum:
1038 3720 1180 3767 quem
1199 3715 1358 3752 tamen
1377 3705 1597 3767 ignorare
1688 3703 1892 3765 capitur.
1920 3703 2013 3748 En.

583 3798 716 3829 nunc
744 3782 952 3830 videtur.
983 3785 1079 3847 Ep.
1109 3786 1186 3832 13.
1204 3784 1596 3832 Mam—Putas.
1762 3783 1847 3829 32.
1873 3782 2131 3829 Nonas-mn
2152 3779 2347 3828 illarum
2365 3778 2702 3828 decembrium.

584 3859 707 3917 Alii,
744 3882 765 3902 ι
784 3873 926 3924 putes
949 3883 987 3907 ι.
1014 3866 1045 3911 J
1051 3865 1127 3911 Ν.
1144 3867 1196 3911 1..
1692 3863 1807 3922 Quo
1847 3861 1926 3908 die
1951 3860 2243 3924 supplicium
2273 3859 2481 3923 sumpsit
2506 3859 2567 3906 de
2595 3875 2686 3906 oon

660 3939 744 3985 3ο.
773 3941 846 3985 De
871 3943 928 3988 P.
963 3942 1133 3988 Clodio
1168 3941 1241 3988 ad
1265 3939 1475 4005 plebem,
1504 3951 1597 3988 etc.
1686 3939 1876 3999 juratis.
1899 3941 2044 3987 Mur.

585 4016 712 4064 Vide
736 4032 906 4080 snpra,
925 4033 1001 4080 ep.
1030 4020 1106 4066 16.
1757 4020 1845 4066 33.
1887 4017 2192 4066 Piscinare'os.
2231 4017 2574 4075 Hortensium,
2613 4018 2703 4062 Lu-

658 4100 740 4146 31.
773 4100 1079 4160 frequenter.
1105 4100 1143 4146 1.
1189 4115 1230 4146 e.
1263 4117 1288 4144 a
1326 4099 1488 4146 multis
1514 4099 1598 4145 tri·
1687 4098 2019 4146 cullnm.Vide
2042 4115 2149 4161 sup.
2170 4098 2365 4163 90339.
2392 4098 2482 4143 En.
