3023 4773
587 410 726 509 378
1236 420 1329 486 Μ.
1383 421 1459 486 Τ.
1518 422 2060 490 clcssssoms

589 541 899 609 Armenii
942 540 1277 637 patricios
1313 541 1621 613 salutare
1661 567 1811 612 nou
1848 542 2128 613 solent?
2170 541 2364 632 Quid
2406 550 2716 640 quaeris?

587 672 915 719 acueram
973 674 1088 719 me
1140 650 1227 720 ad
1279 651 1769 748 exagitandam
1822 651 2006 722 hanc
2051 652 2206 745 ejus
2258 652 2711 751 legationem.

584 761 818 848 Quam
873 761 930 828 si
974 758 1092 829 ille
1140 763 1576 843 coutemnit,
1618 775 1719 846 et,
1775 762 1866 844 si,
1916 775 1999 831 ut
2036 760 2323 847 scribiS,
2374 761 2593 835 bilem
2638 765 2713 836 id

583 883 989 939 commovet
1030 884 1100 940 et
1139 868 1521 953 latoribus,
1574 884 1643 940 et
1679 869 2092 968 auspicibus
2134 869 2309 966 legis
2354 875 2709 957 curiatae2·‚

583 980 1070 1073 spectaculum
1103 982 1490 1078 egregium.
1519 981 1866 1065 Hercule,
1904 1005 2155 1050 verum
2186 995 2267 1051 nt
2298 982 2710 1079 loquamur,

582 1088 1238 1161 subcontumeliose
1288 1104 1632 1160 tractatur
1678 1105 1925 1161 noster
1967 1087 2269 1161 Publius
2309 1118 2323 1160 z
2362 1093 2711 1189 primum,

581 1202 709 1296 qui
744 1212 971 1295 q'uum
1004 1200 1076 1267 in
1104 1197 1323 1270 domo
1359 1203 1650 1271 Caesaris
1669 1201 2044 1297 quondam
2073 1227 2260 1272 unus
2279 1198 2436 1271 vir⁸
2464 1201 2711 1287 fuerit,

582 1335 775 1380 nunc
815 1336 904 1380 ne
935 1315 1009 1379 in
1038 1312 1285 1407 viginti
1321 1310 1615 1408 quidem
1657 1336 1811 1383 esse
1851 1317 2213 1409 potuerit;
2252 1312 2546 1398 deinde,
2579 1314 2712 1383 alia

578 1420 837 1517 legatio
872 1419 1058 1491 dicta
1091 1437 1278 1509 erat,
1318 1421 1452 1492 alia
1479 1422 1644 1493 data
1669 1437 1797 1493 est.
1840 1423 1967 1493 Illa
1994 1426 2274 1525 opima,
2303 1424 2393 1493 ad
2430 1427 2711 1520 exigen-

576 1531 701 1602 das
737 1533 1114 1629 pecunias,
1154 1537 1426 1617 Drus0,
1465 1546 1545 1601 ut
1572 1534 1869 1629 opinor,
1919 1532 2362 1618 Pisaurensi,
2408 1558 2501 1603 an
2531 1558 2707 1630 epu-

577 1641 764 1712 loni9
785 1643 1075 1715 Vatinio
1094 1657 1497 1713 reservatur
1518 1670 1533 1711 :
1552 1641 1703 1713 haec
1715 1642 1964 1738 jejuna
1983 1666 2065 1712 ac
2082 1641 2340 1713 bella¹⁰
2365 1642 2710 1738 relegatio

576 1750 790 1821 datur
821 1752 922 1839 ei,
968 1753 1177 1846 cujus
1211 1750 1619 1822 tribunatus
1657 1752 1742 1823 ad
1782 1756 2089 1824 istorum
2127 1767 2455 1849 tempora
2489 1778 2711 1823 reser-

574 1872 886 1931 νεῖαι-Η.
924 1860 1236 1931 Incende
1266 1860 1639 1932 hominem
1660 1918 1678 1949 ,
1706 1862 1963 1934 amabo
1995 1878 2064 1934 te
2085 1916 2102 1947 ‚
2133 1862 2335 1958 quod
2369 1876 2605 1958 potest
2632 1874 2711 1930 ¹².
2796 1858 2811 1871 ’

580 1972 741 2044 Una
777 1994 939 2066 spes
968 1983 1073 2041 est
1111 1970 1394 2056 salutis,
1441 1976 1745 2044 istorum
1789 1974 1979 2043 inter
2014 1974 2211 2071 ipsos
2232 1969 2289 2015 ¹³
2320 1973 2710 2054 dissensio;

585 2080 792 2174 cujus
845 2104 982 2178 ego
1037 2081 1365 2177 quaedam
1436 2084 1635 2153 initia
1692 2083 1885 2153 sensi
1935 2108 2023 2153 ex
2076 2084 2499 2152 Curionem.
2560 2089 2712 2152 Jam

577 2245 794 2308 gentium
810 2245 966 2293 abiret
986 2262 1001 2303 ς
1024 2248 1111 2309 qui
1147 2247 1369 2310 plebeius
1405 2247 1595 2295 videre·

577 2337 658 2373 tur
685 2341 788 2372 esse
807 2326 964 2373 sactus
981 2363 996 2386 ,
1028 2343 1132 2374 nou
1158 2339 1213 2383 ut
1238 2328 1372 2374 inani
1395 2327 1599 2391 legatio-

579 2421 697 2462 num
718 2421 916 2452 munere
937 2418 1130 2472 tempus
1157 2420 1489 2465 consumeret,
1514 2407 1601 2455 sed

577 2494 635 2539 nt
679 2483 848 2531 Romae
896 2486 1051 2549 plebis
1101 2486 1354 2550 negotium
1398 2497 1599 2550 gereret.

582 2565 796 2612 Maur.

654 2661 704 2702 7.
739 2643 878 2707 Legis
912 2644 1128 2691 curiatoe.
1161 2646 1283 2707 Quae
1318 2647 1368 2692 in
1406 2645 1604 2693 curiatis

581 2721 796 2769 comitiis
816 2721 912 2770 lata
930 2734 1033 2770 erat
1050 2722 1110 2770 de
1129 2723 1306 2772 Clodio
1329 2725 1390 2771 ad
1411 2724 1605 2790 plebem

577 2801 878 2850 traducendo
894 2836 909 2858 ‚
943 2801 1128 2850 emm
1170 2804 1371 2852 consule
1419 2804 1596 2856 latum.

576 2881 773 2947 auqaice
810 2883 1048 2946 Pompelo
1087 2899 1268 2948 augure
1289 2899 1304 2933 ε
1356 2885 1423 2932 ita
1472 2882 1604 2932 enim

576 2960 681 3009 fieri
709 2961 919 3009 debebat
939 2965 1201 3026 arrogatio.
1226 2964 1319 3012 En.

639 3043 699 3088 ’8.
733 3043 870 3098 Unus
885 3040 982 3088 vir.
1000 3043 1208 3090 Jocatur
1228 3042 1419 3095 Cicero,
1445 3038 1603 3086 fallaci

577 3120 785 3183 quadam
808 3136 837 3167 ι
856 3121 1028 3182 mim-i
1053 3122 1118 3169 nd
1134 3121 1293 3170 minus
1310 3118 1603 3168 collatione:

581 3201 696 3262 quia
722 3201 764 3248 si
792 3216 916 3250 uuus
943 3201 1020 3247 vir
1048 3200 1258 3247 Clodius
1276 3198 1367 3248 fuit
1389 3198 1440 3244 in
1457 3198 1603 3246 sacris

579 3281 729 3334 Bonae
743 3281 975 3336 Deae‚cur
999 3280 1049 3325 in
1071 3277 1360 3341 vigintiviris
1379 3292 1481 3324 esse
1501 3292 1602 3324 uon

577 3359 734 3422 possit
760 3357 886 3422 agris
913 3356 1222 3404 dividendis?
1247 3358 1475 3403 Maur.

579 3433 580 3438 ¹
648 3456 699 3501 9.
742 3441 822 3484 An
849 3436 1068 3501 epuloni.
1107 3439 1231 3499 Quae
1268 3423 1603 3499 modio-pro-

580 3515 720 3564 missa
749 3518 902 3564 fuerat
925 3516 1120 3580 legatio,
1143 3533 1246 3563 eam
1277 3514 1397 3562 dicit
1424 3513 1604 3573 Druso,

578 3609 663 3644 aut
683 3596 887 3644 Vatinio
927 3597 1174 3646 reservari.
1217 3597 1279 3643 Et
1317 3607 1389 3643 est
1426 3595 1605 3642 usitata

579 3674 810 3724 Ciceroni
835 3676 1051 3735 locutio,
1093 3675 1360 3739 ambigenti
1397 3671 1499 3722 hoc
1542 3690 1604 3721 au

580 3753 704 3802 illud
732 3754 822 3812 sit,
843 3765 899 3801 ut
922 3755 1050 3803 libro
1078 3757 1100 3802 1
1126 3770 1139 3803 :
1172 3779 1194 3796 «
1216 3755 1323 3803 Nos
1359 3753 1441 3801 hic
1465 3764 1517 3799 te
1541 3751 1605 3799 ad

581 3849 793 3881 mensem
826 3834 1099 3893 januarium
1145 3844 1503 3899 exspectamus,
1546 3846 1603 3879 ex

581 3912 796 3977 quodam
835 3929 1026 3961 rumore
1080 3931 1148 3960 an
1193 3932 1253 3962 ex
1305 3913 1459 3980 literis
1506 3910 1605 3958 tuis

580 3993 640 4040 ad
669 3992 792 4039 alios
821 3992 1012 4040 missis?
1032 4017 1055 4034 n
1085 3996 1299 4042 Mnmr.
1328 4020 1395 4032 —-
1416 3996 1604 4039 Drusus

581 4089 670 4120 cnr
695 4072 990 4119 Pisani-ensis
1017 4073 1227 4130 dicatur,
1256 4075 1492 4136 ignotum.
1527 4073 1604 4118 Pi-

581 4171 792 4213 saurum,
814 4156 1011 4212 pesam,
1031 4164 1100 4199 est
1129 4152 1241 4199 urbs
1264 4153 1491 4200 Umbriae.
1517 4154 1602 4199 En.

1766 2263 1841 2294 10.
1887 2246 2022 2295 Bella
2060 2245 2314 2309 relqaeie.
2345 2246 2462 2299 Nou
2484 2256 2557 2294 est
2589 2246 2685 2293 hoe
2701 2280 2715 2301 ‚

1687 2327 1916 2375 Clodium
1942 2325 2103 2392 legare
2123 2359 2138 2382 ,
2162 2326 2248 2374 sed
2272 2329 2434 2392 specie
2462 2326 2716 2391 legationis

1688 2406 1912 2471 relegare.
1953 2407 2011 2454 Et
2055 2418 2256 2469 argute,
2286 2423 2439 2469 quum
2467 2417 2576 2469 post
2611 2421 2713 2452 ver-

1692 2487 1808 2533 bum
1823 2485 2002 2550 jejuna
2025 2485 2626 2549 adscripturus'videuetur
2659 2486 2717 2532 k-

1686 2565 1843 2629 gufio,
1870 2575 1924 2612 ut
1956 2566 2253 2614 eontrarium
2280 2565 2528 2612 contrario
2548 2563 2717 2612 redde-

1694 2655 1785 2709 ret,
1798 2645 1912 2707 quia
1924 2643 2109 2693 dixerat
2119 2644 2300 2708 opima,
2325 2645 2491 2704 jocum
2501 2654 2718 2708 captans,

1695 2731 1893 2786 repente
1933 2723 2079 2771 vertit
2105 2724 2393 2771 sententiam
2408 2760 2423 2784 ‚
2465 2734 2514 2770 et
2548 2722 2719 2772 intulit

1697 2801 1825 2849 bella
1850 2804 2103 2866 miqqaeio.
2122 2804 2274 2851 Mu«.
2291 2831 2357 2841 --
2376 2801 2555 2852 Sobata
2572 2817 2719 2866 nepo-

1693 2882 1769 2930 uit
1777 2882 1958 2947 jejuna
1989 2883 2239 2931 tabellarii
2256 2881 2489 2947 relegatio
2506 2916 2522 2940 ,
2541 2899 2608 2929 se.
2643 2880 2715 2928 le·

1693 2961 1990 3025 gatio,qunm
2010 2961 2287 3009 tabellarius
2307 2962 2451 3008 etiam
2473 2961 2610 3009 obire
2629 2976 2720 3023 po-

1695 3049 1832 3098 terat,
1861 3056 2015 3102 quum
2034 3040 2272 3105 Tigranes
2299 3050 2485 3088 tautum
2503 3051 2627 3088 esset
2643 3053 2721 3086 sn·

1692 3118 1937 3170 lutnudus.
1968 3122 2061 3170 En.

1770 3214 1847 3246 ιο.
1871 3200 1956 3247 Ad
1968 3200 2166 3247 istorum
2194 3214 2414 3265 tempora
2433 3210 2713 3245 reservatur.

1693 3279 1793 3340 Qui
1820 3280 1949 3325 enim
1968 3278 2199 3328 Clodium
2223 3294 2355 3326 nunc
2375 3278 2436 3325 ad
2456 3277 2715 3340 Tigranem

1692 3357 1894 3405 mittunt
1907 3392 1923 3416 ‚
1951 3357 2063 3405 ideo
2080 3358 2271 3405 mittere
2295 3358 2540 3414 videntur,
2556 3367 2611 3402 ut
2629 3372 2718 3403 co-

1686 3437 1842 3484 mitiis
1860 3436 2129 3484 tribunitiis
2156 3435 2331 3485 noma-
2355 3449 2418 3484 ne
2435 3437 2525 3491 sit,
2554 3439 2720 3497 itaque

1692 3516 1929 3579 petitione
1948 3515 2227 3563 tribunatus
2242 3514 2546 3563 excludatur.
2558 3514 2620 3560 ld
2632 3527 2719 3560 eu-

1693 3604 1788 3642 tem
1808 3629 1823 3654 ‚
1846 3606 1901 3642 ut
1932 3594 2234 3643 tribunatum
2268 3595 2342 3642 im
2376 3601 2479 3641 nou
2500 3601 2599 3639 um
2621 3593 2718 3638 en·-

1691 3675 1849 3736 pinut‚
1876 3689 2022 3736 quam
2049 3674 2109 3721 nd
2144 3675 2365 3737 ipsorum
2394 3679 2613 3736 tempor·
2645 3686 2720 3717 re·

1692 3764 1899 3799 servent.
1925 3754 2079 3814 Quasi
2116 3752 2355 3800 arbitratu
2390 3768 2483 3800 suo
2517 3762 2719 3815 possent

1691 3831 1999 3894 magistratus
2025 3831 2157 3891 dare,
2186 3847 2339 3895 quum
2368 3832 2565 3879 vellent.
2580 3833 2717 3876 Mn.

1772 3927 1850 3958 m.
1890 3910 2036 3972 Quod
2076 3924 2254 3973 potest.
2296 3911 2469 3959 Rosius
2484 3944 2500 3970 ‚
2554 3908 2725 3972 quoad

1688 3991 1799 4054 μοι’
1818 4002 1906 4037 est.

1774 4073 1848 4117 ιζ’».
1872 4071 1995 4128 Alii,
2019 4071 2147 4118 istos.
2169 4073 2217 4118 J.
2246 4074 2304 4116 V.
2338 4073 2389 4117 1,.

1694 4147 1698 4151 Α
1780 4165 1791 4193 ι
1809 4160 1852 4204 Ι..
1892 4152 1967 4196 Ea·
1989 4151 2208 4199 Gur-ione.
2230 4149 2355 4196 Vide
2375 4148 2513 4211 epist.
2534 4162 2639 4208 seq.
