3023 4773
532 323 1046 393 EPISTOLAE
1096 326 1230 393 AD
1281 304 1788 414 ATTIcmi,
1826 333 1911 416 v,
1972 354 2078 398 11.
2243 330 2382 430 559

246 445 436 514 enim
467 440 850 514 dubitabat
867 448 1076 513 Xeno
1096 498 1116 532 ‚
1137 447 1318 541 quin
1339 445 1429 517 ab
1446 449 1893 546 Areopagitis
1909 450 2135 522 invito
2159 455 2385 525 Mem-

248 555 392 624 mio
454 553 821 650 impetrari
876 576 1025 623 non
1094 569 1358 649 posset.
1420 559 1802 629 Memmius
1864 574 2105 630 autem
2164 561 2382 632 aedifi-

246 664 457 736 candi
513 663 895 735 consilium
950 661 1353 759 abjecerat3
1408 664 1535 737 sed
1586 683 1737 738 erat
1788 671 2080 740 Patroni
2134 671 2377 744 iratus.

245 777 502 870 Itaque
544 773 792 871 scripsi
836 771 928 843 ad
973 797 1139 844 eum
1187 790 1519 847 accurate
1558 805 1574 847 ε
1620 779 1828 874 cujus
1863 780 2176 877 epistolae
2214 785 2380 854 misi

246 881 337 952 ad
374 897 448 954 te
485 882 921 979 excmplum.
963 887 1109 967 Tu,
1134 884 1383 975 velim,
1422 887 1675 959 Piliam
1717 890 1896 961 meis
1934 889 2172 971 verbis
2207 918 2382 964 con-

246 993 526 1064 solere:
560 993 892 1064 indicabo
934 995 1131 1063 enim
1182 993 1362 1079 tibi;
1403 1011 1487 1068 tu
1539 998 1643 1068 illi
1694 999 1869 1069 nihil
1911 1001 2194 1073 dixeris.
2246 1008 2383 1074 Ac-

249 1104 410 1201 cepi
454 1101 1019 1202 fasciculum7in
1064 1128 1216 1200 quo
1266 1121 1420 1176 erat
1471 1108 1774 1204 epistola
1818 1109 2048 1192 Piliae;
2084 1109 2387 1196 abstuli,

249 1212 532 1308 aperui,
590 1211 724 1308 legi
766 1238 781 1280 ε
822 1208 1027 1280 valde
1054 1213 1320 1309 scripta
1363 1227 1471 1285 est
1504 1217 1836 1309 συμπαθῶς
1860 1211 1942 1282 ¹⁶.
1998 1216 2384 1289 Brundisio

247 1345 408 1418 quae
448 1320 581 1390 tibi
615 1319 937 1418 epistolae
978 1319 1275 1392 redditae
1312 1337 1482 1393 sunt
1519 1327 1672 1395 sine
1709 1349 1904 1409 mea,
1944 1340 2102 1395 tum
2131 1325 2385 1398 videli-

250 1445 362 1502 cet
375 1428 602 1501 datas¹
615 1443 906 1527 ⁷‚quum
926 1455 1058 1528 ego
1079 1457 1195 1504 me
1213 1457 1363 1504 non
1384 1431 1575 1505 belle
1595 1433 1965 1507 haberem.
1988 1440 2167 1508 Nam
2190 1438 2380 1509 illam

247 1531 614 1634 νομανδρίαν
637 1532 697 1581 ¹⁸
719 1540 1257 1610 excusationem
1290 1566 1383 1612 ne
1414 1542 1793 1638 acceperis,
1821 1546 2009 1614 Cura
2037 1558 2118 1615 ut
2138 1548 2383 1616 omnia

251 1649 505 1731 sciam,
549 1645 674 1719 sed
711 1650 1053 1738 maxime,
1104 1662 1186 1718 ut
1220 1650 1469 1722 valeas.

328 1843 407 1890 ιδ.
427 1842 705 1907 Συμπαθῶς.
728 1844 855 1893 Cum
871 1841 1023 1891 animi
1040 1844 1276 1891 commoti
1363 1860 1392 1892 a
1406 1861 1505 1903 me,
1522 1861 1668 1909 quam
1679 1861 1706 1892 a
1719 1845 1909 1905 ceteris,
1927 1845 2080 1894 litera
2095 1845 2387 1908 redduntur-3

252 1920 635 1985 signfficatione.

330 2017 411 2063 17.
456 2002 537 2048 Sic
580 1997 715 2064 apud
765 1999 991 2048 Plautum
1038 2009 1087 2047 et
1132 1997 1276 2047 alios.

252 2079 387 2129 Male
433 2081 566 2142 conj.
628 2080 790 2136 dam,
856 2078 934 2127 vel
974 2077 1108 2127 daeae
1153 2089 1279 2127 sune.

253 2161 308 2209 J.
324 2163 393 2209 V.
412 2160 469 2208 L.

330 2241 410 2287 18.
439 2232 768 2304 Νομανθρὶαν.
799 2238 901 2285 Vix
930 2236 1048 2285 alibi
1073 2253 1278 2300 usquam

251 2317 306 2367 id
319 2319 535 2366 occurrit
549 2316 860 2374 vocabulum,
875 2316 969 2363 nisi
982 2316 1119 2381 quod
1129 2317 1182 2363 in
1195 2315 1280 2364 ali·

254 2416 350 2464 qna
369 2414 631 2462 graeoarum
658 2414 833 2446 vocum
861 2397 1153 2445 collectione
1171 2408 1275 2445 est:

252 2472 570 2545 Νομανδρία,
598 2488 787 2526 «coetus
820 2479 1036 2525 virorum
1069 2477 1278 2541 pastori·

254 2557 416 2616 tius»;
440 2557 578 2621 quasi
597 2557 660 2605 sit
680 2557 777 2605 hoc
801 2572 983 2607 nomeu
1010 2557 1276 2604 substanti-

253 2652 402 2697 vum3
431 2636 725 2699 quodvseeus
743 2652 846 2684 esse
873 2636 1173 2683 demonstrat
1190 2637 1279 2682 ista

252 2715 506 2763 Ciceronis
532 2717 708 2764 oratio.
732 2715 1043 2776 Adiectivum
1071 2725 1143 2762 est
1168 2730 1275 2764 om-

253 2796 407 2851 nino,
436 2794 653 2854 ejusdem
687 2796 857 2843 formae
886 2794 1280 2857 conditionisque

254 2890 313 2920 ae
341 2867 682 2939 Πολυάνδριος.
704 2874 1031 2937 Componitur
1050 2890 1113 2920 ex
1130 2889 1278 2920 vocs-

252 2951 378 2999 bulo
398 2946 704 3018 wip-ecquod
722 2952 998 3016 pastionem
1015 2948 1281 3015 significat,

255 3043 307 3081 et
325 3030 692 3097 proefhccuram.
719 3031 862 3079 Unde
888 3025 1188 3098 Νομάνδριος
1208 3042 1282 3079 est

256 3112 338 3160 vel
351 3110 667 3176 pastor-icius,
693 3108 773 3158 vel
802 3106 1162 3174 praefectorius.
1189 3114 1283 3157 Να-

257 3184 474 3259 μανὸρία
495 3185 655 3259 ἀγορὰ
678 3198 748 3236 est
774 3210 800 3230 α
813 3188 1071 3252 pastoritia
1089 3188 1280 3246 concio,

258 3269 538 3335 pastoritius
560 3279 718 3316 coetus
731 3288 773 3315 a.
820 3261 1112 3335 Νομανδρῖσι
1134 3282 1283 3314 excu-

261 3348 387 3395 satio
408 3364 462 3394 ea
483 3357 579 3405 est,
598 3362 743 3410 quam
761 3345 979 3411 praesecti
997 3357 1047 3394 et
1065 3344 1282 3409 publica-

262 3442 368 3473 rum
388 3443 546 3474 rerum
560 3426 834 3474 administri
846 3427 1127 3490 frequenter
1142 3442 1281 3473 usur·

260 3515 406 3568 pant,
431 3505 627 3552 ductam
656 3523 684 3553 a
724 3505 1031 3568 negotiorum
1056 3504 1281 3553 multitu-

263 3583 379 3631 dine
399 3598 456 3631 nc
479 3585 722 3631 varietate.
750 3583 1284 3633 Auonu.—Eodem

265 3662 390 3709 redit
433 3662 695 3725 Mongaltii
735 3664 892 3712 nostri
924 3663 1284 3728 interpretatio.

263 3742 446 3788 Locum
471 3739 601 3788 hunc
616 3776 631 3800 ‚
655 3742 842 3806 inquit,
866 3743 1080 3807 explicat
1107 3743 1191 3791 ille
1216 3742 1285 3790 al-

1363 1932 1481 1985 peto
1499 1939 1527 1969 a
1548 1934 1597 1970 te
1611 1959 1625 1982 ‚
1643 1934 1701 1972 ut
1719 1924 1770 1970 id
1790 1939 1892 1971 non
1911 1923 2061 1971 modo
2087 1924 2389 1988 negligentia

1367 2017 1484 2049 meae
1501 2034 1516 2058 ,
1539 2003 1625 2050 sed
1650 2018 1712 2048 ne
1745 2002 2063 2067 occupationi
2090 2002 2287 2066 quidem
2305 2007 2389 2052 tri-

1366 2081 1485 2128 buas
1503 2117 1517 2138 ‚
1540 2091 1631 2128 etc.
1653 2102 1674 2123 n
1703 2082 1780 2129 En
1802 2082 1931 2129 illam
1960 2083 2021 2130 ab
2048 2084 2387 2147 occupationi·

1366 2159 1459 2208 bus
1479 2162 1679 2224 petitam
1707 2161 2092 2220 excusationem,
2128 2179 2274 2227 quam
2301 2164 2386 2214 Ci-

1366 2255 1479 2287 cero
1499 2254 1601 2286 non
1621 2239 1729 2286 vult
1742 2239 1923 2303 accipi,
1940 2239 2190 2303 ingeniosa
2209 2241 2388 2290 eruditi

1364 2318 1577 2365 hominis
1607 2319 1862 2381 sagacitate
1895 2318 2210 2383 exploratam.
2239 2322 2388 2370 Ontv.

1364 2399 1567 2446 *Non
1589 2409 1747 2445 tamen
1763 2399 1814 2446 J.
1836 2399 1903 2446 V.
1928 2400 1985 2445 L.
2011 2399 2171 2462 placet
2189 2400 2293 2448 baec
2313 2401 2388 2448 in-

1365 2476 1736 2541 terpretatio,et
1765 2476 1902 2524 malit
1929 2478 2255 2539 conjecturam
2275 2480 2388 2530 Sch.

1366 2553 1575 2618 probare
1613 2554 1910 2602 restituentis
1941 2552 2202 2622 νομαρχίας
2244 2573 2391 2605 excu-

1366 2633 1602 2681 sationem
1621 2669 1637 2694 ‚
1672 2649 1849 2698 nempe
1880 2651 1907 2682 a
1934 2636 2143 2699 negotiis
2171 2640 2387 2699 procon-

1364 2712 1572 2770 sulatus,
1593 2728 1705 2760 nam
1730 2711 1972 2779 νομαρχία
1997 2726 2067 2763 est
2084 2717 2386 2779 prefectum.

1369 2792 1542 2840 Cicero
1567 2792 1715 2855 igitur
1728 2792 1826 2839 hoc
1848 2791 2086 2856 significet
2105 2809 2116 2842 :
2134 2810 2241 2840 nam
2260 2794 2390 2842 illam

1367 2868 1682 2934 epistolatum
1713 2870 1993 2916 omissionis
2031 2870 2390 2920 excusationem

1367 2966 1394 2996 a
1422 2948 1633 3013 negotiis
1668 2947 1869 3011 petitam
1912 2962 2007 3012 qna
2041 2966 2157 2997 usus
2195 2965 2301 2997 sum
2336 2952 2390 2999 in

1368 3027 1687 3076 excludendis
1706 3044 1734 3074 a
1759 3027 2045 3091 praesectura
2081 3030 2394 3092 negotiatori-

1366 3106 1488 3165 bus,
1531 3122 1594 3154 ne
1617 3105 1879 3169 acceperis.
1912 3105 2116 3152 Minima
2157 3121 2276 3154 vero
2316 3107 2391 3156 vel

1370 3187 1503 3234 nulla
1547 3186 1816 3235 mutatione
1865 3196 2031 3250 posset
2079 3184 2178 3249 legi
2222 3200 2394 3252 νομαν-

1370 3258 1537 3332 ὃρίας,
1568 3264 1645 3313 vel
1680 3262 1824 3313 etiam
1859 3264 2038 3312 servari
2072 3258 2392 3331 νομανδρίανς

1368 3343 1495 3411 νέμω
1534 3346 1663 3392 enim
1698 3355 1770 3393 est
1800 3361 1929 3409 saepe
1953 3356 2148 3409 regere,
2184 3345 2394 3393 admini—

1369 3435 1538 3483 strare,
1549 3423 1682 3471 unde
1691 3420 1847 3490 νόμος.
1861 3423 1999 3471 Idem
2016 3424 2165 3486 igitur
2186 3427 2276 3472 erit
2288 3441 2396 3473 sen-

1371 3520 1469 3551 sus.
1519 3502 1668 3566 Apud
1709 3502 1962 3551 Platonem
2001 3504 2238 3565 reperitur
2269 3503 2393 3572 νέμω

1367 3581 1467 3630 hoc
1520 3598 1665 3629 sensu
1701 3584 1960 3640 usitatum,
2012 3578 2395 3651 ἀνθρωπονομαὴ

1377 3656 1630 3726 ἐπιστήμη,
1667 3661 1867 3708 scientis
1890 3660 2098 3725 pastoris
2123 3661 2394 3711 hominnm.

1375 3740 1528 3803 Quod
1544 3756 1846 3803 nequaquam
1859 3739 2043 3804 differt,
2055 3741 2150 3789 nisi
2161 3738 2400 3811 ἅνθρωπος

265 3829 366 3878 ter,
395 3835 563 3882 supi-n,
586 3820 674 3880 lv,
695 3837 723 3868 ἰ
741 3835 755 3869 :
772 3823 859 3870 «Si
878 3823 1003 3871 forte
1020 3823 1176 3872 rarius
1193 3821 1286 3871 tibi
1372 3836 1464 3886 pro
1492 3816 1626 3886 ἀνήρ.
1653 3821 1749 3868 En.

1039 3988 1611 4018 ———---=30'·———
