3023 4773
612 425 1118 502 EPISTOLAE
1170 425 1303 498 AD
1352 430 1842 515 ΑΤΤῙΟΠΜ,
1886 433 2000 515 11,
2055 433 2166 514 24.
2307 434 2450 528 4¹9

332 559 663 626 Crassum
693 556 1005 623 Divitem
1033 555 1317 623 Vettius
1343 550 1433 622 de
1464 547 1659 637 vi²⁶;
1693 566 1803 639 et,
1836 575 2063 647 quum
2097 567 2282 624 esset
2322 552 2447 625 da·

332 679 650 749 mnatns‚
707 677 859 734 erat
898 661 1324 733 indicium²⁷
1383 661 1922 758 postulaturus:
1969 661 2171 758 quod
2215 665 2276 734 si
2319 667 2449 734 im·

333 786 708 871 parasset,
745 770 1017 867 judicia
1038 770 1193 842 fore
1220 769 1653 841 videbantur
1665 766 1751 840 ²⁸.
1777 775 1874 841 Ea
1901 795 2071 857 ιιοε,
2108 786 2364 870 utpote
2382 785 2454 834 ⁵²⁹¹

330 885 456 979 qui
502 883 688 952 nihil
732 896 1193 953 contemnere
1212 878 1278 924 ³⁰
1321 881 1672 968 solemus,
1706 904 1858 951 non
1903 881 2452 977 pertimesceba-

332 1017 517 1063 mus.
576 995 970 1062 Hominum
1020 990 1314 1086 quidem
1362 1013 1646 1060 summa
1688 1013 1857 1087 erga
1899 1014 2033 1060 nos
2087 990 2323 1061 studia
2356 995 2452 1062 si-

328 1099 893 1196 gnificabantur3
930 1099 1052 1170 sed
1083 1124 1377 1196 prorsus
1401 1102 1562 1169 vitae
1597 1097 1853 1169 taedet:
1887 1102 1985 1169 ita
2010 1115 2183 1170 sunt
2208 1104 2458 1172 omnia

329 1216 658 1281 omnium
693 1211 1141 1281 miseriarum
1169 1209 1602 1304 plenissima.
1641 1206 1864 1277 Modo
1899 1206 2164 1279 caedem
2191 1212 2453 1280 timue-³

327 1317 672 1407 ramus³¹‚
701 1343 922 1416 quam
960 1319 1191 1389 oratio
1222 1315 1588 1388 fortissimi
1626 1319 1811 1388 senis
1844 1322 1929 1407 Q.
1957 1317 2275 1408 Considii
2317 1319 2456 1390 dis*

331 1444 647 1500 eusserat
687 1456 702 1499 ε
747 1452 863 1517 ea,
911 1452 1130 1524 quam
1189 1421 1591 1523 quotidie³²
1647 1427 1899 1497 timere
1954 1442 2458 1524 potueramuS,

330 1538 574 1611 subito
595 1553 841 1610 exorta
860 1552 987 1608 est.
1012 1536 1205 1627 Quid
1230 1535 1540 1633 quaeris?
1566 1535 1750 1605 nihil
1771 1560 1887 1606 me
1907 1534 2455 1621 infortunatum»,
2491 1623 2500 1628 ᾖ

330 1648 507 1719 nihil
544 1646 985 1718 fortunatius
1015 1661 1122 1717 est
1157 1641 1516 1732 Catu1033,
1569 1665 1798 1741 quum
1833 1644 2220 1742 splendore
2258 1651 2456 1737 vitae,

330 1771 481 1826 tum
530 1757 673 1828 hoc
718 1773 1066 1853 tempore.
1114 1758 1265 1825 Nos
1313 1765 1556 1825 tamen
1599 1757 1677 1823 in
1719 1753 1829 1824 his
1863 1757 2170 1827 miseriis
2218 1773 2458 1828 erecto

326 1970 541 2017 culcavit
556 2004 572 2027 ‚
592 1979 648 2015 ut
668 1971 893 2016 Pisonem
906 2000 922 2026 ,
950 1977 999 2014 et
1016 1970 1318 2015 Laterensem
1333 2002 1347 2024 ‚

325 2049 621 2095 nominaret.
644 2046 751 2094 Cic.
775 2045 827 2091 in
843 2047 1016 2097 Vatin.
1035 2046 1179 2093 Mart.

402 2128 487 2174 26.
516 2128 591 2171 De
615 2123 687 2171 vi.
716 2125 842 2186 Lege
868 2123 1024 2170 Plotia
1047 2136 1060 2171 τ
1089 2122 1202 2185 quia
1230 2137 1349 2169 con-

327 2205 478 2252 fessus
502 2214 649 2262 esset,
670 2219 720 2251 se
743 2218 854 2249 cum
880 2201 980 2249 telo
1006 2200 1163 2249 fnisse.
1190 2201 1342 2248 Inna.

399 2298 483 2342 27.
502 2280 758 2330 Indicium.
784 2282 896 2327 Hoc
920 2294 1091 2327 sensu:
1111 2278 1348 2337 Vettium,

327 2362 370 2411 si
409 2361 664 2410 damnatus
712 2371 835 2408 esset
850 2395 865 2418 ,
906 2358 1259 2424 postulaturum
1294 2368 1349 2408 ut

326 2440 565 2490 indicium
593 2440 897 2497 absolvatur,
925 2438 976 2486 id
1003 2449 1101 2496 est,
1139 2450 1195 2486 ut
1228 2439 1358 2487 alios:

325 2521 538 2582 ejusdem
554 2519 783 2567 facinoris
796 2519 1020 2567 conscios
1029 2518 1243 2565 indicare
1254 2518 1348 2566 sibi

327 2600 486 2657 liceat,
499 2615 526 2646 a
537 2597 785 2659 judicibus
798 2608 944 2661 petet.
963 2598 1113 2645 Max«.
1132 2625 1200 2633 —
1214 2597 1347 2669 Indi-5

327 2678 453 2725 cium
488 2693 589 2725 non
623 2675 989 2739 intelligendum
1026 2674 1088 2721 de
1120 2670 1347 2736 conjura·

328 2756 461 2801 tione
495 2754 576 2802 illa
608 2751 722 2801 ficta
757 2765 805 2800 et
836 2751 1178 2800 commentitia.
1219 2753 1346 2801 Nam

323 2832 422 2891 jam
445 2842 553 2878 ante
573 2831 624 2878 in
643 2843 810 2879 senatu
829 2842 879 2878 et
900 2846 991 2895 pro
1008 2818 1346 2878 Rostris'indi³

331 2919 519 2957 caverat
531 2909 663 2969 illos,
675 2924 801 2973 qnos
816 2908 1029 2972 fingebat
1056 2910 1113 2957 in
1126 2911 1324 2973 Pompei
1329 2911 1357 2957 ἰ*
1376 2942 1384 2957 .

331 2994 478 3052 caput
529 2991 843 3054 conspirasse.
894 2988 1014 3036 Ideo
1068 2989 1120 3035 in
1148 3002 1349 3065 ‘senatu'

328 3090 353 3106 α
371 3066 517 3114 fidem
539 3068 788 3132 publicam
814 3065 1081 3130 postulavit
1097 3088 1150 3123 n,
1180 3078 1236 3113 nt
1263 3080 1344 3114 su-

329 3146 489 3210 perius
513 3147 564 3192 in
590 3144 681 3193 hac
701 3144 906 3210 epistola
928 3144 1102 3193 Cicero
1123 3154 1339 3193 testatur.

326 3224 424 3274 Sed
450 3240 562 3272 reus
596 3225 658 3271 de
693 3225 741 3270 vi
772 3224 914 3288 petiit
932 3256 948 3280 ,
981 3233 1037 3270 ut
1073 3223 1168 3270 sibi
1200 3223 1344 3272 liceat

326 3305 521 3368 impune
549 3303 769 3365 detegere
785 3338 799 3362 ‚
827 3301 1078 3366 quomodo
1096 3318 1146 3353 re
1165 3319 1273 3350 vera
1292 3320 1343 3351 se

324 3382 422 3430 hoc
446 3382 645 3430 haberet
672 3380 948 3446 negotinm;
982 3381 1207 3427 nimirum
1236 3392 1289 3428 ut
1315 3398 1342 3429 a

324 3460 462 3509 Julio
475 3462 662 3510 Caesare
677 3461 1151 3522 fueritsnbornatus,
1163 3460 1224 3507 ad
1236 3460 1344 3508 hnc

274 3536 281 3543 ’
324 3541 526 3588 crimina
573 3539 825 3603 fingenda,
867 3551 917 3588 et
955 3540 1084 3587 viros
1129 3541 1345 3603 optimos

326 3618 455 3668 falsae
482 3616 833 3690 conjurationis
868 3610 1181 3668 accusandos.
1225 3620 1344 3668 Ideo

326 3698 583 3764 desperans
606 3699 984 3763 taill⁸praeeipitis
997 3699 1188 3746 consilii
1204 3715 1346 3747 even-

325 3782 381 3825 tu'
394 3813 410 3837 ,
425 3780 585 3828 Caesar
594 3779 907 3842 intercepisse
925 3793 1115 3826 veneno
1125 3779 1343 3826 Vettium

324 3858 572 3927 creditur,
603 3868 661 3905 ut
693 3859 957 3906 Suetonius
981 3859 1032 3904 iu
1059 3858 1196 3906 sulio
1222 3872 1341 3921 pro-

324 3938 476 3996 didit,
495 3952 604 4005 cap..
633 3953 713 3985 ao.
736 3938 912 3987 (ἷκεν.

398 4017 480 4063 28.
515 4016 717 4064 Iudicia
740 4016 852 4085 fore
883 4016 1193 4065 videbamur.
1225 4019 1345 4065 Fore

327 4093 549 4143 videbam
565 4130 579 4152 ‚
601 4107 659 4144 ut
675 4096 815 4143 multi
837 4097 907 4143 rei
924 4094 1119 4152 flerent,
1139 4112 1199 4144 ex
1218 4096 1346 4143 indi·

325 4172 407 4221 cio
425 4174 597 4223 Vettii.
619 4174 762 4222 Man.

1510 1984 1592 2029 29·
1635 1969 1853 2016 Verbum
1891 1969 2101 2018 alienum
2129 1986 2159 2018 a
2193 1975 2457 2034 sententia,

1436 2043 1572 2106 quod
1601 2044 1712 2094 Sch.
1742 2045 1890 2095 delet.
1914 2050 1965 2096 J.
1987 2049 2051 2096 V.
2080 2051 2138 2097 1..

1507 2122 1590 2170 30.
1612 2121 1709 2183 Qui
1727 2123 2187 2177 nihil-contemnere.
2214 2127 2336 2177 Ideo
2354 2140 2459 2178 non

1435 2200 1822 2263 pertimescimus
1838 2235 1852 2259 ,
1883 2205 1995 2265 qnia
2022 2221 2245 2254 cavemus
2271 2209 2452 2259 omnia.

1435 2277 1467 2324 J
1471 2276 1685 2323 udicium
1709 2290 1869 2325 autem
1897 2279 2207 2345 impendebat
2232 2274 2459 2336 Ciceroni

1410 2365 1487 2403 “et
1508 2371 1570 2404 ex
1593 2354 1780 2405 indicio
1799 2359 1984 2422 Vettii,
2007 2369 2056 2408 et
2078 2375 2196 2411 mox
2214 2380 2241 2411 a
2266 2366 2317 2413 Ρ.
2342 2366 2459 2415 Clo-

1430 2435 1524 2484 dio
1553 2434 1613 2483 de
1638 2436 1822 2485 necatis
1838 2438 2030 2487 canibus
2045 2444 2275 2493 romanis.
2304 2448 2456 2494 Mur.
2519 2454 2527 2462 ⁶

1509 2516 1593 2562 31.
1627 2514 1975 2567 Timueramus.
2009 2520 2291 2573 Plutarchus
2317 2523 2456 2572 haec:

1436 2594 1602 2655 Quum
1623 2605 1867 2642 senatores
1890 2596 1941 2643 in
1966 2600 2146 2646 curiam
2166 2603 2308 2665 pauci
2332 2619 2455 2651 con·

1433 2668 1685 2732 venirent,
1738 2674 1997 2724 Considius
2037 2679 2215 2727 Caesari
2266 2694 2455 2729 causam

1436 2747 1562 2798 dixit
1601 2767 1730 2811 esse,
1768 2754 1881 2816 quia
1921 2752 2128 2804 militum
2161 2757 2290 2805 illius
2328 2776 2455 2808 arma

1428 2828 1675 2878 timerent.
1702 2830 1793 2879 Cui
1818 2833 1976 2880 Caesar
2002 2848 2016 2880 :
2051 2835 2150 2883 Cur
2176 2845 2230 2883 tu
2259 2852 2457 2901 quoque

1433 2908 1500 2954 ob
1522 2908 1737 2957 eamdem
1757 2925 1946 2958 oausam
1971 2927 2070 2967 non
2099 2913 2233 2961 domi
2260 2926 2308 2962 te
2334 2932 2456 2971 con·

1432 2987 1589 3034 tines?
1608 2990 1769 3050 «Quia
1795 2985 2101 3056 (Considius)
2127 3004 2349 3041 senectus
2376 3011 2453 3042 me

1434 3068 1549 3115 facit
1569 3068 1864 3131 intrepidum
1886 3091 1926 3115 u.
1952 3070 2107 3118 Inna.
2355 3074 2358 3081 '

1505 3148 1604 3195 3³:
1621 3148 1780 3209 Quam
1810 3146 2038 3211 quotidie.
2065 3151 2175 3197 Hoc
2197 3153 2350 3199 'Vettii
2372 3154 2461 3201 in·-

1408 3223 1565 3273 ·dicio
1585 3226 1874 3293 patefactum
1894 3237 1994 3286 est,
2021 3227 2202 3276 caedem
2230 3232 2454 3295 quotidie

1430 3303 1575 3351 nobis
1600 3305 1745 3352 fnisse
1774 3304 2035 3353 timendam
2060 3307 2122 3354 ab
2145 3308 2205 3355 iis
2221 3343 2235 3367 ‚
2263 3311 2350 3373 qui
2380 3329 2456 3359 re-

1431 3398 1539 3430 rum
1553 3376 1825 3446 potiuntur.
1840 3384 2064 3448 Quorum
2079 3388 2298 3436 videmus
2309 3405 2453 3453 qnam

1432 3461 1660 3515 scelerata
1679 3462 1879 3510 consilia
1897 3465 2014 3521 sint,
2025 3480 2179 3527 ¹qutun
2191 3469 2453 3531 perniciem

1433 3537 1577 3587 bonis
1595 3541 1710 3588 viris
1734 3558 2036 3605 quacumque
2059 3546 2247 3593 ratione
2274 3549 2453 3595 machia

1433 3628 1626 3665 nentur.
1641 3620 1758 3667 Non
1778 3620 2088 3679 timebamus,
2101 3638 2254 3685 quum
2272 3625 2452 3674 indicia

1434 3713 1535 3745 non
1557 3708 1799 3746 exstarent
1813 3733 1827 3757 ,
1844 3699 1932 3747 sed
1947 3700 2115 3749 timere
2132 3704 2352 3766 qnotidie
2364 3722 2452 3770 po-

1432 3787 1676 3826 tueramus
1686 3811 1701 3836 ‚
1719 3788 1777 3824 ut
1787 3777 1931 3825 nobis
1943 3779 2258 3831 inscientibus
2269 3784 2456 3849 impona

1434 3855 1644 3904 dentem.
1675 3858 1824 3903 Inan.

1507 3936 1589 3982 33.
1629 3930 1816 3982 Gdteelo.
1848 3934 2020 3984 Cicero
2048 3950 2097 3986 et
2121 3939 2322 3992 Catulus
2351 3946 2453 3995 fue-

1434 4024 1544 4062 rant
1561 4013 1684 4061 socii
1703 4013 1760 4061 in
1785 4014 1964 4063 tuenda
1988 4016 2266 4082 reipublic&
2291 4022 2454 4087 digni-

1436 4104 1533 4141 tate
1547 4127 1561 4150 ,
1586 4109 1680 4158 qua
1702 4094 1878 4143 afflicta
1898 4106 1948 4143 et
1968 4112 2195 4162 oppressa
2219 4117 2269 4149 se
2289 4116 2455 4152 censet

1436 4172 1787 4221 infortunatum
1809 4174 1944 4237 quod
1969 4176 2123 4234 vivat,
2154 4178 2454 4230 fortunatum

2097 4285 2207 4354 27.
