3023 4773
553 378 1103 450 EPISTOLAE
1151 381 1292 450 AD
1337 380 1846 468 ATTICUM,
1894 382 2029 467 IV,
2061 403 2132 477 9.
2265 378 2404 454 503

928 763 1532 844 EPISTOLA
1605 766 1758 844 IX.

280 939 508 1018 Quaerit
545 939 686 1019 quid
730 939 949 1006 tribuni
990 940 1066 1001 de
1110 962 1285 1004 censu
1329 941 1703 1021 impediendo
1750 955 1989 1021 totaque
2042 943 2119 1004 de
2167 963 2407 1008 censura

358 1036 648 1116 cogitent3
687 1039 1041 1118 colloquium
1067 1059 1200 1098 cum
1227 1041 1501 1119 Pompeio
1529 1054 1764 1112 narrat3
1811 1060 1873 1099 se
1899 1039 1960 1099 in
1989 1040 2406 1124 Pompeianum

359 1134 446 1194 ire
468 1136 714 1204 nuntiat.
739 1135 1042 1215 (Neapoli,
1071 1156 1226 1195 anno
1249 1141 1324 1197 U.
1349 1141 1413 1200 C.
1439 1137 1557 1215 698
1574 1180 1592 1212 ,
1619 1157 1814 1198 mense
1836 1135 2053 1217 aprili.)

955 1312 1274 1378 CICERO
1318 1314 1637 1380 ATTICO
1682 1314 1748 1381 S.

378 1462 573 1532 Suu
598 1456 815 1530 velim
842 1460 1055 1547 scire,
1090 1483 1271 1534 num
1297 1482 1597 1542 censum
1619 1470 1639 1504 ¹
1672 1457 2102 1559 impediant²
2135 1455 2414 1544 tribuni

283 1565 544 1640 diebus
567 1567 901 1638 vitiandis
929 1567 1068 1664 (est
1092 1570 1289 1639 enim
1316 1568 1433 1639 hic
1455 1572 1770 1664 rumor),
1806 1584 2103 1666 totaque
2128 1567 2222 1640 de
2249 1592 2415 1639 cen-

283 1700 450 1748 sura
500 1677 678 1774 quid
720 1691 963 1774 agant,
1023 1676 1205 1775 quid
1242 1679 1582 1776 cogitent.
1637 1682 1786 1752 Nos
1831 1680 1949 1751 hic
1992 1703 2158 1750 cum
2207 1681 2413 1749 Porn-

284 1787 450 1884 peio
494 1785 784 1859 fuimus.
838 1787 1066 1860 Multa
1118 1811 1406 1859 mecum
1446 1787 1537 1860 de
1583 1787 1991 1887 republica,
2053 1812 2224 1858 sane
2277 1786 2417 1858 sibi

282 1895 690 1994 displicens,
719 1911 801 1966 ut
829 1896 1265 1992 loquebatur
1291 1895 1420 1993 (sic
1447 1910 1554 1968 est
1577 1900 1771 1968 enim
1788 1894 1817 1940 ³
1849 1899 1924 1966 iu
1951 1895 2091 1966 hoc
2119 1896 2417 1966 homine

283 2004 735 2100 dicendum),
767 2005 1039 2102 Syriam
1067 2030 1415 2104 spernens
1433 2061 1453 2093 ,
1473 2011 1891 2106 Hispaniam
1908 2007 2230 2102 jactans⁴
2253 2035 2269 2077 ε
2300 2004 2420 2076 hic

284 2138 622 2213 quoque,
670 2129 754 2185 ut
785 2115 1264 2235 loquebatur3
1304 2131 1376 2187 et
1410 2118 1714 2236 opinor,
1756 2140 2285 2214 usquequaque
2327 2114 2419 2186 de

287 2220 432 2291 hoc
459 2245 688 2318 quum
721 2221 1076 2310 dicemus,
1118 2222 1209 2292 sit
1240 2221 1381 2293 hoc
1405 2223 1683 2319 quasi,
1629 2220 1656 2266 ⁵
1717 2226 1819 2293 καὶ
1846 2218 1995 2292 τόδε
2022 2216 2416 2292 Φωκυλίδου·

285 2330 418 2404 tibi
460 2333 675 2404 etiam
727 2334 985 2431 gratias
1039 2331 1329 2430 agebat,
1381 2333 1578 2457 quod
1626 2335 1829 2430 signa
1864 2328 2416 2430 componenda⁶

284 2444 755 2541 suscepisses;
800 2447 877 2513 in
921 2468 1053 2514 nos
1093 2467 1265 2513 vero
1316 2444 1729 2531 suavissime
1775 2442 2070 2513 hercule
2119 2440 2416 2515 effusus.

284 2553 500 2625 Venit
536 2555 750 2625 etiam
799 2553 890 2625 ad
938 2578 1057 2625 me
1094 2554 1169 2624 in
1212 2559 1618 2626 Cumanum
1660 2580 1701 2624 a
1737 2565 1892 2625 se7.
1937 2552 2135 2625 Nihil
2172 2555 2414 2625 minus

281 2657 510 2735 velle⁸
558 2665 735 2735 mihi
778 2666 974 2736 visus
1039 2677 1178 2753 est,
1233 2689 1453 2762 quam
1515 2665 1915 2736 Messallam
1958 2666 2415 2743 consulatum

361 2913 408 2944 ι.
447 2895 662 2945 comum.
707 2898 795 2947 Est
838 2913 1007 2945 census
1051 2914 1307 2947 censorum

285 2990 445 3041 opus,
469 2975 565 3022 hoc
593 2976 646 3022 in
677 2975 807 3022 loco.
842 2976 1015 3024 Vician'
1038 2987 1202 3025 autem
1231 2978 1307 3027 di-

1396 2915 1585 2962 semper
1612 2897 1874 2955 addemus,
1901 2920 1927 2940 e·
1947 2901 2015 2946 Ut
2045 2897 2337 2961 loquebatur
2355 2918 2381 2938 ι
2403 2910 2418 2943 2

1396 2978 1629 3041 quoniam
1642 2978 1724 3025 ille
1732 2976 1864 3025 aliud
1875 2977 1926 3023 in
1939 2977 2101 3040 lingua
2117 2987 2420 3041 promptum,

283 3064 466 3102 cuntur
492 3052 594 3100 dies
609 3088 623 3113 ,
650 3070 799 3116 quum
819 3054 983 3101 vitiosi
1003 3052 1128 3103 fiunt
1146 3056 1307 3120 aliqua

284 3133 533 3197 religionis
560 3131 948 3180 obnuntiatione.
973 3136 1179 3182 ἔσωσε.

356 3229 409 3275 a.
436 3212 564 3271 Alii,
581 3210 887 3277 impendant.
913 3213 964 3258 J.
980 3212 1046 3260 V.
1069 3213 1124 3261 1..

358 3293 412 3341 3.
433 3292 512 3339 Sic
528 3292 673 3340 enim.
701 3289 837 3338 Solet
861 3292 990 3337 enim
1010 3312 1033 3330 «-
1048 3289 1182 3338 aliud
1203 3307 1311 3338 sen-

290 3371 382 3420 tire
396 3404 412 3427 ,
431 3372 562 3420 aliud
576 3360 722 3435 loqui
737 3393 761 3412 a
780 3405 795 3429 ‚
808 3369 870 3417 ad
889 3371 1151 3432 Div.vn1,
1165 3386 1242 3434 ep.
1267 3386 1310 3419 x.

288 3451 418 3498 Hinc
460 3468 541 3515 ep.
576 3460 634 3508 ¹4
658 3451 711 3498 h.
753 3450 790 3498 l.
827 3470 849 3491 ι
868 3449 1024 3510 Dixit,
1047 3449 1135 3497 sed
1151 3460 1313 3496 utrum

287 3531 475 3586 fronte,
492 3546 555 3578 nn
572 3539 735 3577 mente
751 3562 767 3585 ‚
795 3527 1094 3577 dubitatura.
1120 3529 1283 3577 Coun.

360 3616 412 3665 4.
455 3611 673 3657 lactans.
722 3610 800 3657 Ita
841 3607 1091 3671 exagitans
1111 3642 1128 3668 ,
1173 3608 1311 3671 quasi

288 3686 548 3735 fastidiret.
573 3689 667 3735 En.

361 3766 410 3815 5.
430 3765 600 3828 Qtaasae‘.
626 3768 699 3815 Ut
721 3766 1017 3831 Phocylida
1038 3777 1186 3830 poeta
1212 3765 1311 3815 suis

286 3846 547 3911 pra-ceptis
570 3861 855 3911 praeponere
881 3847 1054 3895 solitus
1078 3858 1149 3907 eet
1174 3846 1313 3894 illum

288 3925 593 3977 dimidiatum
616 3926 932 3987 versiculum,
951 3921 1048 3975 Καὶ
1065 3919 1189 3976 τάδε
1207 3929 1313 3974 Φω-

287 3999 501 4065 κυλίδου,
519 4027 544 4048 ι·
560 4006 623 4052 Et
638 4005 742 4053 haec
765 4005 1050 4071 Phocylidis
1064 4021 1117 4068 »ς
1132 4006 1203 4053 sic
1221 4021 1314 4055 nos

289 4099 440 4151 quum
482 4084 705 4149 Pompeii
747 4100 993 4145 sermones
1020 4086 1278 4149 retes-emus
1295 4121 1311 4144 ,

1396 3055 1531 3104 aliud
1580 3060 1637 3103 in
1680 3066 1881 3120 pectore
1931 3056 2150 3103 clausum
2196 3053 2421 3102 habebat.

1397 3136 1602 3184 Portu.

1467 3212 1930 3278 wComponenda
1965 3213 2023 3259 In
2055 3211 2247 3260 theatro
2274 3212 2420 3260 Pom-

1397 3294 1514 3359 peii.
1537 3295 1609 3342 De
1628 3309 1730 3367 quo
1751 3293 1878 3339 Plut.
1897 3291 2110 3350 Plinius,
2129 3302 2223 3340 etc.
2241 3293 2391 3340 ΜΛΝ.

1474 3377 1589 3433 7.Ἀ
1606 3391 1675 3422 se.
1698 3376 1743 3421 A
1763 3372 1874 3419 villa
1896 3389 2005 3430 sua;
2042 3373 2216 3431 sicuti,
2240 3370 2314 3417 ad
2328 3386 2425 3431 me,

1400 3453 1555 3508 valet,
1583 3452 1646 3499 ad
1673 3452 1836 3499 villam
1863 3468 2036 3499 meam.
2072 3450 2176 3498 Nec
2202 3462 2303 3504 cst,
2336 3466 2426 3497 cur

1400 3530 1497 3577 hoe
1523 3530 1756 3593 loquendi
1781 3547 1952 3594 genere
1981 3529 2236 3592 quisquam
2264 3529 2426 3579 ossen-

1398 3609 1560 3659 datur.
1589 3611 1668 3661 Sic
1691 3610 1774 3657 ille
1791 3644 1806 3670 ,
1831 3625 1976 3673 quem
2002 3608 2083 3655 hic
2108 3619 2277 3656 noster
2301 3609 2429 3657 tanti

1397 3689 1517 3736 feeit
1532 3725 1547 3751 ‚
1572 3690 1825 3751 Terentius
1847 3691 1900 3736 in
1925 3691 2172 3737 Heauton.
2196 3709 2220 3729 a
2240 3687 2366 3736 Hinc
2394 3702 2423 3736 ι

1399 3784 1476 3815 me
1500 3769 1721 3830 quisnam
1741 3766 1984 3830 egreditur
1998 3768 2020 3813 Ρ
2033 3788 2059 3807 υ
2075 3776 2123 3812 et
2140 3765 2256 3813 alibi
2271 3782 2424 3830 quum

1399 3847 1537 3911 ipse,
1574 3858 1675 3899 tum
1705 3847 1921 3910 optimus
1946 3845 2196 3894 latinitatis
2221 3856 2424 3902 auctor,

1401 3927 1624 3977 Plautus.
1654 3928 1806 3977 lout.
1995 3944 1998 3945 ’

1472 4008 1523 4055 8.
1558 4005 1702 4054 Nihil
1724 4005 1879 4057 minus
1904 4004 2050 4055 velle.
2076 4005 2205 4069 Quia
2231 4002 2428 4053 favebat

1402 4086 1600 4137 AEmilio
1609 4087 1805 4136 Scauro.
1810 4085 2021 4137 Videbat
2032 4095 2192 4149 autem
2206 4083 2426 4145 dno-pa-
