3023 4773
743 404 1316 489 EPISTOLAE‚
1363 404 1600 486 XIII,
1642 425 1746 472 ιο.
2225 437 2311 512 ¹9

190 543 258 601 et
297 526 697 625 voluptati,
753 539 826 597 et
859 529 1046 597 usui.
1098 527 1285 599 Nam
1334 537 1409 596 et
1459 523 1872 599 modestum
1932 527 2311 611 hominem

188 658 617 734 cognosces,
670 648 745 707 et
789 635 1224 735 prudentem
1238 646 1297 724 ⁹,
1333 648 1408 707 et
1441 659 1484 706 a
1522 632 1915 732 cupiditate
1956 644 2158 717 omni
2202 670 2317 718 re·-

187 751 708 831 motissimum‚
739 759 1081 843 praeterea
1112 747 1357 842 magni
1393 742 1703 832 laboris,
1736 768 2182 848 summaeque
2210 757 2322 827 in-

184 857 506 929 dustriae.
563 858 822 951 Neque
870 877 1008 950 ego
1061 852 1213 925 haec
1234 852 1593 951 polliceri
1639 852 1910 944 debeo,
1968 883 2130 955 quae
2183 864 2319 938 tibi

183 968 356 1065 ipsi,
383 988 622 1061 quum
642 960 836 1034 bene
864 964 1234 1061 cognoris,
1255 961 1646 1059 judicanda
1673 980 1888 1037 sunt.
1921 966 2048 1040 sed
2077 984 2321 1048 tamen

182 1076 253 1146 in
280 1072 639 1147 omnibus
656 1076 864 1144 novis
895 1070 1537 1168 conjunctionibus
1564 1076 1902 1163 interest,
1929 1077 2165 1174 qualis
2186 1085 2324 1178 pri-

181 1211 341 1257 mus
371 1184 617 1257 aditus
645 1184 771 1270 sit,
796 1197 871 1255 et
903 1208 1052 1280 qua
1086 1183 1720 1256 commendatione
1751 1188 1959 1282 quasi
1994 1191 2325 1263 amicitiae

182 1296 369 1369 fores
406 1294 854 1392 aperiantur.
889 1291 1110 1384 Quod
1146 1318 1282 1391 ego
1320 1292 1432 1365 his
1464 1293 1692 1366 literis
1734 1293 2024 1372 efficere
2068 1300 2271 1374 volui
2304 1329 2323 1374 τ

183 1409 309 1478 etsi
348 1404 432 1478 id
471 1406 631 1502 ipsa
666 1427 799 1501 per
832 1428 909 1476 se
952 1403 1412 1476 necessitudo
1455 1418 1834 1501 quaesturae
1870 1404 2157 1483 efficere
2195 1410 2328 1484 de·
2362 1436 2366 1447 ·

184 1514 333 1603 δεῖς
362 1514 500 1589 sed
530 1528 776 1585 tamen
807 1513 1037 1586 nihilo
1053 1513 1410 1587 infirmius
1441 1514 1648 1603 illud,
1677 1515 1819 1588 hoc
1844 1516 2111 1593 addito.
2137 1526 2330 1598 Cura

183 1626 427 1723 igitur,
457 1627 523 1696 si
558 1647 676 1717 me
711 1624 895 1695 tanti
928 1621 1139 1713 facis,
1164 1626 1420 1722 quanti
1450 1640 1526 1698 et
1554 1631 1787 1699 Varro
1822 1628 2185 1703 existimat
2203 1687 2224 1722 ,
2253 1647 2329 1707 et

186 1739 329 1835 ipse
367 1735 651 1820 sentio,
679 1747 765 1805 ut
787 1758 1012 1831 quam
1044 1735 1362 1832 primum
1394 1734 1789 1832 intelligam
1811 1789 1832 1824 ,
1871 1735 2060 1810 hanc
2092 1765 2329 1814 meam

188 1845 901 1921 commendationem
926 1859 1210 1918 tantum
1236 1844 1339 1916 illi
1366 1844 1695 1918 utilitatis
1718 1846 2040 1920 attulisse
2055 1902 2077 1939 ,
2100 1875 2330 1948 quan·

192 1973 338 2030 tum
374 1973 460 2031 et
489 1958 651 2056 ipse
685 1956 1025 2054 sperarit,
1065 1979 1202 2028 nec
1232 1979 1371 2054 ego
1403 1952 1821 2028 dubitarim.

250 2153 302 2200 9.
328 2133 549 2187 Con-nd.
572 2144 622 2183 et
646 2132 868 2182 lambin-
891 2130 1327 2197 eonj.pudeneem.
1360 2132 1489 2182 LV.
1510 2134 1570 2182 Ι..

182 2312 2134 2341 mmmmm
2142 2320 2324 2342 mm

855 2490 1451 2572 EPISTOLA
1511 2491 1660 2570 X1.

181 2652 577 2714 emendat
610 2656 791 2712 Bruto
823 2648 1160 2729 vectigalia,
1199 2668 1332 2727 quae
1357 2648 1667 2728 Arpinates
1694 2650 1756 2708 in
1785 2651 1974 2710 Gallia
1999 2651 2329 2728 habebant3

252 2763 313 2808 et
352 2750 621 2827 legatos,
656 2744 761 2823 qui
801 2741 878 2803 ad
907 2762 979 2803 ea
1006 2740 1292 2821 exigenda
1320 2740 1858 2821 proficiscebantur.
1885 2742 2147 2824 (Romae,
2175 2769 2331 2808 anno

254 2846 336 2902 Ἡ.
370 2845 448 2904 C.
478 2841 646 2914 707.)

782 2948 972 3017 MT.
999 2949 1074 3015 C.
1108 2946 1401 3014 BRUTO
1445 2946 1511 3012 S.
1548 2946 1625 3014 P.
1660 2947 1760 3016 D..

279 3089 483 3179 Qun
524 3105 817 3182 semper
845 3077 1339 3166 animadverti,
1357 3077 1678 3150 studiose
1716 3091 1787 3150 te
1814 3103 2111 3180 operam
2139 3083 2333 3175 dare,

178 3212 267 3270 ut
312 3221 413 3270 ne
468 3189 657 3292 quid
701 3215 1030 3264 meorum
1077 3188 1210 3261 tibi
1264 3202 1449 3260 esset
1495 3188 1829 3285 ignotum
1877 3216 1894 3260 ε
1946 3206 2334 3290 propterea

176 3333 333 3379 non
374 3304 694 3390 dubim,
747 3304 928 3399 quin
972 3301 1191 3387 scias,
1231 3323 1383 3369 non
1425 3297 1665 3370 solum
1708 3298 1918 3394 cujus
1959 3299 2332 3402 municipii

172 3420 361 3507 sim,
393 3413 533 3489 sed
572 3413 826 3498 etiam,
860 3434 1082 3509 quam
1123 3406 1506 3506 diligenter
1542 3407 1811 3479 soleam
1854 3434 2055 3482 meos
2091 3421 2330 3487 muni-

174 3528 383 3625 cipes
401 3579 426 3612 ,
474 3522 896 3620 Arpinates,
932 3518 1139 3590 tueri.
1169 3520 1503 3608 Quorum
1531 3518 1831 3615 quidem
1860 3522 2102 3593 omnia
2129 3548 2332 3600 com-

176 3637 437 3720 moda,
462 3655 873 3728 omnesque
895 3626 1268 3702 facultates
1285 3682 1304 3716 ‚
1321 3626 1596 3725 quibus
1622 3644 1697 3699 et
1721 3652 1922 3699 sacra
1943 3632 2330 3724 conficere,

175 3761 254 3816 et
280 3761 481 3818 sarta
515 3757 712 3815 tecta
745 3740 1007 3811 aedium
1045 3762 1444 3826 sacrarum,
1487 3738 1964 3835 locorumque
2002 3766 2335 3817 commu-

166 3858 423 3925 nimn¹
459 3853 657 3925 tueri
682 3851 987 3948 possint,
1012 3849 1414 3921 consistunt
1438 3849 1516 3917 in
1545 3848 1659 3919 his
1677 3848 2336 3954 vectigalibuS‚quae

246 4064 273 4094 ι
289 4083 309 4095 .
334 4046 484 4093 Sana
509 4055 671 4094 tecta.
687 4078 701 4091 .
719 4037 1082 4089 ‚communium
1109 4040 1231 4101 Quae
1317 4053 1409 4085 nee
1422 4037 1848 4103 sineveetigalibus
1860 4042 2338 4108 conservativam,

168 4142 351 4191 μ
388 4136 438 4172 ει
479 4119 823 4173 conservanda
858 4119 1064 4168 mxime
1098 4117 1197 4165 sint
1215 4151 1230 4176 ‚
1318 4131 1508 4164 nmmo
1546 4115 1710 4167 studio
1747 4119 2111 4183 providendum
2145 4135 2241 4183 est,
2277 4141 2341 4173 ne

2031 4232 2094 4276 2.
