3023 4773
612 396 1126 465 EPISTOLAE
1173 402 1310 469 AD
1361 404 1850 493 ATTICUM,
1906 413 1977 493 1,
2038 436 2093 480 1.

2278 414 2419 510 269

295 511 602 585 frontem
638 513 849 586 ferias
868 528 924 602 ⁹,
963 525 1328 618 suntrqui
1361 526 1574 595 etiam
1609 531 2017 600 Caesonium
2046 544 2105 575 ¹⁰
2138 550 2418 630 putent.

290 624 706 719 Aquillium¹
722 635 742 666 ¹
767 642 919 696 non
941 627 1396 719 arbitramur,
1418 635 1547 730 qui
1567 633 1944 732 denegavit
1964 650 2048 719 ¹²,
2065 653 2137 710 et
2149 640 2418 733 juravit

288 733 649 822 morbum,
681 750 754 806 et
791 735 972 807 illud
1009 758 1224 810 suum
1270 767 1579 839 regnum
1610 744 2410 848 judiciale¹³opposuit.

281 841 625 927 Catilina,
682 845 741 914 si
795 844 1197 939 judicatum
1252 855 1422 937 erit,
1484 854 1784 927 meridie
1848 882 2000 928 nou
2058 859 2300 933 lucere
2328 868 2413 952 ¹⁴,

281 965 520 1022 certus
553 953 688 1023 erit
716 959 1169 1052 competitor.
1201 965 1308 1031 De
1344 962 1634 1036 Aufidio
1654 962 1716 1009 ¹⁵
1748 983 1823 1038 et
1857 967 1948 1039 de
1975 969 2305 1042 Palicano
2328 971 2411 1057 ¹⁶,

283 1085 431 1132 non
473 1077 654 1160 puto
695 1078 765 1134 te
806 1083 1258 1164 exspectare,
1301 1071 1473 1142 dum
1515 1074 1844 1148 scribam.

373 1177 486 1243 De
511 1174 594 1242 iis
611 1227 629 1260 ‚
661 1179 788 1271 qui
812 1201 1009 1246 nunc
1033 1194 1294 1275 petunt
1316 1192 1404 1269 ¹⁷,
1429 1183 1725 1255 Caesar¹⁸
1754 1203 1991 1259 certus
2009 1201 2070 1248 ¹9
2092 1205 2410 1288 putatur.

275 1283 629 1354 Thermus
643 1295 709 1327 ²⁰
748 1310 914 1356 cum
947 1288 1265 1360 Silano²¹
1304 1294 1744 1366 contendere
1778 1299 2256 1387 existimatum
2287 1304 2413 1397 qui

344 1508 398 1555 9.
434 1494 498 1551 Ut
513 1491 736 1557 frontem
754 1492 939 1558 jerias.
967 1500 1194 1544 Frontem
1223 1498 1301 1545 vel

273 1574 430 1619 femur
451 1572 593 1620 ferire
617 1583 689 1620 est
709 1573 1032 1637 indignantis,
1054 1586 1153 1623 tam
1170 1576 1301 1639 apud

273 1652 474 1698 Grecos
497 1667 642 1714 quam
666 1652 881 1699 Latinos.
911 1656 1106 1701 Porus.
1126 1682 1195 1691 —
1217 1658 1301 1702 In-

271 1740 573 1776 crementum
614 1740 686 1778 est
731 1730 784 1776 in
823 1731 985 1779 verbis
1016 1733 1168 1779 Tullii
1187 1747 1201 1782 t
1239 1733 1299 1781 de

270 1806 539 1856 Cornificio
564 1819 647 1855 aut
665 1809 833 1866 risum,
851 1820 936 1857 aut
955 1810 1173 1858 dolorem
1192 1813 1300 1860 fore

271 1887 441 1935 Attico
457 1921 473 1946 ‚
514 1887 575 1934 de
610 1888 835 1936 Caesonio
875 1888 1261 1952 indignationem
1281 1906 1294 1938 :

271 1981 382 2013 nam
416 1967 552 2030 prius
595 1983 697 2014 esse
732 1965 1015 2027 ridiculum,
1056 1971 1296 2034 posterius

270 2044 677 2108 indignissimum.
700 2048 733 2094 J
737 2061 909 2093 umus.

344 2140 424 2172 xo.
473 2124 760 2173 Caesonium.
808 2126 910 2188 Qui
959 2138 1150 2176 mecum
1199 2130 1292 2177 snit

267 2203 425 2251 aedilis
465 2203 765 2267 designatus.
804 2205 945 2254 Verr.
978 2208 1092 2256 Act.
1123 2211 1169 2268 1,
1206 2225 1289 2258 20.

266 2282 500 2332 Coeno.

341 2377 363 2410 ι
378 2362 714 2426 1.Aqui11ium.
735 2364 795 2412 C.
810 2364 1080 2428 Aquinium
1093 2368 1288 2417 Gallum

262 2441 670 2501 jurisconsultum
684 2457 700 2490 z
721 2454 844 2490 orat.
871 2460 963 2507 pro
987 2448 1049 2493 A.
1067 2448 1287 2516 Coecina3

264 2520 351 2583 qni
368 2532 490 2568 tunc
507 2530 558 2568 et
573 2521 677 2584 ipse
695 2531 874 2584 praetor
894 2533 1014 2570 erat.
1031 2527 1214 2575 Ascon.
1234 2528 1288 2576 in

264 2612 386 2648 orat.
404 2615 503 2664 pro
520 2600 716 2648 Cornel.
736 2602 888 2648 Inus.

336 2696 418 2728 n.
444 2679 576 2737 Alii,
600 2680 823 2744 denegat.
849 2681 969 2729 J.v.
987 2686 1044 2731 L.

336 2776 358 2805 ι
371 2759 419 2806 3.
453 2761 672 2824 Regnum
707 2759 964 2822 judiciale.
1001 2763 1190 2812 Dubito
1222 2783 1284 2814 an

262 2841 464 2886 referam
486 2839 552 2887 ad
574 2839 831 2901 iudicandi
853 2841 1089 2890 rationem
1103 2878 1119 2903 ,
1137 2862 1202 2893 an
1221 2845 1286 2893 ad

263 2920 504 2982 privatum
527 2934 706 2967 munus
730 2921 1061 2983 respondendi
1081 2923 1142 2972 de
1155 2926 1282 2984 jure.

259 3000 536 3061 Utrumque
560 3000 790 3045 convenit
818 2999 1059 3062 Aquinio.
1088 3003 1212 3050 Nam
1236 3015 1286 3052 et

254 3077 472 3134 judicem
497 3093 628 3142 saepe
647 3094 755 3125 eum
782 3078 929 3126 fnisse
950 3091 1147 3143 captum
1165 3085 1288 3130 veri-

259 3158 414 3205 simile
432 3168 531 3219 est,
547 3168 595 3205 et
611 3157 825 3205 ostendit
844 3159 1002 3206 oratio
1020 3175 1111 3222 pro
1129 3163 1287 3224 Quin-

259 3237 343 3283 tio.
361 3236 538 3285 Malim
561 3246 721 3284 tamen
742 3235 809 3283 ad
832 3237 1080 3300 privatum
1106 3254 1283 3288 munus

258 3316 454 3365 referre.
482 3316 592 3364 Fuit
609 3317 739 3364 enim
765 3326 870 3363 tum
892 3333 999 3364 vere
1023 3323 1281 3382 augustum

256 3395 335 3452 id,
373 3411 531 3459 quum
569 3395 763 3459 quidem
805 3395 1016 3458 insigma
1055 3398 1276 3458 fuerunt,

260 3484 375 3521 teste
400 3477 669 3532 Cicerone,
706 3474 826 3522 olim
862 3485 1138 3524 transverso
1165 3477 1278 3526 foro

257 3553 570 3602 obambulare
588 3589 602 3612 ‚
637 3563 806 3619 postea
850 3554 1016 3603 sedere
1057 3556 1109 3602 in
1152 3557 1276 3605 atrio

257 3648 372 3691 suo,
410 3634 464 3681 in
503 3633 622 3682 sella
659 3634 971 3696 honorabili,
996 3634 1098 3682 sive
1133 3636 1276 3685 solio.

255 3711 467 3763 cmm.

329 3799 409 3845 14.
437 3790 649 3838 Meridie
685 3807 785 3840 non
820 3793 996 3843 lucere.
1031 3797 1142 3843 noc
1177 3806 1273 3854 est,

254 3870 294 3915 si
318 3869 379 3916 de
401 3869 801 3918 manifestissimis
826 3871 1133 3930 criminibus,
1153 3890 1276 3937 quo-

254 3963 354 3995 rum
381 3949 463 3996 ille
496 3965 611 3996 rens
648 3950 909 4013 agebatur,
937 3950 1129 4010 ,iudices
1160 3968 1275 4018 pro-

255 4029 526 4076 nuntiarent
540 4028 636 4075 sibi
654 4029 774 4077 nihil
800 4039 1021 4078 constare
1033 4064 1048 4086 ‚
1065 4030 1276 4096 ideoque

254 4105 388 4154 illum
403 4106 726 4156 absolverent.
749 4109 1147 4157 Bonum—Olim
1171 4111 1273 4159 edi·

1391 1499 1554 1548 deram
1585 1524 1610 1543 e·
1624 1505 1666 1550 si
1681 1504 1952 1564 judicatum
1970 1508 2091 1564 erit,
2124 1510 2228 1568 ejus
2246 1509 2411 1559 haberi

1389 1580 1628 1628 rationem
1656 1583 1801 1630 licere
1821 1606 1843 1626 ι
1863 1600 1876 1633 :
1899 1587 2035 1648 quod
2060 1588 2128 1635 sic
2151 1586 2410 1652 legendum

1389 1673 1522 1717 esse,
1551 1669 1600 1706 et
1638 1678 1700 1708 ex
1734 1662 1869 1710 Italis
1906 1664 2091 1713 Sebast.
2131 1669 2408 1727 Corradus,

1387 1746 1437 1783 et
1459 1752 1521 1783 ex
1545 1740 1845 1788 nostratibus
1864 1745 2081 1792 AEmarus
2098 1749 2410 1798 Ranconetus

1386 1818 1684 1867 censuissent
1705 1821 1950 1884 primum:
1977 1823 2107 1872 baud
2133 1825 2294 1875 dubiis
2312 1830 2411 1877 for-

1387 1903 1508 1942 tasse
1558 1899 1854 1957 conjecturis
1904 1901 2039 1951 ducti
2056 1942 2072 1966 ,
2122 1904 2298 1954 deinde
2345 1908 2407 1955 ab

1384 1975 1598 2037 antiquie
1622 1978 1877 2041 scriptnrae
1897 1983 2113 2046 vestigiis
2137 2001 2239 2032 non
2261 1986 2407 2051 longe

1383 2049 1704 2104 discedentes.
1732 2058 1897 2107 Laus.

1456 2131 1537 2179 15.
1582 2132 1803 2200 Aufidio.
1854 2139 1928 2184 De
1970 2155 2071 2200 quo
2113 2141 2165 2188 in
2212 2145 2399 2206 Bruto,

1378 2223 1485 2273 cap.
1508 2212 1592 2266 48.

1454 2289 1537 2335 16.
1581 2289 1832 2342 Palicano.
1876 2296 2147 2345 Palikames
2191 2300 2400 2363 incisum

1377 2367 1522 2415 estin
1541 2370 1757 2433 antiquis
1778 2373 2016 2435 denariis,
2055 2394 2181 2440 quos
2208 2396 2399 2433 constat

1377 2461 1404 2491 a
1445 2448 1677 2496 Palikano
1717 2451 1930 2514 signatos
1979 2472 2103 2513 esse,
2145 2462 2282 2521 cujus
2317 2464 2399 2511 hic

1376 2526 1597 2580 meminit
1625 2529 1829 2588 Cicero,
1865 2534 2048 2598 quique
2094 2537 2395 2590 tribunitiam

1372 2615 1658 2667 potestatem
1681 2625 1708 2655 a
1732 2610 1862 2658 Sulla
1885 2615 2074 2677 populo
2091 2616 2365 2683 ademptam
2382 2657 2397 2679 ‚

1375 2683 1601 2731 tribunus
1624 2687 1757 2750 pleb.
1776 2705 1929 2752 quum
1957 2704 2080 2742 esset
2108 2711 2223 2746 ann.
2248 2701 2310 2748 U.
2331 2701 2390 2749 C.

1375 2763 1508 2820 682,
1559 2766 1793 2829 Pompeio
1845 2773 2045 2821 consule
2094 2774 2359 2836 adjuvante
2376 2814 2392 2838 ,

1373 2842 1607 2899 restituit,
1636 2856 1685 2892 et
1711 2845 1912 2897 biennio
1941 2865 2057 2915 post
2090 2855 2393 2905 consulatum

1372 2934 1517 2968 ausus
1551 2933 1623 2969 est
1660 2937 1852 2987 petere,
1891 2945 2043 2991 quum
2079 2944 2262 2996 praetor
2294 2952 2396 2991 non

1371 2997 1571 3054 suisset,
1600 3001 1661 3050 de
1685 3002 1802 3052 clar.
1819 3006 1957 3056 Orat.
1988 3026 2032 3055 e.
2063 3012 2149 3059 62.
2177 3015 2393 3076 Quintil.

1371 3079 1460 3136 IV,
1480 3095 1531 3127 α.
1553 3083 1647 3129 En.
2161 3099 2165 3104 '

1448 3173 1527 3219 17.
1562 3160 1659 3223 Qui
1682 3178 1812 3210 nunc
1838 3174 2030 3227 petunt.
2063 3167 2134 3216 Ut
2155 3170 2393 3232 proximis

1370 3238 1581 3286 comitiis
1619 3242 1844 3290 eonsules
1886 3243 2216 3308 designentur.
2266 3250 2389 3299 Nam

1368 3317 1546 3378 ceteri,
1566 3335 1692 3382 quos
1712 3323 2000 3383 nominavit,
2018 3341 2116 3372 non
2140 3328 2392 3391 petebant,

1365 3394 1452 3441 sed
1493 3399 1787 3461 prensabant
1825 3401 1887 3449 ad
1930 3403 2229 3468 insequentis
2273 3412 2390 3457 anni

1363 3475 1666 3535 petitionem.
1682 3481 1826 3529 Max.

1439 3555 1520 3602 18.
1550 3558 1727 3604 Caesar.
1746 3560 1802 3608 L.
1823 3560 1989 3607 Julius
2012 3563 2197 3613 Caesar:
2237 3569 2386 3631 epist.

1364 3649 1462 3697 seq.
1483 3635 1643 3683 Omv.

1440 3727 1520 3773 ¹9·
1554 3713 1734 3766 Cereus.
1758 3716 1874 3763 Cos.
1892 3728 1948 3764 nt
1974 3720 2083 3770 fuit.
2111 3723 2271 3775 Coun.

1435 3807 1524 3839 20.
1582 3791 1829 3844 Thermus.
1862 3797 1910 3842 Is
1941 3809 2013 3846 est
2044 3801 2101 3849 C.
2138 3804 2390 3862 Minucius

1363 3872 1616 3930 Thermus,
1633 3873 1721 3936 qui
1735 3887 1851 3938 post
1866 3892 1926 3925 ex
1940 3877 2224 3944 adoptione,
2238 3904 2387 3950 quum

1364 3953 1414 3998 in
1477 3952 1708 4000 familiam
1771 3958 2024 4019 patriciam
2097 3968 2389 4028 transiisset,

1366 4034 1427 4080 C.
1440 4032 1657 4080 Marcius
1673 4035 1866 4098 Figulus
1879 4039 2153 4103 appellatus
2164 4056 2249 4092 est.
2260 4048 2365 4093 Juu
2374 4080 2388 4093 .

1439 4127 1524 4158 21.
1566 4112 1753 4162 Silano,
1796 4117 1858 4165 D.
1900 4118 2035 4167 Julio
2077 4121 2269 4180 Silano,
2304 4125 2388 4186 qui
