3023 4773
611 376 746 447 232
1107 432 1114 438 .
1405 375 1932 446 PRAEFATIO

603 499 774 562 lamo
806 512 1056 560 exarata
1088 495 1417 575 visuntur,
1465 493 1723 560 fluxisse
1764 495 2018 559 :ib-hoc
2063 515 2345 583 prorsus·
2381 508 2546 582 puto
2558 509 2735 575 faut

603 605 872 668 fortasse
902 603 984 666 ab
1027 602 1138 666 illo
1188 603 1331 690 ipso
1353 649 1370 683 ,
1418 602 1597 666 unde
1654 603 1785 666 hoc
1837 602 2238 690 descriptum
2298 601 2461 665 fuit:
2516 622 2737 688 neque

603 711 778 773 enim
827 708 1114 798 negarim
1175 707 1309 771 fieri
1362 707 1555 772 etiam
1601 708 1731 771 hoc
1774 708 2102 797 potuisse3
2146 707 2331 787 cujus
2375 724 2589 772 tamen
2637 706 2765 769 rei

597 816 940 903 vestigium
978 829 1226 878 certum
1269 814 1525 877 nullum
1556 813 1726 895 vidi,
1781 814 2076 902 nihilque
2108 829 2333 877 contra
2365 827 2731 876 correctum

600 921 815 986 adhuc
866 922 933 985 in
979 920 1081 984 his
1126 920 1427 1008 Epistolis
1463 922 1774 1009 cognovi,
1830 921 2013 1001 cujus
2050 943 2215 985 verae
2262 919 2549 983 lectionis
2590 940 2768 982 non·

601 1044 948 1117 appareant
976 1026 1239 1115 vestig-ia
1284 1027 1352 1088 in
1395 1026 1526 1090 hoo
1575 1049 1721 1091 meo
1759 1028 2103 1115 exemplari
2122 1075 2140 1108 ,
2198 1042 2622 1115 praeterquam
2674 1025 2732 1087 si

604 1158 730 1223 qua
768 1132 1139 1212 conjectura
1166 1131 1459 1196 restituta
1480 1147 1677 1195 sunt:
1712 1155 1855 1220 quae
1886 1132 2050 1196 ratio
2089 1129 2452 1221 corrigendi
2487 1145 2733 1193 veteres

602 1253 897 1303 auctores
929 1259 1126 1323 quam
1161 1235 1404 1300 lubrica
1436 1252 1502 1299 et
1534 1236 1892 1324 periculosa
1919 1237 2036 1317 sit,
2074 1236 2353 1300 arbitror
2378 1258 2484 1299 me
2513 1234 2735 1297 multis

602 1343 998 1431 argumentis
1048 1340 1364 1405 docuisset.
1430 1343 1655 1423 Quum
1705 1341 1902 1431 igitur
1948 1357 2097 1430 post
2145 1341 2425 1430 spatium
2482 1338 2735 1404 XXXV

600 1472 923 1514 annor-um
955 1450 1254 1513 voluntas
1286 1449 1564 1530 tulisset,
1602 1464 1677 1512 ut
1711 1471 1938 1513 rursus
1978 1449 2107 1512 hoc
2145 1450 2734 1537 praeclarum‘opus

601 1556 954 1625 recolerem
977 1603 996 1636 ‚
1029 1571 1221 1643 atque
1260 1553 1328 1618 id
1365 1577 1545 1618 nunc
1576 1554 1783 1618 facere
1817 1578 1853 1618 a
1891 1553 2278 1643 quibusdam
2313 1553 2735 1618 familiaribus

601 1661 763 1724 meis
802 1661 1121 1749 impulsus
1163 1682 1369 1724 essem
1410 1681 1485 1723 ac
1521 1682 1704 1749 paene
1739 1676 2037 1742 coactuS,
2076 1662 2342 1749 confugi
2374 1660 2610 1724 iterum
2650 1658 2767 1721 ad⁴

599 1766 902 1831 eumdem
940 1768 1124 1831 illum
1173 1766 1445 1849 librum,
1490 1790 1529 1830 a
1569 1789 1703 1855 quo
1748 1767 1961 1854 primo
2000 1782 2257 1831 tantum
2303 1765 2578 1855 praesidii
2625 1787 2739 1828 ac·

604 1875 785 1962 cepi,
826 1891 1020 1960 atque
1057 1873 1268 1960 ipsum
1306 1870 1536 1936 sedulo
1568 1873 1850 1936 tractavi.
1883 1873 2232 1937 Observavi
2265 1889 2484 1937 autem
2513 1872 2578 1935 in
2605 1871 2739 1935 hoc

606 1977 786 2067 quod
831 1979 1034 2057 sole0,
1071 1994 1136 2042 et
1192 1977 1481 2067 quotidie
1533 1979 1734 2069 mag-is
1782 2001 2008 2044 verum
2056 2001 2193 2043 esse
2214 2027 2231 2061 ,
2287 1976 2765 2065 custodirique·

605 2083 842 2148 debere
868 2084 1155 2174 intelligo
1178 2133 1195 2166 ,
1245 2100 1322 2148 ut
1350 2107 1433 2149 ne
1467 2086 1671 2149 latum
1707 2085 1972 2174 quidem
2008 2107 2296 2175 unguem
2338 2083 2740 2149 discederem

603 2189 685 2253 ab
708 2190 1087 2253 auctoritate
1111 2190 1532 2276 antiquorum
1549 2190 1903 2254 librorum:
1928 2191 1995 2253 in
2019 2192 2246 2279 primis
2270 2207 2486 2254 autem
2516 2189 2737 2270 hujus,

603 2296 837 2359 merito
868 2294 1134 2383 quidem
1169 2295 1327 2358 mihi
1359 2296 1649 2382 probati,
1685 2296 2084 2383 exemplaris.
2099 2296 2344 2359 Vellem
2382 2298 2560 2360 Deus
2600 2310 2737 2382 opt.

605 2425 770 2466 max.
801 2412 1083 2465 'mentem
1115 2388 1424 2482 dedisset,
1458 2416 1534 2464 ut
1565 2399 1738 2464 idem
1767 2401 2072 2482 facerent,
2100 2424 2234 2466 non
2264 2403 2506 2489 pauciS,
2526 2401 2739 2467 doctis

604 2524 671 2572 et
696 2507 1041 2596 ingeniosis
1070 2507 1243 2589 viriS,
1272 2523 1337 2571 et
1371 2529 1509 2571 non
1544 2523 1883 2596 tantopere
1914 2509 2005 2572 illi
2040 2510 2323 2573 acumini
2361 2509 2461 2572 sui
2495 2508 2742 2598 ingenii

606 2612 1050 2701 indulgerent;
1099 2610 1363 2675 meliore
1405 2611 1553 2676 loco
1611 2612 1711 2698 (ut
1752 2612 2056 2699 arbitror)
2096 2630 2350 2677 veteres
2395 2614 2761 2700 scriptores·

608 2718 842 2782 forent.
881 2716 1079 2799 Quod
1129 2718 1184 2780 si
1236 2717 1586 2806 aliquando
1631 2719 1822 2782 etiam
1868 2718 2026 2782 labis
2082 2717 2329 2807 aliquid
2384 2716 2740 2807 mendique

610 2827 748 2916 ipsa
781 2824 1152 2912 occupavit,
1192 2824 1367 2913 quod
1408 2825 1685 2913 speciem
1720 2825 1878 2889 recti
1917 2825 2150 2889 habeat
2180 2849 2196 2890 ε
2231 2842 2296 2889 et
2336 2848 2471 2889 non
2517 2841 2740 2913 aperte

608 2933 799 3020 culpa
851 2930 1263 2994 librariorum
1311 2932 1735 3020 commissum
1781 2953 1919 2995 esse
1977 2949 2411 3020 cognoscatur
2475 2930 2740 3018 (neque

609 3037 785 3102 enim
815 3036 1067 3100 inficior
1094 3052 1299 3100 errata
1335 3036 1629 3124 quaedam
1675 3036 2050 3117 hujusmodi
2092 3037 2159 3100 in
2204 3037 2357 3127 ipsis
2398 3038 2590 3101 etiam
2631 3036 2744 3099 ali-

613 3143 878 3230 quando
925 3142 1269 3222 inveniri),
1317 3142 1488 3204 malo
1526 3165 1678 3206 cum
1712 3142 1994 3230 antiquis
2029 3142 2207 3206 libris
2256 3165 2515 3225 errare,
2541 3164 2743 3230 quam

611 3250 813 3313 nimio
855 3270 1075 3312 amore
1116 3268 1335 3310 rerum
1386 3269 1712 3330 mearum,
1751 3247 2257 3337 arrogantiaeque
2303 3248 2586 3337 quodam
2623 3269 2741 3335 ge-

610 3378 765 3421 nere
812 3377 1020 3419 unum
1073 3368 1185 3417 aut
1241 3354 1518 3417 alterum
1575 3354 1794 3418 locum
1845 3352 2220 3436 emendare,
2267 3354 2431 3419 dum
2478 3371 2695 3431 tamen
2718 3401 2739 3434 ‚

609 3459 789 3549 quod
810 3461 930 3525 illis
948 3459 1253 3549 contigit,
1278 3460 1343 3523 in
1373 3460 1583 3524 multo
1611 3460 1903 3549 pluribus
1936 3460 2112 3524 labar
2137 3483 2212 3525 ac
2239 3483 2525 3548 peccem:
2561 3459 2746 3549 quod

606 3589 1146 3631 commemorasse
1182 3567 1364 3630 volui
1403 3568 1680 3632 instituti
1721 3567 1851 3631 mei
1886 3565 2282 3631 defendendi
2316 3590 2545 3648 causa,
2603 3589 2745 3630 non

608 3671 1096 3737 consuetudinis
1132 3673 1405 3737 aliorum
1454 3672 1861 3738 insectandas.
1900 3673 2123 3755 Quum
2156 3689 2375 3737 autem
2419 3673 2610 3754 olim,
2645 3673 2750 3734 in-

610 3775 924 3840 cumbens
956 3778 1024 3840 in
1062 3777 1230 3841 hanc
1262 3799 1518 3861 curam,
1551 3778 1692 3841 loca
1726 3777 1861 3840 fere
1905 3776 2119 3844 solum
2151 3780 2385 3843 harum
2420 3778 2745 3867 Epistola-

607 3903 790 3961 mm,
825 3903 970 3966 quae
1002 3881 1267 3947 videbar
1309 3883 1469 3946 mihi
1506 3883 1864 3947 restituisse
1885 3931 1902 3965 ,
1952 3883 2258 3949 brevibus
2295 3885 2545 3973 scriptis
2580 3884 2745 3948 meis

606 3985 1168 4074 comprobassem‚
1219 4006 1285 4051 et
1328 3989 1641 4054 nonnulla
1696 4011 1991 4077 quoque,
2044 3971 2188 4078 quae
2239 3991 2399 4054 mihi
2443 4006 2746 4078 suspecta

605 4109 788 4156 erant
812 4140 831 4173 ‚
865 4090 1305 4180 mendosaque
1346 4093 1752 4175 videbantur,
1806 4094 2228 4160 indicassem:
2283 4119 2403 4160 nec
2456 4097 2745 4161 multum
