3023 4773
620 350 757 424 528
1237 348 1334 417 M.
1386 347 1465 412 T.
1518 345 2099 415 CICERONIS

614 482 686 537 et
720 465 1074 561 Oppium,
1114 458 1546 554 dirumparis
1572 455 1769 547 licet)
1808 458 1881 525 in
1921 468 2472 526 monumentum
2516 452 2738 540 illud,

613 573 814 670 quod
841 587 922 642 tu
950 570 1197 641 tollere
1222 564 1555 637 laudibus
1576 565 1856 636 solebas
1874 618 1894 652 ,
1929 579 2013 634 ut
2036 563 2273 636 forum
2303 564 2741 651 laxaremus,

617 699 690 754 et
723 706 952 777 usque
993 679 1082 750 ad
1118 679 1379 749 atrium
1407 674 1788 746 Libertatis
1821 675 2370 772 explicaremus,
2410 689 2742 744 contem-

615 796 885 890 psimus
902 787 966 845 ⁷⁶
1004 789 1397 859 sexcenties
1423 789 1573 856 H-S
1608 812 1623 854 ε
1653 809 1817 856 cum
1859 786 2147 882 privatis
2165 795 2226 840 ⁷⁷
2258 810 2411 855 non
2454 798 2747 881 poterat

614 900 908 997 transigi
958 899 1238 968 minore
1284 895 1608 991 pecunia.
1668 892 2077 965 Efficiemus
2113 918 2267 964 rem
2318 892 2743 990 gloriosissi-

613 1035 827 1083 mam.
868 1012 1051 1080 Nam
1097 1010 1171 1076 in
1219 1028 1473 1101 campo
1525 1005 1786 1074 Martio
1839 1019 2037 1101 septa
2089 1003 2381 1074 tributis
2433 1006 2744 1074 comitiis

613 1142 1011 1193 marmorea
1044 1137 1294 1186 sumus
1318 1129 1393 1184 et
1416 1128 1602 1185 tecta
1633 1113 1886 1184 facturi
1910 1141 1930 1201 ς
1965 1138 2191 1211 eaque
2219 1117 2591 1209 cingemus
2611 1139 2744 1184 ex·

614 1232 798 1302 celsa
846 1228 1169 1326 porticu;
1229 1238 1312 1294 ut
1359 1224 1552 1295 mille
1604 1248 1949 1321 passuum
2006 1223 2451 1294 conficiatur.
2509 1223 2747 1293 Simul

616 1341 1043 1433 adjungetur
1067 1334 1239 1405 huic
1262 1335 1466 1430 operi
1501 1333 1665 1404 villa
1691 1335 1902 1404 etiam
1934 1332 2244 1430 publica.
2273 1334 2488 1404 Dices
2507 1387 2525 1419 ‚
2554 1332 2748 1428 quid

616 1449 794 1519 mihi
837 1446 979 1516 hoc
1019 1457 1579 1514 monumentum
1615 1440 1939 1540 proderit
1954 1439 2068 1511 7⁸?
2105 1441 2349 1531 Quid?
2385 1440 2640 1513 celabo
2665 1457 2748 1513 te

613 1583 729 1630 res
750 1554 1130 1628 romanas?
1166 1577 1317 1623 non
1346 1553 1535 1622 enim
1563 1567 1632 1621 te
1666 1565 1846 1647 puto
1875 1550 1966 1621 de
2001 1551 2228 1621 lustro
2248 1563 2336 1638 ⁷⁹,
2374 1550 2570 1648 quod
2588 1551 2748 1645 jam

617 1668 1073 1765 desperatum
1111 1676 1250 1749 est,
1308 1676 1432 1732 ant
1475 1661 1569 1733 de
1612 1660 1933 1757 judiciis,
1989 1685 2149 1758 quae
2199 1661 2354 1759 lege
2403 1655 2751 1731 Coctia&

617 1777 829 1860 fiant,
869 1797 1208 1871 quaerere.

715 1883 996 1957 ⁸¹Nunc
1030 1897 1099 1953 te
1129 1880 1494 1976 objurgari
1518 1895 1792 1977 patere,
1830 1882 1889 1951 si
1924 1881 2107 1975 jure.
2145 1879 2410 1950 Scribis
2439 1884 2635 1949 enim
2664 1883 2749 1950 in

539 2007 545 2016 '
618 1994 957 2092 epistola.
984 2015 1202 2089 quam
1230 1994 1311 2060 C.
1335 1991 1700 2060 Decimius
1714 1985 1778 2035 ⁸²
1811 1989 1987 2059 mihi
2014 1988 2350 2075 reddidit,
2385 1989 2751 2060 Buthroto

617 2105 890 2188 datam,
925 2105 999 2172 in
1043 2103 1278 2172 Asiam
1308 2098 1441 2171 tibi
1478 2098 1799 2169 eundum
1838 2123 2033 2181 esse,
2064 2113 2135 2169 te
2174 2096 2524 2168 arbitrari.
2563 2099 2747 2169 Mihi

617 2213 1028 2287 mehercule
1053 2209 1232 2280 nihil
1257 2206 1637 2279 videbatur
1664 2233 1841 2296 esse,
1870 2212 1946 2279 in
1967 2232 2114 2304 quo
2138 2207 2496 2278 tantulum
2523 2205 2754 2278 interss

1725 2485 1778 2531 L.
1809 2482 2002 2530 Valerio
2034 2484 2210 2539 Cotta,
2249 2481 2413 2530 Cottia
2441 2482 2620 2530 sactum
2648 2484 2748 2545 sit,

1725 2571 1781 2608 ut
1804 2561 1968 2609 eadem
1993 2562 2056 2609 sit
2075 2594 2090 2621 ‚
2119 2578 2228 2625 quae
2248 2561 2444 2609 Aurelia
2461 2598 2475 2622 ,
2497 2562 2631 2625 quod
2659 2566 2747 2611 vix

694 2489 780 2550 76.
816 2484 1205 2547 Contempsimus.
1232 2481 1292 2528 Id
1323 2492 1395 2529 est
1414 2515 1431 2541 ‚
1462 2481 1636 2529 libera-

618 2571 731 2618 liter
754 2563 1126 2627 insumpsimus,
1162 2571 1208 2607 et
1239 2561 1373 2623 quasi
1409 2561 1639 2624 profudi-

621 2664 728 2696 mus
756 2644 933 2692 centies
960 2641 1229 2688 sestertium
1259 2640 1308 2685 in
1334 2640 1641 2688 mouumeuti

621 2727 751 2776 illius
769 2719 1151 2771 aedificationem.
1178 2720 1375 2766 Bosms.

696 2821 779 2866 77.
817 2802 931 2851 Cum
959 2798 1181 2862 privatis.
1224 2799 1323 2860 Qui
1362 2797 1641 2845 vendebant

620 2899 794 2934 aream.
815 2882 973 2929 Coun.
992 2905 1064 2915 —
1077 2880 1287 2925 Faernus
1304 2875 1495 2924 delebat
1507 2892 1607 2923 non
1621 2911 1637 2938 ,

622 2961 955 3013 auctoritatem
977 2967 1208 3019 sequutus
1229 2956 1404 3004 veteris
1421 2954 1551 3002 libri.

694 3043 775 3104 78.
787 3036 979 3089 Schiitz.
989 3046 1262 3099 suspectum
1280 3035 1424 3084 babet
1438 3032 1640 3080 verbum

615 3120 852 3189 proderit.
874 3118 926 3164 J.
945 3118 1009 3163 V.
1037 3116 1090 3163 L.

691 3216 777 3268 79.
805 3200 993 3244 Lusa-0.
1030 3193 1263 3240 Censores
1297 3201 1410 3254 post
1441 3205 1638 3236 censum

620 3282 801 3332 Urbem
838 3270 1139 3322 lustrabant:
1180 3267 1268 3316 sed
1305 3284 1500 3316 censum
1518 3302 1532 3326 ,
1560 3268 1639 3315 lu-

619 3370 865 3421 strumque
891 3350 1035 3399 simul
1055 3349 1239 3397 tribuni
1264 3348 1418 3412 plebis
1445 3348 1638 3395 obnun-

619 3436 903 3492 tiationibus
947 3428 1292 3494 impediebant.
1337 3428 1494 3491 Epist.
1557 3442 1637 3475 ιο.

616 3526 757 3572 Min.
789 3542 858 3554 -
888 3513 972 3561 Sic
1018 3510 1072 3556 in
1107 3523 1341 3556 marmore
1376 3509 1642 3572 Ancyrano

621 3606 868 3663 Augustus
909 3604 922 3639 t
972 3611 998 3631 α
1027 3591 1252 3635 Lustrum
1296 3597 1411 3650 post
1456 3601 1637 3632 annum

618 3670 1035 3744 quadragesimum
1064 3667 1157 3713 feci
1190 3688 1215 3707 υ
1233 3701 1249 3725 ,
1286 3681 1437 3728 quum
1477 3676 1636 3712 tamen

619 3761 799 3807 interea
829 3748 1066 3813 temporis
1092 3760 1311 3792 censores
1341 3744 1539 3792 fuerint.
1572 3745 1634 3791 H.

620 3835 784 3886 Neris.
829 3829 882 3875 iu
909 3828 1183 3875 Comment.
1227 3823 1290 3871 ad
1336 3821 1637 3885 cenotaphia

624 3916 813 3966 Pisana.

696 3993 775 4036 80.
794 3983 972 4033 Coctia.
992 3984 1115 4038 Alii,
1137 3982 1325 4037 Plotia,
1343 3998 1453 4044 quae
1470 3996 1639 4045 parum

623 4064 852 4120 convenit
869 4096 884 4121 ,
911 4071 959 4107 et
996 4061 1163 4108 Coctia
1194 4060 1325 4107 nulla
1358 4072 1428 4107 est
1451 4075 1465 4108 :
1497 4060 1591 4107 nIsi
1612 4077 1642 4106 a

1725 2650 1863 2703 puto,
1904 2642 2127 2688 Mamur.
2168 2666 2237 2676 ——
2283 2640 2403 2687 Nou
2452 2652 2551 2687 erat
2593 2658 2745 2705 quare

1724 2718 1995 2783 malaspina
2035 2718 2302 2777 dubitaret,
2345 2734 2372 2765 a
2416 2720 2561 2768 Cotta
2597 2738 2745 2785 posse

1729 2797 1941 2845 Coe-tiam
1960 2797 2072 2845 dici.
2099 2797 2223 2845 Nam
2243 2797 2415 2845 eodem
2434 2799 2583 2846 modo
2605 2817 2633 2847 a
2652 2802 2746 2848 Re-

1726 2876 1842 2940 gulo
1859 2875 2023 2923 Cottio
2041 2876 2246 2940 Alpium
2263 2893 2376 2941 pars
2398 2878 2577 2926 dicitur
2590 2878 2747 2943 Alpes

1729 2953 1969 3001 Cottiana-
2003 2965 2050 3001 et
2087 2955 2329 3003 Coceim
2365 2955 2496 3020 apud
2523 2959 2746 3005 Tacitum

1726 3033 1857 3081 Hist.
1875 3035 1966 3092 IV,
1983 3034 2068 3081 68.
2086 3036 2302 3082 Ennasr.
2321 3038 2481 3083 —Ex
2499 3035 2746 3084 literarum

1728 3112 2026 3170 charactere,
2053 3124 2102 3160 et
2125 3114 2194 3160 rei
2218 3114 2424 3162 veritate
2448 3115 2748 3179 deprehendi

1727 3191 1982 3255 legendum
2029 3190 2179 3238 Coelia
2194 3224 2211 3250 ‚
2257 3203 2306 3239 et
2348 3192 2554 3257 intelligi
2591 3195 2751 3257 legem

1729 3270 2020 3323 tabellarium
2041 3271 2090 3317 in
2113 3270 2461 3334 perduellionis
2488 3274 2629 3319 etiam
2652 3274 2752 3320 cri-

1727 3350 1885 3408 mine,
1933 3349 1994 3397 de
2031 3365 2126 3412 qua
2167 3349 2408 3397 videndus
2445 3351 2645 3413 Pighius
2682 3351 2753 3399 ad

1727 3445 1906 3476 annum
1933 3429 2083 3475 Urbis
2105 3430 2226 3483 646.
2253 3431 2301 3476 J.
2334 3432 2385 3476 F.
2413 3430 2647 3478 Gronov.
2676 3456 2753 3466 —

1730 3507 1812 3555 Al.
1835 3509 1961 3555 Mss
1984 3505 2174 3555 Cincio.
2200 3509 2249 3556 J.
2269 3506 2331 3554 V.
2359 3510 2413 3554 L.

1803 3589 1886 3636 81.
1917 3590 2101 3634 Rursus
2126 3586 2230 3633 baec
2251 3597 2427 3635 temere
2453 3587 2755 3651 irrepserunt

1725 3666 1778 3712 in
1795 3665 1926 3713 hune
1945 3665 2107 3713 locum
2117 3699 2133 3722 ‚
2154 3666 2227 3712 vel
2242 3701 2256 3722 ,
2272 3676 2327 3713 ut
2350 3676 2482 3730 patet
2499 3683 2560 3713 ex
2578 3667 2757 3714 itinere

1725 3745 1776 3791 in
1790 3746 2030 3805 Asiam,et
2041 3746 2334 3810 Eutychidis
2350 3747 2754 3804 manumissione,

1725 3823 1926 3885 epistola
1977 3823 2036 3869 15
2087 3834 2201 3888 post
2242 3824 2368 3873 bane
2413 3827 2593 3889 scripta
2637 3825 2755 3873 fuit.

1726 3902 1758 3949 J
1763 3935 1778 3949 .
1802 3904 1862 3950 V.
1893 3905 1945 3950 L.

1799 3982 1881 4028 82.
1909 3981 2165 4035 Decimius.
2194 3985 2394 4033 Rectius
2422 3985 2576 4043 forte,
2605 3984 2757 4030 Deci-

1728 4076 1850 4108 mus.
1869 4063 1916 4109 J.
1933 4063 1996 4107 V.
2015 4064 2067 4109 L.
