3023 4773
585 455 608 472 Q
614 454 1314 475 §ssnmmmmm352
1320 456 2055 478 nfflmmmmmmwss
2061 460 2613 484 mmm—”mm
2622 465 2712 484 m

804 655 1536 763 LEONARDI
1615 659 1739 762 M
1745 658 2366 766 ALAESPIN
2374 665 2490 765 AE

1303 883 1362 957 P
1383 882 1565 959 RAE
1586 883 1811 961 FAT
1832 884 1866 960 1
1890 882 1988 961 o.

576 1228 674 1331 N
683 1286 766 1328 on
803 1284 976 1325 eram
1015 1260 1269 1323 nescius
1289 1306 1307 1339 ,
1339 1259 1565 1341 lector,
1594 1284 1799 1347 quum
1833 1259 2118 1349 primum
2142 1262 2369 1328 induxi
2391 1265 2706 1349 animum,

573 1387 648 1434 ut
694 1368 763 1431 in
815 1366 916 1430 his
969 1365 1270 1453 Epistolis
1317 1364 1407 1427 M.
1461 1366 1659 1429 Tullii
1714 1368 2043 1431 Ciceronis
2099 1366 2183 1432 ad
2241 1370 2522 1435 Atticum
2544 1420 2562 1453 ,
2606 1373 2710 1435 vel

569 1472 1016 1553 emendandis»,
1040 1470 1563 1564 velexplicandis
1601 1471 1993 1535 elaborarem
2020 1497 2053 1537 ε.
2076 1497 2271 1562 quam
2312 1475 2567 1540 difficile
2598 1500 2703 1540 ar-

567 1580 902 1667 duumque
934 1577 1269 1666 negotium
1292 1625 1309 1657 ,
1339 1599 1535 1663 quam
1571 1577 1762 1640 etiam
1791 1578 2207 1662 invidiosum,
2236 1582 2703 1669 calumniaeque

567 1687 931 1766 subjectum
984 1682 1398 1771 susciperem.
1467 1682 1803 1771 Namque,
1863 1700 1939 1747 ut
1988 1686 2282 1750 omittam
2304 1735 2321 1768 ,
2383 1704 2704 1774 quantum

566 1794 723 1857 mihi
747 1841 763 1873 ,
804 1793 936 1873 jam
969 1805 1108 1853 tum
1143 1790 1361 1852 animo
1401 1790 1868 1876 prospicerem,
1906 1791 2323 1856 subeundum
2357 1816 2493 1857 esse
2522 1793 2705 1857 labo-

564 1901 687 1981 ris,
737 1900 804 1961 in
850 1894 1310 1983 conquirendis
1345 1894 1643 1983 undique
1680 1898 2261 1986 comparandisque
2299 1900 2570 1963 vetustis
2617 1900 2700 1963 li-

564 2006 731 2087 bris,
767 2025 1049 2091 quorum
1089 2017 1186 2065 est
1212 2001 1439 2089 ingens
1474 2001 1693 2088 inopia
1727 2003 2077 2090 praesertim
2110 2002 2473 2068 bonorum:
2502 2028 2703 2092 quan·

564 2129 703 2176 tum
734 2132 945 2198 operae
978 2108 1043 2171 in
1074 2106 1175 2170 his
1204 2129 1342 2170 uno
1371 2122 1665 2194 tempore
1684 2155 1701 2189 ,
1734 2131 1868 2171 non
1897 2107 2095 2172 modo
2118 2108 2541 2198 perlegendis,
2561 2110 2698 2192 sed,

562 2213 743 2304 quod
792 2231 890 2278 est
935 2212 1406 2292 subodiosum,
1450 2213 1623 2276 inter
1659 2236 1726 2276 se
1773 2214 1965 2276 etiam
2007 2213 2421 2278 conferendis
2461 2238 2701 2279 consu-

560 2319 871 2385 mendum
902 2343 915 2384 ε
951 2318 1146 2402 illud,
1171 2334 1491 2406 quantum
1521 2318 1722 2383 videri
1750 2318 2012 2404 debuit,
2035 2344 2230 2409 quam
2259 2322 2699 2409 periculosum

556 2451 630 2491 ac
654 2426 1003 2507 lubricum,
1024 2427 1090 2488 in
1115 2448 1369 2488 summa
1394 2426 1747 2490 lectionum
1766 2429 2089 2510 varietate,
2117 2428 2415 2492 varietate
2435 2430 2700 2494 autem?

559 2532 840 2598 foeditate
883 2555 957 2597 ac
1005 2530 1416 2596 deformitate
1437 2579 1456 2612 ,
1504 2532 1605 2595 vel
1640 2549 1811 2597 recta
1843 2557 1917 2598 ac
1950 2557 2141 2621 prava
2177 2533 2558 2619 dijudicare,
2594 2537 2698 2600 vel

559 2639 897 2727 depravata
931 2637 1284 2726 corrigere,
1323 2621 1641 2724 suamque
1676 2638 1811 2719 his,
1859 2638 2077 2726 quoad
2108 2640 2243 2720 ejus
2278 2641 2416 2704 fieri
2443 2658 2696 2729 potest,

556 2746 834 2835 speciem
871 2742 1250 2826 restituere,
1274 2761 1387 2808 aut
1419 2767 1561 2807 eam
1588 2761 1761 2807 certe
1793 2746 2223 2811 adumbrare?
2253 2749 2536 2812 Tantum
2568 2750 2698 2813 sci-

558 2853 744 2932 licet,
777 2866 1096 2939 quantum
1133 2851 1177 2913 ii
1215 2849 1413 2914 modo
1459 2848 1866 2938 intelligunt,
1906 2853 2019 2939 qui
2053 2869 2208 2916 sunt
2241 2854 2308 2916 in
2349 2854 2469 2918 hac
2499 2878 2695 2919 arena

557 2956 905 3048 aliquando
946 2958 1197 3022 versati.
1235 2958 1325 3022 Ut
1369 2973 1466 3022 est
1505 2958 1681 3021 enim
1714 2955 1938 3039 dulce,
1987 2959 2167 3047 quod
2198 2960 2324 3024 dici
2358 2963 2552 3044 solet,
2585 2964 2694 3026 in-

554 3065 831 3155 expertis
862 3063 1102 3129 bellum
1123 3114 1141 3146 ,
1177 3065 1265 3128 ita
1293 3064 1396 3145 iis,
1436 3063 1550 3151 qui
1578 3063 1708 3128 hoc
1740 3064 2110 3130 luctationis
2135 3089 2339 3155 genus
2376 3090 2510 3131 non
2540 3069 2695 3132 atti-

552 3189 816 3262 gerunt,
867 3170 1061 3235 ludus
1115 3170 1381 3234 sortasse
1429 3168 1722 3232 videatur
1762 3185 1827 3234 et
1870 3170 2086 3254 jocus,
2134 3194 2213 3235 ex
2251 3172 2494 3261 quidem
2532 3177 2685 3254 erit,

549 3278 711 3368 quid
737 3282 952 3341 emerit
972 3301 996 3339 .·
1023 3299 1101 3339 ex
1126 3276 1414 3355 sciebam,
1436 3277 1707 3340 scribam
1723 3300 1746 3339 .·
1774 3299 1853 3341 ex
1883 3279 1962 3341 sic
1997 3279 2131 3358 tibi,
2161 3281 2429 3365 syttt'boe‚
2453 3279 2685 3343 facere.

550 3388 922 3449 Tantumne
954 3397 1078 3463 est,
1136 3381 1486 3468 inquiunt,
1538 3383 1622 3468 in,
1653 3385 1848 3448 unius
1889 3384 2197 3459 litet-ulae,
2239 3401 2351 3449 aut
2397 3385 2692 3473 syllaboe,

549 3493 651 3556 vel
683 3473 1076 3570 mutatione,
1107 3488 1208 3552 vel
1246 3489 1653 3573 trajectione,
1682 3491 1781 3553 vel
1814 3489 2208 3572 adjectione,
2244 3492 2539 3581 negotii?
2582 3493 2695 3558 sic

551 3597 677 3677 illi,
710 3613 904 3684 puto,
946 3618 1151 3685 quum
1184 3594 1403 3658 locum
1440 3595 1872 3660 emaculatum
1914 3597 2085 3660 nacti
2128 3597 2389 3661 suerint.
2428 3597 2691 3678 Quibus

549 3726 707 3793 ege,
734 3726 816 3767 ne
849 3702 1096 3766 diutius
1131 3701 1441 3790 opinione
1468 3701 1792 3783 fallantur,
1811 3703 2230 3766 vehementer
2261 3719 2489 3766 auctor
2512 3725 2692 3786 sum,

547 3826 625 3874 ut
655 3809 875 3872 locum
910 3808 1031 3871 sibi
1078 3808 1199 3896 ipsi
1240 3808 1519 3894 aliquem
1555 3807 1717 3871 male
1745 3808 2050 3872 affectum
2083 3825 2490 3897 proponant:
2525 3833 2695 3899 sup-

546 3913 933 4003 peditabunt
978 3914 1020 3976 ii
1065 3913 1250 3993 libri,
1295 3914 1398 3977 vel
1450 3914 1582 3977 DC.
1625 3913 1690 3976 in
1727 3936 1860 4001 quo
1891 3915 2256 4003 periculum
2294 3914 2533 3978 faciant
2579 3917 2690 3980 sui

542 4018 803 4110 ingenii.
825 4018 1151 4100 Sentient,
1185 4021 1478 4105 profecto
1511 4020 1827 4101 sentient,
1867 4042 2063 4107 quam
2100 4020 2219 4085 sibi
2253 4021 2532 4085 inaniter
2561 4021 2691 4109 ipsi

541 4122 939 4192 subblanditi
970 4122 1254 4187 fuerint:
1300 4147 1496 4211 quam
1531 4148 1712 4190 suam
1744 4124 1826 4190 de
1868 4148 1937 4190 se
1973 4126 2095 4214 ipsi
2134 4127 2684 4216 exspectationem
