3023 4773
2319 271 2350 282 κ

510 400 1039 473 EPISTOLAE
1089 404 1226 469 AD
1277 401 1778 486 ATTICUM,
1818 402 1996 485 VII,
2061 403 2167 485 14.
2255 399 2393 497 677

1331 569 1785 595 mmmm

2066 575 2160 593 Μ’
2180 573 2402 593 “mm

873 573 1053 593 m

264 574 599 597 ΜἏὶΜἊ

876 740 1476 821 EPISTOLA
1543 743 1784 822 XIV.

264 899 353 954 De
386 893 669 952 mandatis
704 895 944 967 Caesaris
984 893 1056 951 ad
1087 896 1457 986 Pompeium3
1490 895 1564 953 de
1606 895 1729 973 ejus
1771 895 2218 973 gladiator-ihm,
2251 917 2399 976 quos

342 992 557 1068 Capuae
577 988 894 1061 habuerat3
923 989 996 1046 de
1026 1010 1208 1048 uxore
1232 1006 1291 1049 et
1309 991 1425 1049 filia
1462 1005 1526 1049 nt
1557 998 1741 1051 Roma
1769 1005 1976 1052 exeant
2004 992 2394 1052 cohortandis.

344 1086 632 1165 (Calibus,
665 1105 818 1144 anno
845 1090 917 1150 U.
943 1087 1004 1143 C.
1034 1094 1175 1158 704,
1205 1107 1398 1145 mense
1419 1087 1735 1164 januar-ie.)

945 1247 1263 1320 CICERO
1308 1248 1629 1313 ATTICO
1673 1250 1735 1313 S.

360 1377 440 1444 A.
486 1372 556 1450 d.
613 1396 684 1442 v1
721 1370 861 1446 kal.
905 1367 1087 1441 febr.
1146 1374 1465 1468 Capuam
1514 1371 1846 1445 Calibus¹
1896 1374 2390 1472 proficiscenS,

264 1507 491 1583 quum
546 1483 836 1553 leviter²
877 1480 1262 1578 lippirem,
1316 1482 1443 1552 has
1493 1482 1732 1554 literas
1777 1482 1964 1556 dedi.
2026 1491 2107 1556 L.
2165 1492 2398 1560 Caesar

264 1593 598 1670 mandata
632 1591 921 1666 Caesaris
962 1590 1223 1662 detulit
1261 1590 1350 1662 ad
1392 1595 1818 1690 Pompeium
1862 1619 1922 1670 a.
1963 1595 2029 1666 d.
2067 1623 2197 1669 v111
2222 1598 2394 1688 kal„

266 1727 496 1800 quum
530 1702 588 1771 is
622 1715 808 1780 esset
845 1724 1011 1771 cum
1055 1699 1475 1773 consulibus
1517 1703 1756 1787 Teani.
1798 1704 2108 1796 Probata
2144 1708 2397 1779 condi-

265 1815 366 1883 tio
391 1826 530 1899 est,
574 1810 698 1883 sed
729 1815 854 1896 ita,
898 1825 981 1881 ut
1019 1809 1135 1881 ille
1162 1810 1298 1880 de
1281 1812 1366 1881 iis
1393 1811 1721 1909 oppidis,
1774 1839 1935 1910 quae
1968 1832 2164 1888 extra
2188 1844 2394 1891 suam

260 1923 719 2021 provinciam
761 1924 1298 2017 occupavisset,
1346 1921 1672 2018 praesidia
1734 1922 2287 2003 deduceret.1d
2336 1932 2396 2000 si

224 2103 233 2112 ,
262 2032 546 2104 fecisset
565 2055 1033 2128 ,responsum
1066 2045 1211 2119 est,
1238 2027 1327 2100 ad
1354 2028 1628 2100 Urbem
1659 2057 1795 2107 nos
1830 2033 2185 2107 redituros
2206 2063 2358 2110 esse
2378 2095 2397 2128 ,

263 2157 334 2214 et
365 2167 519 2213 rem
551 2166 681 2239 per
708 2155 1034 2211 senatum
1068 2136 1544 2211 confecturos.
1581 2143 1808 2235 Spero
1842 2139 2134 2241 [esse]
2119 2170 2190 2214 ln
2220 2171 2395 2243 prae-

263 2257 494 2337 sentia
537 2276 812 2350 pacem
841 2273 974 2320 nos
1034 2237 1319 2320 habere.
1377 2251 1562 2320 Nam
1602 2263 1672 2320 et
1713 2249 1917 2319 illum
1963 2250 2276 2339 furoris,
2321 2270 2396 2327 et

263 2345 463 2435 hunc
512 2378 841 2433 nostrum
896 2360 1265 2459 copiarum
1332 2363 1802 2457 suppoenitet.
1848 2363 1966 2431 Me
2008 2365 2394 2489 Pompeius

262 2478 583 2572 Capuam
619 2476 868 2543 venire
905 2472 1163 2558 voluit,
1215 2484 1286 2541 et
1315 2470 1652 2564 adjuvare
1691 2468 2104 2544 delectum:
2089 2476 2210 2544 ·in
2239 2501 2389 2572 quo

260 2610 515 2681 parum
568 2584 843 2681 prolixe
885 2579 1328 2678 respondent
1377 2579 1726 2676 Campani
1782 2579 2042 2651 coloni.
2081 2583 2392 2654 ‘Gladia-

259 2708 457 2765 tores
495 2696 819 2780 Caesaris,
847 2692 974 2789 qui
1010 2695 1269 2787 Capuae
1306 2703 1510 2776 sunt,
1550 2689 1640 2759 de
1687 2689 1954 2786 quibus
1990 2707 2155 2762 ante
2187 2692 2277 2763 ad
2316 2709 2386 2764 te

258 2801 516 2873 falsum
554 2829 642 2874 ex
675 2801 1018 2899 Torquati
1057 2800 1279 2870 literis
1315 2800 1770 2896 scripseram,
1802 2826 1970 2871 sane
2008 2803 2396 2876 commode

257 2912 642 3009 Pompeius
683 2910 1089 2996 distribuit,
1124 2908 1337 2979 binos
1385 2907 1682 3004 singulis
1725 2909 2048 3006 patribus
2087 2910 2384 2985 familia-

256 3046 439 3093 rum.
499 3018 930 3097 Scutorum.³
973 3022 1048 3089 in
1089 3016 1316 3111 ludo4
1367 3041 1480 3087 100
1535 3014 1831 3087 suerunt
1873 3047 1888 3089 :
1929 3026 2379 3118 eruptionem

332 3203 352 3233 1
367 3223 381 3235 .
422 3185 634 3234 Calibus.
675 3173 813 3235 Cales
850 3184 1086 3249 oppidum
1123 3185 1275 3234 medi-

259 3277 528 3316 terr-neum
556 3264 849 3328 Campaniae.
878 3265 1049 3312 θην.

326 3362 379 3394 2.
407 3342 487 3397 Al.
505 3344 733 3410 fluenter.
760 3344 793 3390 J
800 3379 813 3391 .
836 3346 898 3390 V.
920 3344 978 3391 L.

328 3426 377 3472 3.
410 3426 750 3487 Sequutorum.
787 3422 1153 3482 Gladiatorum,
1188 3425 1276 3488 qui

1363 3196 1521 3234 terant
1536 3221 1552 3248 ,
1577 3184 1752 3249 quibus
1774 3184 2063 3248 gladiatores
2079 3187 2171 3251 ipsi
2188 3222 2203 3247 ,
2228 3200 2275 3237 et
2295 3190 2381 3253 qui

1364 3280 1477 3312 cum
1500 3265 1597 3312 illis
1621 3264 2065 3333 sentiebantparati
2081 3302 2096 3326 ,
2127 3254 2382 3332 ornatique

1364 3361 1615 3409 erumpere
1628 3344 1922 3410 cogitabant.
1942 3348 2097 3395 Coun.
2112 3374 2182 3384 -——
2196 3350 2386 3398 Primus

1361 3423 1489 3471 hanc
1513 3440 1681 3472 vocem
1706 3435 2013 3489 sequanorum
2032 3459 2047 3483 ‚
2082 3426 2162 3474 hic
2189 3429 2385 3493 scripsit

255 3513 540 3566 sequntores
566 3514 816 3551 vocantur.
852 3502 972 3561 Alii,
999 3513 1271 3561 scutorum,

256 3581 392 3646 qnod
425 3583 576 3647 magis
605 3581 794 3646 probo„
827 3593 929 3629 tum
960 3582 1072 3645 qnia
1100 3582 1270 3630 Cicero

257 3676 518 3729 nusquam,
535 3660 668 3723 quod
685 3662 829 3708 sciam
841 3696 856 3720 ,
872 3661 967 3725 hoe
982 3660 1271 3708 vocabulum

254 3743 533 3802 usurpavit,
561 3751 609 3786 et
632 3755 783 3802 quum
802 3740 1097 3805 gladiatores
1121 3740 1272 3787 dixis·

258 3829 330 3867 set
345 3852 359 3877 ,
376 3835 476 3866 non
496 3829 597 3866 erat
613 3818 840 3866 hocloco
855 3855 870 3878 ,
889 3836 976 3867 cur
993 3831 1271 3883 sequutores

257 3898 482 3946 adderet:
506 3909 607 3945 tum
635 3898 746 3961 quia
768 3899 1023 3949 verisimile
1048 3915 1147 3948 non
1175 3907 1269 3956 est,

257 3979 492 4026 caesarem
528 3977 742 4041 quinque
775 3990 1087 4040 sequntorum
1122 3977 1271 4024 millia

253 4068 435 4121 preter
489 4058 706 4104 retiarius
762 4059 814 4104 in
855 4057 975 4105 ludo
1025 4059 1270 4106 habuisse.

257 4138 516 4186 Scutornxn
540 4152 659 4186 vero
684 4135 831 4185 millia
864 4136 1016 4186 multa
1050 4154 1152 4187 esse
1179 4154 1273 4202 po-

1363 3503 1609 3550 Vietorius
1625 3540 1639 3565 ,
1664 3520 1814 3567 quum
1839 3514 1977 3551 antea
2011 3504 2249 3568 legeretur
2274 3523 2385 3554 scu·

1359 3594 1533 3631 eorum.
1565 3582 1661 3629 Sed
1692 3599 1718 3628 a
1740 3584 1961 3633 victorio
1994 3583 2065 3630 sic
2097 3600 2268 3644 omnes
2303 3603 2383 3642 ee·

1359 3661 1466 3709 teri.
1509 3663 1658 3732 Erant
1681 3672 1844 3727 antem
1859 3697 1878 3722 a
1901 3662 2063 3725 inquit
2092 3665 2341 3735 Manutius
2359 3701 2376 3727 ,

1356 3751 1632 3802 sequueores
1644 3751 1690 3787 et
1700 3740 2017 3805 myrngillones
2029 3741 2193 3801 iidem,
2202 3746 2379 3810 quibus

1367 3820 1744 3883 opponebantur
1775 3819 1977 3866 retiarii,
2020 3822 2138 3870 Vid.
2175 3825 2375 3889 Onuph.

1356 3898 1561 3964 Panyin.
1582 3898 1748 3965 lib-„de
1769 3898 1918 3963 Ludis
1945 3899 2267 3957 Circensibus.

1428 3984 1476 4032 4.
1492 3979 1553 4023 ln
1569 3976 1703 4024 Indo.
1727 3979 1784 4023 In
1807 3977 2057 4042 disciplina
2072 3980 2347 4030 lanistarum
2362 4018 2376 4041 ,

1357 4073 1385 4103 a
1409 4055 1587 4121 quibus
1612 4055 1682 4125 ad·
1699 4055 2034 4119 gladiatoriam
2057 4059 2374 4109 institueban-

1361 4146 1457 4185 tur.
1485 4136 1712 4184 must.
