3023 4773
703 412 838 497 542

1344 411 1447 477 Μ.
1499 411 1576 476 Τ.
1630 411 2182 480 CICERONIS

701 550 775 606 et
835 531 1205 619 infirmuS‚
1277 545 1351 602 et
1420 546 1568 602 tam
1627 529 1879 627 longe,
1943 546 2015 602 et
2072 533 2536 617 HortensiuS‚
2601 558 2830 630 quum

697 648 1007 714 maxima
1056 656 1399 740 prae-terea
1462 640 1896 724 multitude,
1951 641 2071 711 ille
2125 667 2277 712 non
2332 645 2579 713 venit?
2633 649 2830 728 Non,

697 757 1017 851 inquam.
1075 755 1241 823 Non
1297 751 1535 823 vidisti
1594 753 1814 848 igitur
1860 751 2269 837 hominem,
2313 752 2642 849 inquies?
2688 758 2826 846 Qui

696 867 909 961 potui
952 887 1100 931 non
1149 861 1436 947 videre,
1486 885 1716 956 quum
1765 886 1897 958 per
1946 864 2352 960 emporium
2398 864 2828 936 Puteolano·

692 996 857 1042 rum
905 972 1043 1041 iter
1096 968 1456 1040 facerem?
1516 971 1591 1039 in
1647 995 1797 1067 quo
1849 970 2088 1058 illum,
2137 986 2468 1069 agentem
2518 975 2828 1070 aliquid,

692 1083 949 1169 cred0‚
988 1081 1329 1164 salutavi3
1369 1096 1622 1178 postea
1669 1081 1813 1176 jam
1851 1082 2075 1176 jussi4
2121 1081 2392 1170 valere,
2435 1108 2664 1180 quum
2716 1111 2829 1157 me

693 1218 1006 1292 expense
1035 1217 1075 1264 e
1106 1217 1230 1262 sua
1261 1190 1427 1262 villa
1448 1188 1500 1279 ⁵,
1529 1192 1892 1290 numquid
1925 1191 2217 1280 vellem,
2244 1208 2586 1290 rogasset.
2619 1200 2831 1268 Hunc

691 1304 1061 1375 hominem
1098 1327 1351 1399 parum
1383 1318 1668 1400 gratum
1703 1303 2088 1400 quisquam
2125 1304 2382 1400 putet?
2421 1320 2545 1376 aut
2577 1331 2727 1376 non
2758 1312 2830 1377 in

689 1439 778 1486 eo
812 1415 971 1511 ipso
1003 1412 1445 1484 laudandum
1468 1468 1487 1501 ‚
1527 1413 1723 1511 quod
1761 1414 1995 1484 audiri
2033 1439 2184 1484 non
2224 1415 2619 1487 laborarit?

783 1524 921 1596 Sed
961 1524 1179 1595 redeo
1218 1522 1308 1594 ad
1348 1524 1548 1594 illud.
1595 1525 1762 1594 Noli
1806 1539 2063 1621 putare
2102 1524 2278 1595 mihi
2322 1526 2530 1596 aliam
2574 1551 2830 1598 conso·

689 1634 1033 1705 lationem
1092 1658 1243 1706 esse
1303 1633 1522 1729 hujus
1580 1635 1892 1730 ingentis
1955 1632 2373 1722 molestiae⁶‚
2434 1636 2574 1706 nisi
2628 1636 2830 1733 quod

689 1769 902 1842 spero
951 1769 1101 1814 non
1155 1741 1557 1841 longiorem
1612 1767 1855 1818 annua
1904 1742 2082 1815 fore.
2133 1750 2289 1816 Hoc
2341 1767 2457 1814 me
2504 1747 2606 1815 ita
2651 1746 2835 1817 velle

691 1856 900 1926 multi
967 1879 1117 1925 non
1179 1852 1529 1940 credunt,
1586 1877 1674 1924 ex
1725 1853 2253 1927 consuetudine
2307 1853 2639 1925 aliorum.
2684 1859 2832 1940 Tu,

687 1967 816 2064 qui
849 1970 1018 2050 sciS‚
1055 1989 1349 2035 ornnem
1383 1961 1826 2059 diligentiam
1866 1963 2244 2035 adhibebis
2268 2017 2288 2050 ‚
2332 1978 2486 2033 tum
2528 1963 2835 2041 scilicet.

688 2101 920 2174 quum
948 2075 1020 2146 id
1056 2077 1166 2172 agi
1206 2072 1520 2145 debebit.
1566 2077 1813 2164 Quum
1852 2100 1937 2146 ex
1973 2078 2194 2173 Epiro
2229 2073 2572 2160 redieri5‚
2606 2073 2702 2144 de
2728 2101 2838 2146 re-

687 2185 981 2285 publica
1017 2183 1286 2258 scribas
1315 2182 1403 2255 ad
1433 2208 1552 2254 me
1584 2186 1834 2271 velim,
1863 2186 1919 2256 si
1949 2184 2126 2282 quid
2156 2186 2294 2256 erit
2314 2240 2334 2272 ‚
2367 2184 2568 2281 quod
2601 2209 2836 2283 oppe-

685 2300 894 2368 riare.
952 2296 1343 2371 Nondum⁷
1407 2298 1604 2365 enim
1661 2298 1826 2367 satis
1881 2296 2028 2368 huc
2077 2312 2228 2369 erat
2268 2295 2600 2381 allatum,
2647 2321 2839 2394 quo·

688 2406 911 2477 modo
951 2411 1183 2477 Caesar
1213 2403 1434 2476 ferret
1468 2404 1561 2476 de
1598 2411 2024 2479 auctoritate
2055 2409 2485 2506 perscripta3
2530 2423 2838 2506 eratque

684 2631 905 2669 moneret
926 2632 940 2667 ε
964 2618 1102 2682 qnod
1121 2614 1270 2665 Rufio
1297 2616 1521 2677 nolebat,
1539 2628 1595 2666 nt
1626 2616 1712 2683 qni

682 2718 734 2748 sc
762 2716 864 2748 non
892 2700 1071 2747 bonam
1102 2697 1280 2745 habere
1308 2714 1499 2746 causam
1528 2699 1708 2747 intelli-

680 2789 813 2844 geret
824 2780 869 2845 );
888 2778 1136 2825 bominem
1156 2787 1489 2840 stratagemate
1511 2777 1707 2826 fefellit:

682 2876 792 2908 nam
812 2859 877 2907 ad
895 2859 1181 2907 Ciceronem
1199 2873 1301 2904 non
1321 2858 1536 2906 accessit.
1563 2860 1709 2905 Hunc

681 2940 854 2988 Cicero
874 2939 1196 3002 gratissimum
1219 2937 1315 2985 sibi
1334 2936 1525 2995 fecisse,
1554 2937 1677 2984 dicit
1692 2970 1709 2996 ‚

684 3018 820 3082 quod
846 3019 907 3066 de
933 3017 1261 3067 controversia
1289 3017 1448 3065 audiri
1473 3015 1708 3075 nolucrit,

678 3096 729 3145 id
757 3109 856 3160 est,
882 3097 1019 3162 qnod
1046 3097 1108 3144 ad
1141 3114 1193 3146 ac
1229 3096 1467 3144 arbitrum
1495 3111 1598 3142 non
1625 3111 1709 3143 ac·

680 3179 900 3234 cesserit,
921 3186 982 3224 nt
998 3175 1060 3223 de
1081 3175 1437 3230 controversia,
1462 3189 1607 3237 qnam
1625 3175 1710 3222 ha-

678 3257 829 3306 bebat
872 3271 987 3303 cnm
1012 3254 1273 3312 Vestorio,
1312 3254 1612 3318 transigeret.
1648 3256 1708 3302 In

680 3352 780 3401 qno
795 3334 931 3399 qnasi
951 3333 1151 3396 gratiam
1174 3332 1350 3380 referre
1372 3333 1601 3382 Ciceroni
1614 3348 1708 3399 pro

677 3426 882 3479 accepto
901 3409 1138 3461 beneficio
1160 3413 1293 3459 visus
1311 3422 1383 3460 eat
1397 3448 1412 3472 ,
1438 3412 1575 3476 qnod
1597 3429 1707 3461 enm

677 3493 907 3542 audiendi
927 3492 1147 3541 molestia
1162 3490 1454 3542 liberaverit.
1482 3493 1576 3541 Hic
1598 3494 1706 3542 Ru-

678 3573 747 3622 fio
770 3591 860 3638 per
877 3574 1047 3639 jocum
1072 3589 1100 3620 a
1122 3572 1364 3621 Cicerone
1380 3583 1587 3622 vocatur
1604 3576 1706 3622 Vc·

679 3656 922 3702 florianus
937 3654 1078 3718 epist.
1108 3663 1196 3712 14,
1218 3651 1309 3700 lib.
1326 3655 1466 3714 nv,
1493 3653 1561 3701 ob
1585 3655 1707 3701 insi·

679 3748 847 3796 gnam,
891 3744 941 3782 ct
989 3733 1270 3783 diuturnam
1316 3746 1429 3781 cnm
1475 3734 1705 3783 Vestorio

678 3814 1076 3863 controversiam.
1102 3814 1248 3863 Man.

750 3898 801 3945 4.
819 3894 992 3940 Postea
997 3894 1113 3957 jam
1119 3892 1265 3960 jussi.
1282 3893 1457 3941 Cicero
1482 3893 1679 3957 scripsit
1690 3927 1706 3951 ‚

681 3988 705 4011 σι
726 3980 897 4033 postea
913 3971 1061 4020 ctiam
1076 3975 1174 4033 jam
1188 3972 1310 4035 inssi
1330 3994 1371 4020 n.
1397 3973 1608 4021 Μυκη.
1633 3998 1704 4010 -

680 4050 867 4096 Ernest.
890 4052 1020 4110 conj.
1036 4064 1156 4114 post
1170 4053 1337 4100 ctiam.
1353 4053 1408 4100 J.
1428 4055 1491 4099 V.
1509 4054 1567 4100 1..

750 4129 802 4178 5.
833 4127 1018 4174 Exim
1041 4144 1069 4175 e
1094 4144 1184 4176 sua
1207 4130 1349 4178 villa.
1379 4134 1451 4177 Ita
1477 4132 1703 4178 Muretus

1797 2632 1846 2669 ct
1870 2621 2038 2671 Lamb.
2069 2621 2201 2679 Alii,
2235 2644 2261 2663 α
2280 2638 2309 2669 ο
2337 2623 2505 2669 Panae
2532 2622 2612 2669 sui
2641 2621 2765 2669 villa
2784 2640 2841 2670 n:

1795 2700 1906 2759 alii,
1928 2724 1952 2743 ι-
1965 2717 2174 2766 expense
2193 2717 2220 2748 c
2239 2716 2326 2748 sua
2345 2700 2459 2747 villa
2480 2715 2533 2761 ις
2552 2700 2692 2764 qnod
2713 2702 2842 2765 qnid

1798 2781 1885 2840 sit,
1931 2797 1993 2827 ne
2032 2781 2128 2844 ipsi
2175 2778 2374 2843 quidem
2414 2782 2531 2826 satis
2564 2780 2842 2844 explicant.

1797 2862 2091 2908 Ontvn.--
2102 2862 2379 2923 Corruptus
2397 2858 2556 2908 locus.
2574 2857 2845 2909 Victorius

1797 2938 2050 2998 emendat,
2080 2955 2273 3003 «quum
2312 2954 2389 2986 me
2424 2950 2656 3003 spectans
2690 2956 2723 2986 e
2758 2958 2845 2988 ma

1798 3018 1912 3065 villa
1929 3035 1984 3076 ”3
2010 3018 2282 3075 Corradus,
2301 3017 2513 3081 impense
2521 3036 2541 3074 ‚-
2565 3019 2851 3068 Lambinus

1798 3112 1859 3144 ex
1889 3113 2019 3155 uno,
2052 3108 2109 3144 nt
2144 3097 2243 3156 ait,
2283 3096 2482 3156 codice,
2516 3114 2725 3161 «quum
2764 3117 2850 3147 me

1797 3177 1962 3224 exiens
1992 3193 2020 3223 c
2055 3193 2140 3224 ana
2172 3176 2287 3224 villa
2310 3192 2363 3234 ις
2402 3176 2700 3237 Turnebus,
2731 3180 2852 3228 Ad-

1797 3272 1976 3304 versar.
2013 3258 2264 3316 xxvm,
2304 3270 2390 3316 τις,
2419 3271 2639 3320 «exspes
2680 3273 2712 3304 e
2754 3276 2852 3307 ma

1796 3335 1910 3382 villa
1929 3351 1984 3396 »3
2008 3335 2208 3393 Bosius,
2239 3358 2265 3376 n
2283 3349 2439 3398 quum
2464 3351 2544 3382 mc
2570 3352 2635 3383 ex
2663 3337 2854 3386 Pansa

1795 3416 1872 3461 sui
1897 3414 2007 3461 villa
2027 3436 2071 3463 a.
2098 3416 2152 3462 J.
2172 3414 2236 3462 V.
2262 3414 2316 3460 L.

1867 3494 1919 3541 6.
1946 3493 2203 3542 Molesee‘ae.
2233 3493 2579 3543 Provinciam.
2607 3496 2765 3544 Mu.

1867 3589 1915 3633 7.
1954 3573 2203 3621 Nondum.
2244 3574 2322 3621 Ex
2357 3574 2566 3638 epistola
2601 3575 2752 3624 Caelii
2776 3577 2856 3625 ad

1794 3652 2077 3701 Ciceronem
2099 3653 2258 3716 prima
2274 3669 2390 3700 eane
2409 3650 2553 3701 facilc
2572 3657 2858 3717 cognosci-

1793 3742 1889 3791 tur,
1915 3732 2141 3780 nuntium
2161 3730 2296 3780 hunc
2319 3732 2550 3780 Ciceroni
2567 3732 2633 3780 de
2654 3736 2858 3782 Tram-

1790 3811 1993 3874 padania
2020 3811 2248 3872 allatum,
2275 3827 2620 3876 rumoremque
2649 3813 2718 3860 dc
2745 3832 2862 3863 nn·

1790 3890 2016 3940 ctoritate
2073 3893 2340 3957 peracripta
2361 3926 2378 3951 ,
2428 3893 2603 3941 falsum
2667 3894 2861 3944 fuine,

1791 3969 1968 4021 caelius
2013 3973 2142 4019 enim
2188 3989 2215 4020 c
2260 3972 2526 4037 complexu
2571 3974 2862 4024 Ciceronis

1790 4050 1998 4098 Romam
2023 4068 2241 4100 reversus
2264 4050 2285 4116 (
2305 4052 2403 4099 hoc
2427 4054 2561 4100 enim
2580 4054 2860 4114 indicium

1791 4130 1915 4178 facio
1959 4146 2019 4180 ex
2066 4130 2171 4195 cina
2216 4132 2369 4181 literis
2389 4132 2410 4197 )
2451 4134 2627 4181 scribit
2671 4152 2727 4183 se
2785 4135 2861 4182 de
