3023 4773
831 388 1417 473 EPISTOLAE‚
1456 391 1624 474 XV,
1677 385 1740 459 5.
2232 390 2365 488 139

784 588 968 608 mm

1618 591 1892 611 m
1897 592 2358 615 mmmmm

892 775 1529 855 EPISTOLA
1582 777 1680 855 V.

212 938 468 993 Excusat
507 954 609 1006 se,
656 934 820 1012 quod
862 935 1347 1014 supplicationem
1388 955 1509 995 non
1542 934 1901 1007 decreverit,
1934 946 1994 994 et
2035 947 2225 994 tamen
2259 935 2368 995 de-

281 1043 513 1089 cretam
545 1030 789 1110 gaudet:
822 1051 1000 1110 seque
1026 1032 1503 1091 honorificentius
1530 1031 1674 1091 dicit
1700 1033 1944 1091 sensisse
1966 1075 1982 1105 ,
2021 1050 2198 1109 quam
2230 1050 2330 1090 eos
2347 1076 2364 1102 ‚

279 1128 392 1206 qui
419 1128 904 1207 supplicationem
931 1127 1325 1188 decreverant.
1353 1134 1606 1202 (Romae,
1638 1148 1792 1188 anno
1812 1133 1886 1190 U.
1914 1133 1980 1190 C.
2005 1129 2140 1203 703,
2162 1127 2359 1188 'mense

276 1223 505 1302 junio.)
1070 1237 1073 1240 ’

680 1360 1015 1426 M.CATO
1060 1361 1154 1426 M.
1178 1362 1257 1426 T.
1288 1363 1366 1427 C.
1398 1360 1576 1426 ΙΜΡ.
1610 1360 1673 1426 S.
1709 1361 1782 1427 P.
1820 1363 1902 1426 D.

304 1522 532 1611 Quon
560 1534 637 1592 et
666 1517 1077 1618 respublica
1098 1544 1215 1591 me
1233 1574 1253 1608 ,
1289 1532 1362 1591 et
1384 1531 1631 1606 nostra
1664 1518 1975 1590 amicitia
2001 1517 2364 1602 hortatur,

211 1629 529 1703 libenter
560 1628 771 1715 facio,
827 1643 911 1701 ut
955 1643 1155 1701 tuam
1194 1631 1536 1701 virtutem
1560 1685 1580 1719 ‚
1622 1630 2116 1701 innocentiam
2139 1684 2159 1718 ,
2200 1629 2362 1701 dili-

210 1742 574 1838 gentiam,
621 1741 988 1838 cognitam
1042 1741 1122 1811 in
1173 1741 1505 1812 maximis
1547 1740 1804 1828 rebuS,
1850 1740 2050 1813 domi
2104 1744 2366 1839 togati,

211 1853 471 1924 armati
506 1851 726 1935 foris,
792 1852 952 1948 pari
1001 1849 1360 1922 industria
1407 1849 1934 1922 administrari¹
1986 1850 2360 1947 gaudeam.

211 1966 506 2059 Itaque,
552 1960 753 2058 quod
795 1984 932 2058 pro
969 1985 1134 2033 meo
1169 1960 1448 2055 judicio
1491 1959 1727 2034 facere
1755 1962 1999 2061 potui,
2027 1976 2111 2033 ut
2148 1962 2362 2032 inno-

212 2075 451 2145 centia
499 2071 954 2169 consilioque
989 2086 1122 2144 tuo
1163 2070 1539 2144 defensam
1581 2074 2068 2170 provinciam,
2129 2096 2365 2143 serva·

212 2199 371 2254 tum
412 2181 920 2255 Ariobarzanis
969 2206 1139 2254 cum
1178 2184 1338 2281 ipso
1388 2206 1561 2279 rege
1603 2206 1914 2280 regnum
1937 2236 1957 2270 ‚
2000 2183 2361 2252 sociorum

212 2305 626 2365 revocatam
658 2291 751 2363 ad
787 2290 1109 2363 studium
1138 2292 1423 2391 imperii
1457 2295 1691 2364 nostri
1720 2292 2198 2378 voluntatem,
2213 2316 2371 2364 sen-

213 2407 440 2477 tentia
469 2429 635 2476 mea
672 2418 745 2476 et
780 2403 1072 2476 decreto
1107 2403 1476 2476 laudarem
1497 2459 1518 2493 ,
1544 2402 1705 2478 feci.
1746 2402 2363 2502 Supplicationem

212 2514 614 2602 decretam,
651 2518 858 2602 situ,
898 2538 1044 2611 qua
1079 2515 1155 2584 in
1201 2540 1282 2587 re
1313 2514 1495 2585 nihil
1536 2513 1880 2602 fortuit0,
1925 2513 2053 2585 sed
2090 2537 2369 2585 summa

213 2640 334 2697 tua
370 2627 658 2697 ratione
692 2641 766 2696 et
801 2627 1291 2713 continentia,
1344 2624 1752 2723 reipublicae
1797 2626 2173 2722 provisum
2217 2637 2325 2696 est
2348 2676 2367 2709 ‚

214 2736 347 2809 diis
380 2735 915 2809 immortalibus
941 2737 1280 2834 gratulari
1314 2760 1451 2806 nos
1473 2789 1492 2823 ‚
1530 2760 1749 2832 quam
1786 2734 1920 2807 tibi
1945 2734 2217 2807 referre
2247 2759 2365 2805 ac-

214 2862 514 2947 ceptum
564 2848 823 2935 mavis,
860 2846 1144 2945 gaudeo
1164 2856 1219 2915 ².
1268 2845 1490 2935 Quod
1524 2846 1586 2916 si
1624 2844 1976 2943 triumphi
2018 2867 2369 2943 praeroga-

216 2960 429 3029 tivam
451 2954 484 3000 ³
515 2972 728 3056 putas
752 2955 1358 3055 supplicationem
1383 3009 1402 3041 ‚
1430 2953 1798 3027 etidcirco
1827 2979 2070 3026 casum
2098 2956 2369 3054 potius,

280 3205 330 3239 ι.
382 3187 640 3236 Victorius
689 3185 827 3263 dedit
872 3183 1213 3233 adminisvan'
1221 3219 1237 3243 ,

210 3270 304 3316 fere
320 3267 561 3317 omnibus
583 3266 756 3315 ceteris
776 3268 905 3313 recte
926 3264 1244 3329 improbanti-

208 3347 318 3397 bus.
359 3347 493 3395 Edd.
532 3357 718 3395 veteres
761 3355 811 3393 et
851 3344 1001 3395 codd.
1043 3344 1242 3409 plurimi

208 3426 389 3475 hahent
401 3426 774 3475 adminIsvate.
797 3426 831 3473 J
833 3428 913 3475 .V.
929 3427 982 3473 L.
1002 3452 1076 3462 -—
1092 3422 1244 3487 Quod

211 3504 330 3556 seh.
354 3509 553 3555 retinet.
574 3508 694 3554 Jure
720 3505 944 3570 quidem,
962 3515 1017 3553 ut
1044 3506 1243 3570 opinor.

212 3588 336 3649 Quis
368 3588 505 3634 euim
543 3601 776 3649 umquam
808 3583 999 3649 accepit
1038 3583 1245 3632 admini-

211 3666 359 3712 smzn‘
374 3682 473 3730 pro
487 3663 723 3714 exerceri.
745 3663 1110 3712 Adminiscmn
1128 3679 1244 3711 vero

214 3754 508 3806 pervenmte
527 3759 656 3808 saepe
673 3743 878 3808 ponitur
892 3741 1117 3791 absolute
1131 3741 1248 3790 sub·

216 3824 468 3872 intellecto
493 3839 623 3882 rem,
647 3832 734 3871 aut
767 3838 828 3871 eo
844 3855 860 3881 ,
879 3821 1014 3886 quod
1041 3821 1249 3870 admini-

214 3914 410 3952 stratur.
451 3905 535 3952 Sic
563 3905 724 3953 Caesar
744 3903 867 3951 Bell.
888 3902 984 3950 civ.
1006 3903 1081 3950 111
1099 3937 1115 3961 ,
1141 3900 1210 3951 26
1230 3919 1243 3950 ε

220 4002 242 4022 ·
260 3982 730 4031 Administrautibus
749 3984 824 4030 M.
845 3982 1069 4033 Autoqu
1087 3992 1135 4029 et
1150 3984 1250 4028 Fu-

219 4060 287 4108 fio
314 4062 582 4123 caleam...
612 4079 757 4111 naves
781 4061 983 4109 solvunt
1008 4082 1050 4108 ι.
1069 4060 1249 4108 Eadem

219 4139 407 4190 ratione
441 4151 491 4189 et
521 4157 698 4190 eume-e
726 4138 1011 4205 simpliciter
1049 4155 1251 4203 usurpa-

1327 3197 1425 3235 tur.
1445 3185 1644 3235 catilin.
1670 3186 1765 3248 59:
1795 3184 1890 3234 «C.
1907 3184 2147 3233 Manlium
2172 3186 2225 3233 in
2250 3186 2368 3234 dex-

1328 3275 1427 3324 tra,
1462 3266 1767 3313 Faesulanum
1794 3265 2054 3329 quemdam
2080 3266 2132 3313 in
2163 3266 2361 3314 sinistra

1329 3356 1468 3411 parte
1502 3361 1673 3394 curare
1701 3346 1846 3408 jubet
1869 3368 1910 3396 ι.
1946 3349 1996 3398 J.
2015 3349 2078 3394 V.
2108 3347 2164 3393 L.
2196 3357 2360 3394 tamen

1331 3425 1690 3474 administrari.
1720 3428 1812 3475 En.

1407 3521 1458 3553 2.
1490 3505 1716 3555 Gaudeo.
1748 3506 1799 3555 Si
1828 3516 1885 3554 tu
1911 3505 2093 3562 mavis,
2131 3520 2212 3565 en,
2252 3520 2362 3569 quae

1329 3597 1426 3649 pro
1450 3584 1697 3648 republica
1725 3584 1914 3644 fecisti,
1955 3598 2057 3630 nou
2097 3584 2274 3632 rationi
2311 3596 2359 3633 et

1333 3662 1651 3711 continentie
1681 3673 1779 3711 tuae
1801 3696 1817 3720 ‚
1850 3661 1935 3710 sed
1964 3661 2058 3709 dii·
2082 3663 2367 3711 immortali-

1335 3742 1428 3790 bus
1453 3742 1633 3798 tribu1;
1670 3741 2074 3805 supplicationem
2109 3742 2358 3791 decretam

1338 3821 1549 3885 gaudeo.
1575 3821 1722 3869 Mn«.

1411 3901 1461 3949 3.
1504 3897 1907 3963 Proemgativam.
1954 3899 2080 3961 Quia
2127 3915 2370 3964 preroga·

1340 3979 1455 4028 tivae
1494 3977 1653 4027 tribus
1677 3977 1755 4026 vel
1794 3979 2026 4027 centuriae
2060 3989 2225 4027 tantus
2260 3989 2362 4026 erat

1339 4067 1593 4121 suspectus
1619 4067 1668 4105 et
1698 4059 1966 4108 reverentia
1993 4057 2127 4123 apud
2151 4058 2258 4118 jure
2279 4072 2364 4104 vo·

1339 4149 1476 4187 catos
1493 4138 1545 4186 in
1565 4138 1804 4200 comitiis,
1830 4138 2037 4196 factum,
2062 4148 2116 4185 ut
2139 4153 2235 4186 vox
2254 4137 2358 4199 ipsa
