3023 4773
832 382 1394 527 EmsToLAE,
1425 419 1658 528 xm,
1698 437 1770 510 6.
2282 464 2309 517 1
2331 466 2358 513 1

323 560 467 636 Sed
504 576 748 643 tamen
776 558 1197 661 [suspicor]
1236 564 1476 662 ipsum
1516 563 1919 651 hominem,
1966 586 2192 661 quem
2235 562 2370 637 tibi

236 673 662 757 commendo
679 728 702 762 ,
727 672 1164 772 perdignum
1190 698 1344 749 esse
1374 688 1501 746 tua
1528 674 1840 757 amicitia
1860 727 1880 759 ,
1909 698 2061 746 non
2090 674 2327 749 solum
2343 729 2367 763 ,

236 785 401 882 quia
433 783 616 859 mihi
653 784 966 882 Cuspius
1001 781 1176 856 dicit
1197 838 1217 871 ,
1255 783 1475 857 credo
1515 783 1856 881 (tametsi
1889 783 1963 855 id
2001 786 2170 857 satis
2213 809 2369 858 esse

235 892 618 989 debebat),
658 892 790 965 sed
826 894 998 991 quia
1037 894 1211 967 novi
1247 895 1405 989 ejus
1438 893 1800 990 judicium
1837 894 1915 966 in
1953 892 2372 974 hominibus

234 1005 561 1076 etamicis
574 1001 1001 1101 deligendis.
1028 1007 1303 1077 Harum
1321 1004 1696 1076 literarum
1716 1004 1823 1075 vis
1837 1020 2114 1101 quauta
2134 1002 2373 1092 fuerit,

230 1113 652 1212 propediem
677 1111 1059 1208 judieab03
1081 1112 1388 1212 tibique,
1408 1128 1493 1186 ut
1516 1111 1832 1204 confldO,
1862 1115 2125 1211 gratias
2141 1138 2368 1212 agam.

229 1227 409 1320 Ego,
439 1248 605 1321 quae
634 1236 707 1295 te
733 1223 951 1312 velle,
976 1247 1284 1322 quaeque
1315 1224 1407 1296 ad
1433 1238 1505 1296 te
1534 1226 1904 1323 pertinere
1935 1223 2367 1312 arbitrabor,

227 1333 467 1410 omnia
502 1331 826 1407 studiose
864 1332 1390 1431 diligenterque
1422 1333 1715 1406 curabo.
1753 1339 1970 1424 Cura,
1994 1348 2081 1405 ut
2106 1334 2366 1407 valeas.

317 1448 397 1515 P.
435 1444 821 1518 Cornelius
838 1446 1040 1541 ⁷‚qui
1077 1443 1213 1519 tibi
1248 1445 1377 1518 has
1411 1446 1654 1519 literas
1687 1444 1930 1533 dedit,
1967 1459 2076 1518 est
2112 1444 2291 1529 mihi
2331 1470 2374 1516 a

224 1556 291 1625 P.
327 1554 610 1653 Cuspio
651 1553 1245 1645 commendatus:
1286 1556 1496 1652 cujus
1540 1579 1754 1627 eausa
1796 1569 2077 1652 quanto
2138 1579 2370 1652 opere

224 1687 572 1762 cuperem
604 1664 1125 1762 deberemque,
1154 1664 1484 1763 profecto
1513 1690 1603 1737 ex
1633 1689 1750 1736 me
1777 1661 1984 1737 facile
2011 1665 2365 1762 cognosti.

224 1775 720 1848 Vehementer
750 1791 825 1847 te
860 1799 1078 1872 rog0,
1112 1790 1197 1848 ut
1223 1799 1464 1864 cures,
1493 1787 1582 1845 ut
1616 1798 1707 1844 ex
1745 1773 1881 1845 hac
1914 1772 2376 1845 commenda-

221 1886 419 1958 tione
457 1884 643 1957 mihi
692 1886 1005 1984 Cuspius
1055 1910 1272 1984 quam
1315 1889 1699 1972 maximas,
1745 1907 1968 1982 quam
2009 1884 2368 1982 primum,

223 2020 440 2094 quam
482 1996 879 2096 saepissime
912 1997 1170 2093 gratias
1206 2010 1390 2095 agat.
1441 1997 1641 2069 Vale.

216 2175 595 2225 loeolhnutius
608 2174 1065 2239 colligitN'nlei-ium
1080 2173 1250 2238 paullo
1338 2191 1441 2239 quo
1468 2191 1601 2224 anno
1621 2173 1835 2223 Arriam
1857 2173 2079 2221 Valerius
2096 2174 2223 2221 Ore·
2254 2188 2370 2237 pro-
2391 2214 2396 2219 .

219 2266 329 2305 m
347 2270 507 2320 qnam
535 2253 644 2302 haee
669 2252 876 2318 epistola
899 2254 1082 2318 scripu
1100 2263 1250 2316 aaut,
1339 2254 1513 2302 consul
1538 2253 1910 2303 administravit.
1932 2255 2047 2302 Sca.

214 2335 263 2382 in
285 2332 603 2401 provinciam
626 2332 848 2381 Africam
874 2335 1081 2381 veniae.
1116 2333 1248 2397 Ergo
1409 2352 1460 2398 7.
1488 2336 1549 2381 P.
1565 2332 1829 2382 cornelius.
1850 2330 2033 2383 Sehfitz
2051 2330 2369 2397 puuvithaeo

214 2414 404 2462 ullum
432 2412 644 2462 dubium
668 2429 775 2461 esse
799 2422 966 2477 potest
990 2412 1111 2478 quin
1144 2412 1250 2461 haeo
1335 2414 1645 2463 esseinitium
1655 2412 1779 2461 alius
1790 2412 2012 2478 epistole
2032 2411 2095 2460 ad
2110 2410 2367 2460 eumdem:

214 2493 416 2558 epistola
440 2491 512 2540 ad
534 2507 720 2540 annum
748 2492 848 2556 697
876 2491 1126 2540 referenda
1153 2491 1249 2551 sit,
1337 2493 1418 2540 eui
1443 2494 1744 2556 conjectura·
1770 2493 2028 2541 assentior.
2048 2493 2143 2542 En.

1973 2663 2345 2685 mmm
2401 2647 2404 2652 ἱ

863 2847 1471 2946 EPISTOLA
1524 2848 1729 2929 VII.

214 3008 362 3068 Petit
387 3029 425 3068 a
458 3008 672 3069 Cluvio
690 3051 710 3080 ,
751 3028 829 3068 ne
875 3008 1179 3088 municipii
1216 3009 1467 3069 Atellani
1511 3008 1810 3085 vectigalis
1850 3029 1993 3088 ager
2041 3008 2360 3082 dividatur,

286 3099 397 3160 sed
417 3120 656 3160 causam
680 3100 965 3178 integram
988 3101 1203 3162 Caesari
1230 3115 1509 3170 reservet.
1543 3103 1795 3183 (Romae,
1840 3121 1997 3162 anno
2026 3106 2101 3164 U.
2123 3106 2189 3162 C.
2211 3101 2325 3175 708
2342 3144 2364 3176 ,
2439 3117 2442 3126 ·

287 3213 499 3253 mense
521 3191 801 3267 octobri.)

785 3359 879 3426 M.
906 3360 986 3426 Τ.
1019 3362 1095 3427 C.
1122 3360 1440 3428 CLUVIO
1484 3361 1551 3427 S.
1587 3362 1660 3427 P.
1695 3362 1781 3427 D.

302 3511 548 3602 Qmm
582 3510 665 3584 in
703 3508 1006 3582 Galliam
1032 3520 1054 3554 ¹
1093 3507 1600 3609 proficiscenS,
1647 3536 1783 3609 pro
1825 3523 2074 3583 nostra
2106 3535 2360 3585 neces·
2398 3509 2403 3514 ’

200 3621 576 3708 situdine,
626 3633 896 3717 tuaque
931 3644 1216 3704 summa
1258 3621 1335 3693 in
1372 3646 1490 3702 me
1537 3619 1992 3693 observantia
2016 3674 2038 3709 ,
2093 3620 2187 3692 ad
2239 3645 2359 3693 me

202 3727 527 3803 domum
562 3731 917 3817 venisses,
959 3729 1309 3829 loquutus
1340 3755 1502 3806 sum
1533 3745 1775 3803 tecum
1809 3730 1898 3804 de
1932 3755 2105 3830 agro
2138 3733 2365 3810 vecti-

205 3841 347 3935 gali
366 3852 398 3883 ²
417 3841 804 3938 municipii
824 3839 1161 3931 Atellani,
1192 3842 1323 3940 qui
1345 3856 1534 3914 esset
1555 3842 1631 3913 in
1654 3841 1910 3932 Gallia3
1936 3856 2365 3940 quantoque

278 4035 335 4069 x.
362 4019 609 4071 Gauian.
631 4020 943 4085 Cisalpinam.
1084 4047 1091 4057 ·
1332 4021 1526 4080 Atella,
1554 4031 1713 4071 umen
1748 4038 1918 4088 agrum
1947 4021 2093 4071 etiam
2118 4019 2238 4069 alibi
2268 4036 2365 4085 po-

273 4115 332 4147 ².
368 4099 622 4166 rugai.
648 4101 750 4165 Qui
772 4101 980 4166 vectigal
1003 4100 1244 4151 neumi-
1332 4101 1426 4150 tnit
1444 4101 1709 4166 possidere,
1734 4102 1864 4151 sient
1882 4101 1945 4151 de
1959 4100 2278 4166 Arpinatibus
2294 4115 2358 4149 ex

192 4178 805 4246 ‘QOEt-Qunnviaonim
823 4180 1155 4246 tnmnpani·
1172 4191 1247 4231 est
1332 4181 1479 4243 huius
1535 4181 1647 4232 libri
1702 4184 1845 4249 epist.
1901 4197 1960 4232 ιι
2019 4178 2358 4230 confirmatur.
