3023 4773
515 402 1053 471 EPISTOLAE
1100 404 1236 473 AD
1284 404 1966 489 ATTIGUM,V1‚
2010 429 2066 472 1.
2211 404 2347 503 5129

226 538 393 594 ante
429 521 875 595 decemviros
891 518 957 576 ³4
984 546 1135 592 non
1168 521 1345 607 fuitg
1376 522 1650 619 quippe
1680 527 1806 618 qui
1831 522 2054 595 aedilis
2080 525 2349 598 curulis

224 632 478 721 fuerit3
523 634 650 730 qui
698 633 1146 730 magistratus
1185 632 1428 704 multis
1469 633 1677 709 anuis
1711 647 1874 731 post
1909 632 2353 710 decemviros

227 746 598 816 institutus
644 757 770 815 est.
825 741 1018 833 Quid
1061 768 1236 841 ergo
1286 741 1631 838 profecit,
1671 744 1873 839 quod
1914 745 2215 842 protulit
2255 744 2355 818 fa-

228 854 423 926 stos?
464 854 914 925 Occultatam
963 867 1226 950 putant
1279 853 1599 949 quodam
1648 868 1970 951 tempore
2005 856 2211 928 istam
2253 871 2353 927 ta·

229 960 580 1051 bulam35,
606 977 690 1033 ut
723 962 873 1035 dies
901 962 1160 1059 agendi
1188 978 1607 1061 peterentur
1634 987 1673 1033 a
1702 965 1967 1061 paucis.
2007 968 2158 1036 Nec
2183 991 2354 1036 vero

231 1074 442 1169 pauci
471 1087 642 1143 suut
669 1086 996 1144 auctores
1022 1126 1041 1159 ‚
1077 1076 1212 1144 Cu.
1250 1074 1565 1144 Flavium
1600 1072 1902 1146 scribam
1939 1072 2158 1146 fastos
2185 1100 2354 1172 pro-

204 1169 477 1253 tulisse
500 1237 519 1269 ‚
567 1187 1031 1278 actionesque
1088 1184 1578 1280 composuisse
1613 1210 1627 1252 :
1681 1209 1774 1256 ne
1835 1208 1951 1256 me
2010 1184 2184 1273 hoe,
2245 1186 2354 1260 vel

232 1293 475 1388 potius
523 1290 937 1364 Africanum
973 1294 1089 1387 (is
1145 1294 1339 1363 enim
1402 1292 1814 1389 loquitur),
1867 1310 2360 1378 commentum

233 1412 461 1494 puteS.
500 1403 637 1467 Οὐκ
674 1401 859 1469 ἔλαθέ
893 1427 959 1468 σε
978 1393 1041 1441 ³⁶
1086 1396 1257 1468 illud
1296 1397 1382 1469 de
1415 1413 1621 1494 gestu
1654 1397 2056 1484 histrionis;
2096 1415 2178 1470 tu
2214 1425 2359 1471 sce-

232 1503 407 1574 leste
449 1505 870 1599 suspicariS,
912 1528 1045 1601 ego
1079 1509 1310 1597 ἀφελῶς
1328 1500 1389 1559 ³⁷
1426 1505 1697 1600 scripsi.

327 1615 435 1683 De
464 1637 580 1682 me
619 1613 1050 1708 imperatore
1081 1613 1332 1684 scribis
1360 1628 1431 1685 te
1461 1639 1551 1684 ex
1585 1613 1950 1686 Philotimi
1987 1615 2211 1687 literis
2242 1640 2359 1690 co-

228 1745 508 1816 gnosse.
543 1719 681 1791 Sed
718 1720 936 1796 credo
966 1735 1073 1804 te,
1103 1722 1249 1814 jam
1286 1726 1358 1792 in
1388 1724 1608 1820 Epiro
1637 1748 1863 1819 quum
1898 1748 2118 1808 esses,
2151 1724 2358 1798 binas

233 1855 424 1902 meas
465 1831 554 1901 de
592 1830 933 1902 omuibus
965 1830 1185 1903 rebus
1222 1836 1613 1928 accepisse,
1653 1858 1834 1904 unas
1868 1858 1906 1904 a
1936 1834 2357 1910 Pindenisso

231 1954 485 2036 capto,
521 1939 775 2010 alteras
811 1965 850 2009 a
885 1940 1231 2011 Laodicea
1253 1994 1273 2027 ,
1309 1954 1654 2039 utrasque
1689 1947 1832 2016 tuis
1861 1946 2103 2041 pueris
2135 1945 2354 2018 datas.

230 2047 516 2138 Quibus
542 2047 632 2118 de
659 2046 914 2133 rebus,
940 2064 1239 2145 propter
1265 2073 1507 2118 casum
1543 2052 1955 2146 navigandi,
1991 2077 2122 2149 per
2147 2052 2359 2126 binos

232 2156 644 2228 tabellarios
684 2159 843 2228 misi
879 2163 1180 2230 Romam
1219 2158 1456 2228 literas
1497 2157 1806 2255 publice.

229 2314 408 2378 legitur
429 2314 564 2378 apud
590 2313 799 2361 Plinium
815 2348 830 2372 ,
856 2314 947 2363 lib.
975 2316 1207 2363 xxxm
1228 2348 1247 2374 ‚

234 2406 280 2441 et
308 2394 540 2452 Gellium,
562 2393 651 2442 lib.
676 2396 761 2440 vl.
781 2395 909 2456 Quia
926 2411 1044 2442 vero
1062 2395 1252 2442 Annius

234 2489 415 2521 nomeu
440 2472 635 2519 familie
661 2473 782 2531 suit,
812 2489 913 2520 non
939 2490 1251 2536 praenomen,

235 2563 282 2599 et
297 2551 387 2599 filii
400 2569 427 2599 n
446 2552 746 2615 prenomine
759 2554 909 2615 petris
923 2552 1250 2600 ostendeban-

235 2644 340 2692 tur,
359 2631 543 2678 idcireo
564 2632 816 2678 Manutius
837 2630 961 2678 illud
981 2630 1137 2678 Annii
1152 2648 1255 2678 mn-

236 2710 425 2756 iavitffn
442 2708 595 2764 Cnoei,
623 2723 723 2770 quo
743 2708 891 2755 modo
911 2708 1062 2772 vulgo
1078 2707 1254 2771 legitur

232 2788 364 2851 apud
385 2786 779 2835 Livium.me
799 2803 1069 2850 germanam
1088 2788 1254 2835 lectio·

235 2883 343 2914 nem
372 2865 516 2913 nobis
545 2867 834 2915 Decurtatus
870 2868 1248 2931 repraesentavit.

235 2945 315 2992 Sic
356 2944 485 2991 euim
532 2944 708 2991 diserte
743 2946 973 3008 seriptum
1007 2946 1215 2994 habebat
1234 2983 1248 3007 ‚

237 3022 494 3090 Ancifilio
511 3039 529 3069 .·
549 3039 651 3085 quo
682 3034 824 3086 pacto
854 3041 904 3070 se
927 3024 1096 3087 legisse
1119 3026 1250 3089 apud

233 3102 446 3150 Gellium
468 3103 615 3149 refert
651 3102 957 3149 Sebastianus
982 3105 1245 3155 Corradus.

234 3182 346 3229 Fuit
368 3197 516 3244 porro
538 3184 698 3227 Ancus
713 3196 991 3244 praenomen
1011 3186 1250 3230 Romano-
1280 3206 1285 3212 ·

236 3276 372 3321 rum,
408 3261 543 3322 quod
573 3263 756 3320 Varro,
791 3272 848 3307 ut
881 3258 1049 3307 scribit
1083 3271 1252 3308 auctor

240 3340 485 3403 Epitomes
528 3338 619 3387 lib.
659 3341 711 3385 K
744 3338 925 3386 Valerii
965 3340 1196 3397 Maximi,
1225 3356 1252 3386 a

239 3416 426 3464 Sabinis
452 3418 730 3465 translatum
757 3417 986 3481 putebat,
1013 3419 1116 3481 ipse
1137 3435 1254 3465 vero

242 3495 457 3543 Valerius
497 3513 523 3543 a
558 3497 742 3544 Grecis
771 3498 875 3557 ejus
909 3498 1144 3559 originem
1178 3513 1253 3544 re·

240 3573 465 3637 petebat,
498 3576 634 3637 quod
675 3591 829 3637 quum
869 3575 1061 3622 cubitus
1102 3591 1254 3638 graeee

240 3649 401 3720 ἀγκὼν
428 3665 707 3711 vocaretur,
733 3653 807 3717 illi
829 3669 1109 3717 pra-nomen
1133 3654 1257 3702 Anci

238 3733 425 3795 imponi
450 3732 621 3779 solenet
638 3767 651 3789 ,
677 3734 763 3795 qui
785 3733 1003 3781 cubitum
1027 3734 1253 3781 vitiosum

240 3810 453 3859 baberet.
474 3813 655 3859 Bosws
681 3812 979 3861 Baluzianus.
1008 3840 1079 3849 --
1104 3814 1253 3876 Lege·

243 3890 385 3939 betur
411 3900 548 3936 antea
568 3926 583 3950 ‚
604 3890 969 3941 «Anniifilioun
997 3903 1252 3955 corrupte3

242 3984 354 4015 nam
375 3966 462 4014 filii
484 3984 510 4014 a
537 3971 834 4031 praenomine
861 3972 1011 4036 petris
1030 3972 1254 4020 osteude-

244 4047 439 4094 bantur.
467 4049 500 4094 J
507 4049 596 4094 .V.
625 4050 677 4094 L.

317 4118 399 4174 34.
421 4121 549 4165 Ante
572 4118 874 4170 decemvirum
903 4123 1001 4183 Qui
1031 4133 1151 4169 teste
1173 4122 1251 4170 Li-

1338 2315 1423 2362 vio
1445 2315 1592 2362 creati
1617 2327 1733 2362 sunt
1757 2330 1889 2364 anuo
1918 2317 2039 2366 Urb.
2062 2319 2210 2366 cond.
2239 2322 2355 2372 302.

1411 2396 1496 2442 35.
1516 2397 1666 2441 Istam
1695 2395 1927 2443 tabulam.
1953 2396 2146 2445 Flavius
2174 2402 2354 2459 scriba,

1340 2488 1493 2536 quum
1522 2473 1766 2535 populus,
1791 2473 1878 2535 qui
1915 2473 2018 2521 dies
2043 2487 2128 2522 aut
2149 2479 2321 2527 nefasti
2340 2514 2355 2538 ‚

1340 2560 1425 2596 eut
1444 2551 1554 2596 fasti
1573 2561 1732 2597 esseut
1748 2585 1762 2608 ,
1787 2551 2058 2613 ignoraret,
2095 2570 2359 2619 eorumque

1341 2629 1592 2676 notionem
1609 2645 1635 2675 a
1654 2629 2014 2690 jurisconsultis
2029 2643 2236 2695 peteret,
2255 2636 2359 2700 ipse

1340 2707 1488 2754 fastos
1517 2709 1642 2754 eirca
1679 2708 1837 2755 forum
1860 2708 1910 2755 in
1935 2709 2049 2756 albo
2070 2715 2358 2776 proposuit,

1338 2795 1417 2840 ut,
1442 2785 1641 2848 qnando
1666 2786 1772 2848 lege
1798 2788 1876 2849 agi
1908 2799 2098 2851 posset,
2134 2791 2354 2842 sciretur.

1304 2932 1309 2938 .
1338 2865 1453 2925 Quo
1481 2862 1719 2911 beneficio
1754 2864 1928 2928 populi
1957 2869 2157 2929 gratiam
2174 2903 2189 2925 ‚
2216 2871 2360 2918 inde-

1336 2959 1433 3005 que
1455 2943 1670 2989 curulem
1694 2943 1992 3003 aedilitatem,
2016 2946 2246 2996 libertino
2272 2968 2357 3014 pa-

1337 3032 1410 3068 tre
1437 3034 1603 3078 uatus,
1629 3021 1859 3069 obtinuit.
1887 3024 2099 3073 Mamur.
2140 3055 2210 3065 -—
2228 3031 2356 3078 Vide

1338 3112 1464 3148 orat.
1492 3117 1584 3164 pro
1608 3103 1836 3159 Murena,
1864 3118 1968 3166 cap.
1997 3119 2075 3152 11.

1411 3180 1496 3226 36.
1528 3179 1630 3227 Οὐκ
1655 3178 1794 3227 stedi
1823 3196 1891 3227 os.
1931 3183 2044 3229 Non
2073 3183 2162 3231 tibi
2183 3187 2361 3248 latuit,

1339 3275 1436 3305 non
1468 3270 1515 3304 ee
1531 3257 1686 3324 sugit.
1713 3259 1846 3321 Quid
1870 3262 1932 3306 sit
1957 3271 2115 3309 autem
2148 3263 2270 3312 illud
2298 3267 2359 3314 de

1336 3348 1472 3401 gesen
1498 3336 1741 3385 histrionis
1770 3339 1940 3385 frustra
1967 3356 2179 3402 quaeras,
2207 3361 2357 3407 quum

1342 3416 1405 3462 sit
1439 3416 1562 3462 uihil
1606 3416 1768 3474 infra,
1810 3433 1909 3479 quo
1943 3421 2034 3465 niti
2080 3424 2358 3482 conjectura

1342 3494 1511 3556 possit.
1559 3494 1767 3541 Videtur
1801 3506 1959 3543 tamen
2000 3500 2238 3561 respicere
2274 3504 2362 3551 ali-

1342 3572 1495 3635 quid,
1528 3573 1663 3635 quod
1695 3575 1842 3621 fuerit
1883 3593 1909 3621 a
1947 3576 2109 3623 Tullio
2144 3583 2359 3642 positum

1342 3653 1394 3697 in
1422 3650 1560 3698 libris
1588 3652 1650 3698 de
1676 3653 1972 3716 Republica,
1998 3668 2053 3704 nt
2079 3659 2183 3706 vult
2217 3662 2360 3710 Mon-

1342 3729 1519 3793 gnltins
1570 3742 1748 3780 noster.
1816 3734 2068 3796 Fortasse,
2134 3754 2244 3801 quae
2293 3742 2363 3791 ibi

1343 3807 1404 3853 de
1429 3820 1565 3872 gestu
1597 3809 1840 3857 histrionis
1867 3811 2048 3875 legerat
2065 3849 2078 3872 ‚
2105 3817 2274 3867 radere
2309 3822 2363 3869 in

1344 3888 1655 3935 Hortensium
1727 3891 1920 3939 Atticus
2007 3896 2356 3959 suspicabatur.

1341 3968 1555 4014 Omvrr.

1413 4047 1498 4105 37.
1523 4032 1731 4110 Ᾰφιλῶς.
1753 4047 2055 4111 Simpliciter,
2088 4055 2177 4113 its,
2206 4068 2262 4105 ut
2284 4075 2364 4106 ue·

1344 4124 1520 4171 minem
1548 4124 1836 4194 morderem.
1866 4129 2027 4179 Corui.
