3023 4773
634 407 772 503 258
1373 402 1965 476 PRAEFATIO

623 534 1009 620 scriptorum
1027 528 1469 616 AEsculapium
1499 529 1769 592 unicum
1791 576 1808 609 ,
1847 529 2140 616 quamvis
2163 528 2348 591 multi
2371 576 2388 609 ,
2414 529 2588 616 iique
2616 533 2758 619 pri-

619 638 799 701 marii
825 639 890 700 in
912 635 1235 724 republica
1254 634 1528 698 literaria
1544 635 1685 714 viri,
1705 633 1941 697 Paulus
1964 634 2319 716 Manutius,
2339 635 2757 701 Sebastianus

618 743 972 825 Corradus,
999 740 1370 805 Leonardus
1396 741 1781 829 Malaspina‚
1807 740 2158 828 Dionysius
2188 741 2561 824 Lambinus,
2593 743 2646 806 F
2648 745 2753 807 ul-

616 851 756 913 vius
791 848 1065 911 Ursinus
1088 895 1105 928 ,
1145 847 1212 909 in
1248 847 1384 909 istis
1416 845 1718 933 Epistolis
1752 846 2103 934 integritati
2147 845 2589 928 restituendis,
2623 848 2747 911 ad-

614 955 833 1018 hibitis
867 954 1171 1017 omnibus
1198 951 1475 1041 ingenii,
1515 950 1858 1034 doctrinae,
1905 951 2369 1040 industriaeque
2400 952 2743 1040 praesidiis,

514 1046 520 1054 ’
616 1059 1040 1139 elaborarint3
1073 1078 1267 1121 nemo
1299 1073 1515 1120 tamen
1546 1058 1691 1146 plus
1723 1057 1866 1144 opis
1892 1055 1975 1120 ad
2011 1057 2377 1144 praeclaram
2405 1059 2570 1122 hanc
2602 1082 2743 1122 rem

612 1167 922 1246 contulit,
951 1187 1142 1227 nemo
1168 1164 1383 1251 plures
1404 1162 1833 1250 foedioresque
1864 1163 2141 1227 maculas
2166 1162 2400 1227 delevit
2420 1212 2438 1244 ,
2469 1180 2533 1227 et
2559 1165 2740 1252 plura

608 1270 979 1334 dilucidavit
1010 1268 1465 1332 obscurissima
1498 1268 1671 1349 loca,
1706 1290 1899 1356 quam
1930 1269 2147 1332 Simeo
2181 1268 2408 1333 Bosius
2440 1270 2741 1334 Lemovi-

607 1399 755 1439 cum
789 1390 1031 1463 praetor
1070 1373 1580 1454 eruditissimus,
1629 1396 1789 1437 usus
1842 1373 2050 1437 tribus
2102 1374 2364 1461 optimis
2403 1374 2740 1440 codicibus

603 1482 896 1547 vetustis.
917 1479 1192 1570 Ingenio
1221 1481 1272 1544 is
1295 1495 1431 1543 erat
1456 1495 1670 1561 acum,
1688 1478 1799 1543 sed
1830 1480 2022 1544 nimis
2051 1481 2313 1570 ingenio
2336 1503 2459 1544 suo
2489 1481 2739 1545 favebat

599 1605 663 1651 et
695 1587 1102 1677 indulgebat,
1136 1586 1540 1664 conjecturas
1567 1608 1701 1649 non
1732 1608 1988 1673 paucas,
2018 1608 2175 1672 quas
2210 1610 2288 1649 ex
2319 1587 2639 1674 corruptis
2669 1604 2735 1650 et

597 1694 859 1756 exoletis
889 1693 1413 1756 membranarum
1448 1692 1732 1779 vestigiis
1762 1692 2063 1773 faciebat,
2092 1692 2215 1778 ipsi
2243 1692 2457 1754 Tullio
2483 1714 2734 1780 suppo-

597 1822 757 1863 nens
773 1849 790 1880 ,
827 1799 1042 1861 invitis
1065 1798 1268 1861 Musis
1291 1813 1355 1860 et
1378 1796 1636 1878 Gratiis,
1661 1820 1803 1884 quae
1834 1795 2149 1885 pudorem
2178 1797 2243 1859 in
2270 1797 2495 1885 primis
2518 1799 2738 1884 requi-

597 1923 753 1968 runt
785 1906 849 1967 in
882 1905 986 1980 iis,
1021 1904 1133 1990 qui
1172 1903 1592 1990 antiquorum
1633 1904 1867 1990 scripta
1914 1918 2392 1992 recognoscunt
2428 1920 2491 1967 et
2531 1904 2733 1966 inter-

592 2026 951 2099 pretantur.
996 2009 1284 2071 Excessit
1332 2007 1646 2071 medicina
1683 2006 1976 2071 m'odum.
2014 2006 2320 2071 Remedia
2355 2009 2733 2072 vulneribus

593 2118 744 2204 ipsis
767 2130 923 2179 sunt
945 2116 1251 2204 graviora.
1278 2114 1345 2177 Si
1368 2137 1513 2177 suas
1542 2114 1626 2177 de
1652 2115 1808 2178 locis
1829 2113 2185 2202 depravatis
2209 2116 2634 2202 cogitationes
2662 2118 2731 2178 in

592 2220 1126 2285 annotationibus
1156 2219 1461 2299 subjectis
1490 2234 1863 2307 exponunt,
1895 2241 2089 2283 nemo
2118 2219 2535 2307 reprehendit
2564 2243 2580 2284 τ
2615 2222 2730 2285 sed

590 2330 639 2391 si
672 2327 1068 2416 suspiciones
1096 2348 1242 2390 suas
1278 2348 1397 2414 pro
1431 2327 1730 2415 genuinis
1754 2325 2144 2414 scriptorum
2174 2324 2361 2390 dictis
2390 2326 2731 2393 venditant

590 2450 655 2498 et
689 2434 1048 2512 inculcant,
1088 2433 1324 2495 merito
1365 2432 1759 2496 damnantur
1802 2456 1838 2496 a
1884 2434 2134 2497 cunctis
2158 2482 2175 2513 ,
2205 2433 2318 2520 qui
2356 2450 2731 2499 reverenter

585 2540 832 2603 habent
855 2539 1006 2601 istas
1026 2537 1420 2601 venerandas
1445 2539 1671 2627 priscae
1684 2540 2009 2627 sapientiae
2034 2554 2097 2603 et
2122 2539 2433 2603 doctrinae
2454 2541 2728 2623 tabulas,

585 2669 728 2733 quae
751 2660 1153 2708 emerserunt
1173 2666 1250 2707 ex
1266 2643 1374 2708 illo
1396 2643 1749 2708 foedissimo
1771 2645 2122 2733 naufragia
2141 2644 2390 2709 Admisi
2412 2668 2533 2734 ego
2547 2670 2728 2733 quae-

586 2773 871 2839 cumque
905 2750 1228 2813 librorum
1264 2751 1685 2838 antiquorum
1721 2749 1846 2814 fide
1881 2750 2139 2815 refinxit
2170 2751 2396 2814 Bosius
2432 2753 2722 2840 egregie3

590 2859 991 2938 conjecturas
1027 2877 1233 2919 meras
1267 2871 1333 2919 et
1365 2857 1566 2943 ipsius
1600 2872 1665 2918 et
1702 2856 2013 2936 aliorum,
2056 2857 2176 2919 nisi
2214 2856 2517 2921 Eucliden
2562 2880 2729 2945 qua-⁷

586 2965 735 3028 dam
760 2964 1009 3026 ratione
1039 2961 1398 3041 firmentur,
1432 2977 1505 3023 ut
1527 2983 1609 3025 ne
1636 2961 1887 3049 Pyrrho
1922 2962 2183 3049 quidem
2213 2963 2293 3027 de
2320 2964 2396 3027 iis
2425 2962 2727 3028 dubitare

586 3067 826 3153 possit,
865 3065 1056 3144 rejeci
1078 3114 1094 3145 ,
1145 3064 1473 3148 maluique
1518 3085 1667 3126 cum
1700 3063 1990 3126 Victorio
2025 3080 2395 3151 corruptam
2426 3080 2721 3128 veterum

585 3173 883 3236 codicum
920 3171 1302 3256 scripturam
1342 3168 1655 3249 retinere,
1705 3189 1897 3255 quam
1952 3185 2328 3233 nostrorum
2371 3170 2717 3234 hominum

586 3291 953 3341 commenta
988 3274 1203 3337 Tullio
1249 3272 1547 3337 subdere.
1592 3274 1800 3338 Miror
1836 3278 2069 3338 Janum
2108 3275 2491 3354 Gruterum,
2543 3276 2716 3338 naris

585 3400 903 3446 emunctae
939 3401 1197 3461 senem,
1250 3380 1316 3440 in
1356 3399 1471 3442 sua
1509 3381 1845 3444 Ciceronis
1880 3380 2200 3463 editione,
2257 3403 2447 3469 quam
2481 3382 2719 3444 merito

585 3490 798 3577 magni
830 3488 1072 3552 faciunt
1107 3508 1369 3566 omnes,
1405 3487 1471 3548 in
1509 3487 1610 3550 his
1646 3488 1945 3576 Epistolis
1983 3487 2065 3551 ad
2085 3489 2375 3552 Atticum
2404 3510 2485 3550 ne
2510 3488 2716 3552 latum

585 3615 876 3681 unguem
906 3617 942 3657 a
976 3595 1170 3656 Bosio
1209 3591 1589 3656 discessisse.
1630 3595 1770 3680 Ego
1804 3592 2067 3681 quidem
2102 3594 2313 3682 probo
2350 3594 2620 3683 plurima
2648 3594 2717 3657 in

583 3699 808 3779 bosio,
856 3719 1096 3786 sequor
1135 3697 1515 3761 divisionem
1563 3697 1698 3776 ejus
1736 3699 2165 3785 Epistolarum
2189 3746 2207 3779 ,
2255 3697 2725 3786 pulcherrimas

577 3803 1064 3868 emendationes
1094 3828 1171 3867 ex
1190 3805 1454 3893 optimis
1488 3804 1668 3867 libris
1704 3801 2117 3891 depromptas
2151 3805 2424 3891 arripio,
2460 3805 2572 3868 sed
2608 3805 2725 3869 au(-

579 3911 803 3972 ‹lacem
831 3909 1024 3971 nimis
1047 3910 1606 3998 interpolationem
1629 3959 1645 3992 ,
1679 3910 1856 3972 nulla
1880 3912 2213 3974 suffultam
2247 3909 2566 3974 librorum
2602 3934 2724 3974 au-

581 4017 906 4090 ctoritate,
944 4014 1219 4100 probare
1257 4036 1389 4080 non
1423 4017 1631 4103 potui.
1659 4015 1899 4079 Praeter
1933 4033 2117 4080 notas
2143 4065 2162 4097 ,
2191 4038 2353 4102 quas
2386 4018 2524 4105 ipse
2555 4018 2724 4096 juris

582 4121 824 4211 publici
863 4119 1014 4183 fecit
1049 4122 1312 4201 Bosius,
1357 4124 1525 4208 leges
1555 4122 1662 4185 hic
1687 4123 2029 4186 nonnullas
2065 4121 2334 4186 ineditas
2370 4140 2547 4200 ante,
2576 4124 2725 4210 qui-
