<?xml version="1.0" encoding="UTF-8"?>
<!DOCTYPE html PUBLIC "-//W3C//DTD XHTML 1.0 Transitional//EN"
    "http://www.w3.org/TR/xhtml1/DTD/xhtml1-transitional.dtd">
<html xmlns="http://www.w3.org/1999/xhtml" xml:lang="en" lang="en">
 <head>
  <title>
</title>
<meta http-equiv="Content-Type" content="text/html;charset=utf-8" />
  <meta name='ocr-system' content='tesseract 3.04.00' />
  <meta name='ocr-capabilities' content='ocr_page ocr_carea ocr_par ocr_line ocrx_word'/>
</head>
<body>
  <div class='ocr_page' id='page_1' title='image "./mtciceronisquae01bouigoog_0373.png"; bbox 0 0 3023 4773; ppageno 0'>
   <div class='ocr_carea' id='block_1_1' title="bbox 675 352 2492 443">
    <p class='ocr_par' dir='ltr' id='par_1_1' title="bbox 675 352 2492 443">
     <span class='ocr_line' id='line_1_1' title="bbox 675 352 2492 443; baseline 0.002 -18"><span class='ocrx_word' id='word_1_1' title='bbox 675 356 1182 427; x_wconf 74' lang='lat' dir='ltr'><strong>EPISTO&#39;LAE</strong></span> <span class='ocrx_word' id='word_1_2' title='bbox 1239 358 1367 425; x_wconf 85' lang='lat' dir='ltr'><strong>AD</strong></span> <span class='ocrx_word' id='word_1_3' title='bbox 1419 360 1906 441; x_wconf 69' lang='grc' dir='ltr'>ΑΤΤΙΟΠΜ,</span> <span class='ocrx_word' id='word_1_4' title='bbox 1954 362 2065 443; x_wconf 90' lang='lat'><strong>11,</strong></span> <span class='ocrx_word' id='word_1_5' title='bbox 2128 384 2183 427; x_wconf 89' lang='lat'><strong>1.</strong></span> <span class='ocrx_word' id='word_1_6' title='bbox 2353 352 2492 429; x_wconf 82' lang='grc'><strong>363</strong></span> 
     </span>
    </p>
   </div>
   <div class='ocr_carea' id='block_1_2' title="bbox 371 476 2501 2108">
    <p class='ocr_par' dir='ltr' id='par_1_2' title="bbox 371 476 2501 2108">
     <span class='ocr_line' id='line_1_2' title="bbox 377 476 2489 576; baseline 0.001 -28"><span class='ocrx_word' id='word_1_7' title='bbox 377 480 465 549; x_wconf 86' lang='lat' dir='ltr'><strong>lia</strong></span> <span class='ocrx_word' id='word_1_8' title='bbox 485 476 547 522; x_wconf 77' lang='lat'><strong>⁵⁶</strong></span> <span class='ocrx_word' id='word_1_9' title='bbox 597 504 967 576; x_wconf 68' lang='lat' dir='ltr'><strong>speramus</strong></span> <span class='ocrx_word' id='word_1_10' title='bbox 1018 504 1172 550; x_wconf 88' lang='lat' dir='ltr'><strong>esse</strong></span> <span class='ocrx_word' id='word_1_11' title='bbox 1235 482 1485 549; x_wconf 89' lang='lat' dir='ltr'><strong>otium.</strong></span> <span class='ocrx_word' id='word_1_12' title='bbox 1537 482 1995 576; x_wconf 82' lang='lat' dir='ltr'>Prognostica</span> <span class='ocrx_word' id='word_1_13' title='bbox 2015 477 2073 534; x_wconf 85' lang='lat'><strong>⁵⁷</strong></span> <span class='ocrx_word' id='word_1_14' title='bbox 2114 505 2489 551; x_wconf 81' lang='lat' dir='ltr'><strong>mea.cum</strong></span> 
     </span>
     <span class='ocr_line' id='line_1_3' title="bbox 375 587 2487 686; baseline 0.002 -29"><span class='ocrx_word' id='word_1_15' title='bbox 375 587 839 658; x_wconf 85' lang='lat' dir='ltr'><strong>oratiunculis</strong></span> <span class='ocrx_word' id='word_1_16' title='bbox 884 587 1300 685; x_wconf 82' lang='lat' dir='ltr'>propediem</span> <span class='ocrx_word' id='word_1_17' title='bbox 1341 603 1687 685; x_wconf 83' lang='lat' dir='ltr'><strong>exspecta.</strong></span> <span class='ocrx_word' id='word_1_18' title='bbox 1727 593 1819 658; x_wconf 90' lang='lat' dir='ltr'><strong>Et</strong></span> <span class='ocrx_word' id='word_1_19' title='bbox 1851 602 2122 676; x_wconf 85' lang='lat' dir='ltr'><strong>tamen,</strong></span> <span class='ocrx_word' id='word_1_20' title='bbox 2158 588 2335 686; x_wconf 90' lang='lat' dir='ltr'><strong>quid</strong></span> <span class='ocrx_word' id='word_1_21' title='bbox 2369 615 2487 661; x_wconf 92' lang='lat' dir='ltr'><strong>co-</strong></span> 
     </span>
     <span class='ocr_line' id='line_1_4' title="bbox 374 696 2492 795; baseline 0.001 -28"><span class='ocrx_word' id='word_1_22' title='bbox 374 700 551 795; x_wconf 86' lang='lat' dir='ltr'><strong>gites</strong></span> <span class='ocrx_word' id='word_1_23' title='bbox 583 696 672 767; x_wconf 75' lang='lat' dir='ltr'><strong>tle</strong></span> <span class='ocrx_word' id='word_1_24' title='bbox 717 696 1028 768; x_wconf 88' lang='lat' dir='ltr'><strong>adventu</strong></span> <span class='ocrx_word' id='word_1_25' title='bbox 1075 713 1234 787; x_wconf 87' lang='lat' dir='ltr'><strong>tu0‚</strong></span> <span class='ocrx_word' id='word_1_26' title='bbox 1268 696 1499 769; x_wconf 83' lang='lat' dir='ltr'><strong>scribe</strong></span> <span class='ocrx_word' id='word_1_27' title='bbox 1541 698 1629 768; x_wconf 89' lang='lat' dir='ltr'><strong>ad</strong></span> <span class='ocrx_word' id='word_1_28' title='bbox 1669 723 1821 768; x_wconf 78' lang='lat' dir='ltr'><strong>nos,</strong></span> <span class='ocrx_word' id='word_1_29' title='bbox 1860 702 2038 769; x_wconf 87' lang='lat' dir='ltr'><strong>Nam</strong></span> <span class='ocrx_word' id='word_1_30' title='bbox 2067 698 2241 768; x_wconf 88' lang='lat' dir='ltr'><strong>mihi</strong></span> <span class='ocrx_word' id='word_1_31' title='bbox 2279 702 2492 770; x_wconf 88' lang='lat' dir='ltr'><strong>Pom-</strong></span> 
     </span>
     <span class='ocr_line' id='line_1_5' title="bbox 377 807 2492 903; baseline 0.002 -28"><span class='ocrx_word' id='word_1_32' title='bbox 377 809 594 902; x_wconf 84' lang='lat' dir='ltr'><strong>ponia</strong></span> <span class='ocrx_word' id='word_1_33' title='bbox 636 810 947 876; x_wconf 87' lang='lat' dir='ltr'><strong>nuntiari</strong></span> <span class='ocrx_word' id='word_1_34' title='bbox 987 808 1232 901; x_wconf 85' lang='lat' dir='ltr'><strong>jussit,</strong></span> <span class='ocrx_word' id='word_1_35' title='bbox 1286 821 1357 878; x_wconf 91' lang='lat' dir='ltr'><strong>te</strong></span> <span class='ocrx_word' id='word_1_36' title='bbox 1401 832 1649 878; x_wconf 89' lang='lat' dir='ltr'><strong>mense</strong></span> <span class='ocrx_word' id='word_1_37' title='bbox 1690 808 1977 903; x_wconf 84' lang='lat' dir='ltr'><strong>quintili</strong></span> <span class='ocrx_word' id='word_1_38' title='bbox 2035 810 2274 876; x_wconf 79' lang='lat' dir='ltr'><strong>Rotnae</strong></span> <span class='ocrx_word' id='word_1_39' title='bbox 2318 807 2492 880; x_wconf 85' lang='lat' dir='ltr'><strong>fore.</strong></span> 
     </span>
     <span class='ocr_line' id='line_1_6' title="bbox 376 904 2495 1013; baseline 0.002 -27"><span class='ocrx_word' id='word_1_40' title='bbox 376 914 451 986; x_wconf 88' lang='lat' dir='ltr'><strong>Id</strong></span> <span class='ocrx_word' id='word_1_41' title='bbox 484 941 523 985; x_wconf 91' lang='lat' dir='ltr'><strong>a</strong></span> <span class='ocrx_word' id='word_1_42' title='bbox 560 917 702 986; x_wconf 89' lang='lat' dir='ltr'><strong>tuis</strong></span> <span class='ocrx_word' id='word_1_43' title='bbox 730 916 987 1004; x_wconf 81' lang='lat' dir='ltr'><strong>literiS,</strong></span> <span class='ocrx_word' id='word_1_44' title='bbox 1016 904 1196 1013; x_wconf 77' lang='lat' dir='ltr'><strong>quas</strong></span> <span class='ocrx_word' id='word_1_45' title='bbox 1224 916 1310 987; x_wconf 89' lang='lat' dir='ltr'><strong>ad</strong></span> <span class='ocrx_word' id='word_1_46' title='bbox 1347 941 1463 987; x_wconf 88' lang='lat' dir='ltr'><strong>me</strong></span> <span class='ocrx_word' id='word_1_47' title='bbox 1489 916 1580 987; x_wconf 92' lang='lat' dir='ltr'><strong>de</strong></span> <span class='ocrx_word' id='word_1_48' title='bbox 1615 942 1900 988; x_wconf 82' lang='lat' dir='ltr'><strong>accessu</strong></span> <span class='ocrx_word' id='word_1_49' title='bbox 1920 914 1980 959; x_wconf 81' lang='lat'><strong>⁵⁸</strong></span> <span class='ocrx_word' id='word_1_50' title='bbox 2008 932 2136 987; x_wconf 87' lang='lat' dir='ltr'><strong>tuo</strong></span> <span class='ocrx_word' id='word_1_51' title='bbox 2173 920 2495 1003; x_wconf 64' lang='lat' dir='ltr'><strong>miserem,</strong></span> 
     </span>
     <span class='ocr_line' id='line_1_7' title="bbox 373 1022 2497 1123; baseline 0.003 -31"><span class='ocrx_word' id='word_1_52' title='bbox 373 1022 847 1121; x_wconf 83' lang='lat' dir='ltr'><strong>discrepabat.</strong></span> <span class='ocrx_word' id='word_1_53' title='bbox 871 1030 1221 1113; x_wconf 79' lang='lat' dir='ltr'><strong>Paetu5‚ut</strong></span> <span class='ocrx_word' id='word_1_54' title='bbox 1247 1040 1455 1097; x_wconf 86' lang='lat' dir='ltr'><strong>antea</strong></span> <span class='ocrx_word' id='word_1_55' title='bbox 1483 1027 1571 1096; x_wconf 85' lang='lat' dir='ltr'><strong>ad</strong></span> <span class='ocrx_word' id='word_1_56' title='bbox 1604 1042 1673 1097; x_wconf 88' lang='lat' dir='ltr'><strong>te</strong></span> <span class='ocrx_word' id='word_1_57' title='bbox 1703 1030 2247 1123; x_wconf 82' lang='lat' dir='ltr'><strong>scripsi,ornnes</strong></span> <span class='ocrx_word' id='word_1_58' title='bbox 2277 1026 2497 1099; x_wconf 86' lang='lat' dir='ltr'><strong>libros</strong></span> 
     </span>
     <span class='ocr_line' id='line_1_8' title="bbox 371 1132 2499 1231; baseline 0.001 -26"><span class='ocrx_word' id='word_1_59' title='bbox 371 1159 558 1229; x_wconf 89' lang='lat' dir='ltr'><strong>quos</strong></span> <span class='ocrx_word' id='word_1_60' title='bbox 596 1132 813 1205; x_wconf 88' lang='lat' dir='ltr'><strong>frater</strong></span> <span class='ocrx_word' id='word_1_61' title='bbox 848 1159 1022 1205; x_wconf 89' lang='lat' dir='ltr'><strong>suus</strong></span> <span class='ocrx_word' id='word_1_62' title='bbox 1064 1135 1507 1231; x_wconf 85' lang='lat' dir='ltr'><strong>reliquisset,</strong></span> <span class='ocrx_word' id='word_1_63' title='bbox 1547 1136 1724 1204; x_wconf 86' lang='lat' dir='ltr'><strong>mihi</strong></span> <span class='ocrx_word' id='word_1_64' title='bbox 1761 1135 2075 1206; x_wconf 83' lang='lat' dir='ltr'><strong>donavit.</strong></span> <span class='ocrx_word' id='word_1_65' title='bbox 2120 1140 2272 1207; x_wconf 89' lang='lat' dir='ltr'><strong>Hoc</strong></span> <span class='ocrx_word' id='word_1_66' title='bbox 2309 1136 2499 1207; x_wconf 85' lang='lat' dir='ltr'><strong>illius</strong></span> 
     </span>
     <span class='ocr_line' id='line_1_9' title="bbox 372 1244 2500 1343; baseline 0.001 -30"><span class='ocrx_word' id='word_1_67' title='bbox 372 1270 639 1315; x_wconf 90' lang='lat' dir='ltr'><strong>munus</strong></span> <span class='ocrx_word' id='word_1_68' title='bbox 658 1250 730 1315; x_wconf 92' lang='lat' dir='ltr'><strong>in</strong></span> <span class='ocrx_word' id='word_1_69' title='bbox 759 1260 880 1315; x_wconf 88' lang='lat' dir='ltr'><strong>tua</strong></span> <span class='ocrx_word' id='word_1_70' title='bbox 899 1244 1266 1341; x_wconf 80' lang='lat' dir='ltr'>diligentia</span> <span class='ocrx_word' id='word_1_71' title='bbox 1291 1247 1608 1343; x_wconf 82' lang='lat' dir='ltr'><strong>positum</strong></span> <span class='ocrx_word' id='word_1_72' title='bbox 1638 1262 1765 1316; x_wconf 90' lang='lat' dir='ltr'><strong>est.</strong></span> <span class='ocrx_word' id='word_1_73' title='bbox 1798 1247 1868 1314; x_wconf 90' lang='lat' dir='ltr'><strong>Si</strong></span> <span class='ocrx_word' id='word_1_74' title='bbox 1895 1269 2009 1315; x_wconf 85' lang='lat' dir='ltr'><strong>me</strong></span> <span class='ocrx_word' id='word_1_75' title='bbox 2036 1269 2264 1331; x_wconf 87' lang='lat' dir='ltr'><strong>amas,</strong></span> <span class='ocrx_word' id='word_1_76' title='bbox 2298 1270 2500 1332; x_wconf 89' lang='lat' dir='ltr'><strong>cura,</strong></span> 
     </span>
     <span class='ocr_line' id='line_1_10' title="bbox 373 1352 2500 1452; baseline 0.002 -31"><span class='ocrx_word' id='word_1_77' title='bbox 373 1367 454 1422; x_wconf 85' lang='lat' dir='ltr'><strong>ut</strong></span> <span class='ocrx_word' id='word_1_78' title='bbox 475 1369 994 1424; x_wconf 82' lang='lat' dir='ltr'><strong>conserventur</strong></span> <span class='ocrx_word' id='word_1_79' title='bbox 1013 1410 1031 1443; x_wconf 87' lang='lat'>,</span> <span class='ocrx_word' id='word_1_80' title='bbox 1061 1369 1132 1425; x_wconf 89' lang='lat' dir='ltr'><strong>et</strong></span> <span class='ocrx_word' id='word_1_81' title='bbox 1154 1354 1240 1424; x_wconf 87' lang='lat' dir='ltr'><strong>ad</strong></span> <span class='ocrx_word' id='word_1_82' title='bbox 1269 1380 1386 1425; x_wconf 87' lang='lat' dir='ltr'><strong>me</strong></span> <span class='ocrx_word' id='word_1_83' title='bbox 1407 1352 1883 1452; x_wconf 71' lang='lat' dir='ltr'><strong>perferantur.</strong></span> <span class='ocrx_word' id='word_1_84' title='bbox 1920 1359 2072 1424; x_wconf 90' lang='lat' dir='ltr'><strong>Hoc</strong></span> <span class='ocrx_word' id='word_1_85' title='bbox 2104 1353 2282 1424; x_wconf 86' lang='lat' dir='ltr'><strong>mihi</strong></span> <span class='ocrx_word' id='word_1_86' title='bbox 2319 1356 2500 1426; x_wconf 86' lang='lat' dir='ltr'>nihil</span> 
     </span>
     <span class='ocr_line' id='line_1_11' title="bbox 375 1463 2498 1561; baseline -0 -27"><span class='ocrx_word' id='word_1_87' title='bbox 375 1478 606 1559; x_wconf 87' lang='lat' dir='ltr'><strong>potest</strong></span> <span class='ocrx_word' id='word_1_88' title='bbox 638 1489 791 1536; x_wconf 87' lang='lat' dir='ltr'><strong>esse</strong></span> <span class='ocrx_word' id='word_1_89' title='bbox 820 1468 1129 1561; x_wconf 84' lang='lat' dir='ltr'><strong>gratius:</strong></span> <span class='ocrx_word' id='word_1_90' title='bbox 1164 1479 1271 1552; x_wconf 87' lang='lat' dir='ltr'><strong>et,</strong></span> <span class='ocrx_word' id='word_1_91' title='bbox 1316 1490 1545 1561; x_wconf 88' lang='lat' dir='ltr'><strong>quum</strong></span> <span class='ocrx_word' id='word_1_92' title='bbox 1591 1488 1893 1560; x_wconf 74' lang='lat' dir='ltr'><strong>graecos,</strong></span> <span class='ocrx_word' id='word_1_93' title='bbox 1937 1477 2087 1533; x_wconf 88' lang='lat' dir='ltr'><strong>tum</strong></span> <span class='ocrx_word' id='word_1_94' title='bbox 2129 1489 2299 1533; x_wconf 84' lang='lat' dir='ltr'><strong>vero</strong></span> <span class='ocrx_word' id='word_1_95' title='bbox 2335 1463 2498 1534; x_wconf 89' lang='lat' dir='ltr'><strong>dili-</strong></span> 
     </span>
     <span class='ocr_line' id='line_1_12' title="bbox 373 1573 2500 1671; baseline 0 -28"><span class='ocrx_word' id='word_1_96' title='bbox 373 1588 624 1671; x_wconf 78' lang='lat' dir='ltr'><strong>genter</strong></span> <span class='ocrx_word' id='word_1_97' title='bbox 678 1575 934 1645; x_wconf 89' lang='lat' dir='ltr'><strong>latinos</strong></span> <span class='ocrx_word' id='word_1_98' title='bbox 995 1589 1075 1644; x_wconf 88' lang='lat' dir='ltr'><strong>ut</strong></span> <span class='ocrx_word' id='word_1_99' title='bbox 1129 1599 1510 1646; x_wconf 85' lang='lat' dir='ltr'><strong>conserves</strong></span> <span class='ocrx_word' id='word_1_100' title='bbox 1569 1573 1804 1644; x_wconf 89' lang='lat' dir='ltr'><strong>velim.</strong></span> <span class='ocrx_word' id='word_1_101' title='bbox 1865 1578 2100 1643; x_wconf 88' lang='lat' dir='ltr'><strong>Tuum</strong></span> <span class='ocrx_word' id='word_1_102' title='bbox 2157 1597 2307 1644; x_wconf 86' lang='lat' dir='ltr'><strong>esse</strong></span> <span class='ocrx_word' id='word_1_103' title='bbox 2359 1573 2500 1644; x_wconf 91' lang='lat' dir='ltr'><strong>hoc</strong></span> 
     </span>
     <span class='ocr_line' id='line_1_13' title="bbox 372 1680 2498 1782; baseline 0 -31"><span class='ocrx_word' id='word_1_104' title='bbox 372 1686 882 1755; x_wconf 85' lang='lat' dir='ltr'><strong>munusculum</strong></span> <span class='ocrx_word' id='word_1_105' title='bbox 931 1685 1228 1782; x_wconf 84' lang='lat' dir='ltr'><strong>putabo.</strong></span> <span class='ocrx_word' id='word_1_106' title='bbox 1271 1684 1377 1755; x_wconf 86' lang='lat' dir='ltr'><strong>Ad</strong></span> <span class='ocrx_word' id='word_1_107' title='bbox 1416 1685 1794 1756; x_wconf 85' lang='lat' dir='ltr'><strong>Octavium</strong></span> <span class='ocrx_word' id='word_1_108' title='bbox 1825 1680 1989 1753; x_wconf 90' lang='lat' dir='ltr'><strong>dedi</strong></span> <span class='ocrx_word' id='word_1_109' title='bbox 2020 1681 2299 1752; x_wconf 83' lang='lat' dir='ltr'><strong>literas:</strong></span> <span class='ocrx_word' id='word_1_110' title='bbox 2332 1707 2498 1753; x_wconf 89' lang='lat' dir='ltr'><strong>cum</strong></span> 
     </span>
     <span class='ocr_line' id='line_1_14' title="bbox 377 1791 2501 1891; baseline 0 -31"><span class='ocrx_word' id='word_1_111' title='bbox 377 1796 529 1888; x_wconf 85' lang='lat' dir='ltr'><strong>ipso</strong></span> <span class='ocrx_word' id='word_1_112' title='bbox 555 1793 729 1862; x_wconf 90' lang='lat' dir='ltr'><strong>nihil</strong></span> <span class='ocrx_word' id='word_1_113' title='bbox 761 1818 953 1863; x_wconf 87' lang='lat' dir='ltr'><strong>eram</strong></span> <span class='ocrx_word' id='word_1_114' title='bbox 989 1794 1360 1891; x_wconf 86' lang='lat' dir='ltr'><strong>loquutus.</strong></span> <span class='ocrx_word' id='word_1_115' title='bbox 1401 1791 1656 1890; x_wconf 88' lang='lat' dir='ltr'><strong>Neque</strong></span> <span class='ocrx_word' id='word_1_116' title='bbox 1684 1793 1877 1863; x_wconf 86' lang='lat' dir='ltr'><strong>enim</strong></span> <span class='ocrx_word' id='word_1_117' title='bbox 1910 1794 2036 1862; x_wconf 83' lang='lat' dir='ltr'><strong>ista</strong></span> <span class='ocrx_word' id='word_1_118' title='bbox 2068 1805 2189 1862; x_wconf 87' lang='lat' dir='ltr'><strong>tua</strong></span> <span class='ocrx_word' id='word_1_119' title='bbox 2215 1794 2501 1887; x_wconf 86' lang='lat' dir='ltr'><strong>negotia</strong></span> 
     </span>
     <span class='ocr_line' id='line_1_15' title="bbox 375 1899 2497 1999; baseline 0 -29"><span class='ocrx_word' id='word_1_120' title='bbox 375 1902 833 1996; x_wconf 83' lang='lat' dir='ltr'>provincialia</span> <span class='ocrx_word' id='word_1_121' title='bbox 853 1899 916 1959; x_wconf 77' lang='lat'><strong>59</strong></span> <span class='ocrx_word' id='word_1_122' title='bbox 957 1928 1109 1973; x_wconf 84' lang='lat' dir='ltr'><strong>esse</strong></span> <span class='ocrx_word' id='word_1_123' title='bbox 1146 1903 1530 1999; x_wconf 80' lang='lat' dir='ltr'><strong>putabam3</strong></span> <span class='ocrx_word' id='word_1_124' title='bbox 1585 1927 1824 1999; x_wconf 85' lang='lat' dir='ltr'><strong>neque</strong></span> <span class='ocrx_word' id='word_1_125' title='bbox 1866 1917 1933 1971; x_wconf 90' lang='lat' dir='ltr'><strong>te</strong></span> <span class='ocrx_word' id='word_1_126' title='bbox 1978 1903 2050 1970; x_wconf 93' lang='lat' dir='ltr'><strong>in</strong></span> <span class='ocrx_word' id='word_1_127' title='bbox 2089 1901 2497 1971; x_wconf 87' lang='lat' dir='ltr'><strong>tocullioni-</strong></span> 
     </span>
     <span class='ocr_line' id='line_1_16' title="bbox 373 2008 2353 2108; baseline 0 -29"><span class='ocrx_word' id='word_1_128' title='bbox 373 2008 589 2080; x_wconf 75' lang='lat' dir='ltr'><strong>bus⁶⁰</strong></span> <span class='ocrx_word' id='word_1_129' title='bbox 619 2010 995 2081; x_wconf 79' lang='lat' dir='ltr'><strong>habebam.</strong></span> <span class='ocrx_word' id='word_1_130' title='bbox 1039 2011 1176 2082; x_wconf 86' lang='lat' dir='ltr'><strong>Sed</strong></span> <span class='ocrx_word' id='word_1_131' title='bbox 1215 2013 1503 2108; x_wconf 86' lang='lat' dir='ltr'><strong>scripsi,</strong></span> <span class='ocrx_word' id='word_1_132' title='bbox 1546 2027 1625 2081; x_wconf 87' lang='lat' dir='ltr'><strong>ut</strong></span> <span class='ocrx_word' id='word_1_133' title='bbox 1660 2010 1917 2095; x_wconf 85' lang='lat' dir='ltr'><strong>debui,</strong></span> <span class='ocrx_word' id='word_1_134' title='bbox 1955 2009 2353 2105; x_wconf 84' lang='lat' dir='ltr'><strong>diligenter.</strong></span> 
     </span>
    </p>
   </div>
   <div class='ocr_carea' id='block_1_3' title="bbox 371 2216 1390 2342">
    <p class='ocr_par' dir='ltr' id='par_1_3' title="bbox 371 2216 1390 2342">
     <span class='ocr_line' id='line_1_17' title="bbox 447 2216 1390 2281; baseline 0.002 -20"><span class='ocrx_word' id='word_1_135' title='bbox 447 2216 531 2264; x_wconf 82' lang='lat'><strong>56.</strong></span> <span class='ocrx_word' id='word_1_136' title='bbox 563 2218 621 2262; x_wconf 83' lang='lat' dir='ltr'><strong>In</strong></span> <span class='ocrx_word' id='word_1_137' title='bbox 656 2216 838 2265; x_wconf 80' lang='lat' dir='ltr'><strong>Gallia.</strong></span> <span class='ocrx_word' id='word_1_138' title='bbox 864 2216 990 2265; x_wconf 82' lang='lat' dir='ltr'><strong>Vide</strong></span> <span class='ocrx_word' id='word_1_139' title='bbox 1017 2217 1104 2265; x_wconf 85' lang='lat' dir='ltr'><strong>tib.</strong></span> <span class='ocrx_word' id='word_1_140' title='bbox 1138 2220 1189 2272; x_wconf 88' lang='lat'><strong>1,</strong></span> <span class='ocrx_word' id='word_1_141' title='bbox 1221 2234 1300 2281; x_wconf 81' lang='lat' dir='ltr'><strong>ep.</strong></span> <span class='ocrx_word' id='word_1_142' title='bbox 1330 2218 1390 2264; x_wconf 79' lang='lat'><strong>16</strong></span> 
     </span>
     <span class='ocr_line' id='line_1_18' title="bbox 371 2296 530 2342; baseline 0.006 -1"><span class='ocrx_word' id='word_1_143' title='bbox 371 2304 420 2341; x_wconf 87' lang='lat' dir='ltr'><strong>et</strong></span> <span class='ocrx_word' id='word_1_144' title='bbox 449 2296 530 2342; x_wconf 77' lang='lat'><strong>¹8.</strong></span> 
     </span>
    </p>
   </div>
   <div class='ocr_carea' id='block_1_4' title="bbox 1478 2206 2500 2357">
    <p class='ocr_par' dir='ltr' id='par_1_4' title="bbox 1478 2206 2500 2357">
     <span class='ocr_line' id='line_1_19' title="bbox 1479 2206 2495 2281; baseline 0 -18"><span class='ocrx_word' id='word_1_145' title='bbox 1479 2218 1690 2281; x_wconf 81' lang='lat' dir='ltr'><strong>Sicyone</strong></span> <span class='ocrx_word' id='word_1_146' title='bbox 1713 2230 1727 2263; x_wconf 84' lang='lat'>:</span> <span class='ocrx_word' id='word_1_147' title='bbox 1753 2229 1853 2262; x_wconf 89' lang='lat' dir='ltr'><strong>non</strong></span> <span class='ocrx_word' id='word_1_148' title='bbox 1882 2215 2025 2262; x_wconf 77' lang='lat' dir='ltr'><strong>etiam</strong></span> <span class='ocrx_word' id='word_1_149' title='bbox 2046 2214 2096 2261; x_wconf 91' lang='lat' dir='ltr'><strong>in</strong></span> <span class='ocrx_word' id='word_1_150' title='bbox 2123 2206 2495 2277; x_wconf 67' lang='lat' dir='ltr'><strong>provinciis‚&#39;in</strong></span> 
     </span>
     <span class='ocr_line' id='line_1_20' title="bbox 1478 2292 2500 2357; baseline -0.001 -15"><span class='ocrx_word' id='word_1_151' title='bbox 1478 2294 1656 2357; x_wconf 83' lang='lat' dir='ltr'><strong>quibus</strong></span> <span class='ocrx_word' id='word_1_152' title='bbox 1690 2292 1878 2342; x_wconf 70' lang='lat' dir='ltr'><strong>romani</strong></span> <span class='ocrx_word' id='word_1_153' title='bbox 1916 2293 2221 2355; x_wconf 68' lang='lat' dir='ltr'><strong>magistratus</strong></span> <span class='ocrx_word' id='word_1_154' title='bbox 2249 2294 2331 2352; x_wconf 86' lang='lat' dir='ltr'><strong>jus</strong></span> <span class='ocrx_word' id='word_1_155' title='bbox 2369 2294 2500 2341; x_wconf 86' lang='lat' dir='ltr'><strong>dice-</strong></span> 
     </span>
    </p>
   </div>
   <div class='ocr_carea' id='block_1_5' title="bbox 367 2373 1389 3459">
    <p class='ocr_par' dir='ltr' id='par_1_5' title="bbox 367 2373 1389 3134">
     <span class='ocr_line' id='line_1_21' title="bbox 441 2373 1388 2438; baseline 0.002 -19"><span class='ocrx_word' id='word_1_156' title='bbox 441 2374 470 2419; x_wconf 87' lang='lat'><em>5</em></span> <span class='ocrx_word' id='word_1_157' title='bbox 478 2389 528 2433; x_wconf 89' lang='lat'><strong>7.</strong></span> <span class='ocrx_word' id='word_1_158' title='bbox 554 2373 885 2438; x_wconf 75' lang='lat' dir='ltr'><strong>Prognostica.</strong></span> <span class='ocrx_word' id='word_1_159' title='bbox 908 2374 1082 2423; x_wconf 85' lang='lat' dir='ltr'><strong>Cicero</strong></span> <span class='ocrx_word' id='word_1_160' title='bbox 1103 2375 1388 2438; x_wconf 72' lang='lat' dir='ltr'><strong>interpreta-</strong></span> 
     </span>
     <span class='ocr_line' id='line_1_22' title="bbox 371 2452 1389 2516; baseline 0.002 -18"><span class='ocrx_word' id='word_1_161' title='bbox 371 2464 449 2498; x_wconf 86' lang='lat' dir='ltr'><strong>tus</strong></span> <span class='ocrx_word' id='word_1_162' title='bbox 474 2460 546 2499; x_wconf 84' lang='lat' dir='ltr'><strong>est</strong></span> <span class='ocrx_word' id='word_1_163' title='bbox 563 2452 780 2499; x_wconf 74' lang='lat' dir='ltr'><strong>versibus</strong></span> <span class='ocrx_word' id='word_1_164' title='bbox 808 2453 943 2502; x_wconf 77' lang='lat' dir='ltr'><strong>Arati</strong></span> <span class='ocrx_word' id='word_1_165' title='bbox 966 2454 1279 2516; x_wconf 70' lang='lat' dir='ltr'><strong>Prognostica</strong></span> <span class='ocrx_word' id='word_1_166' title='bbox 1294 2487 1308 2511; x_wconf 94' lang='lat'><strong>‚</strong></span> <span class='ocrx_word' id='word_1_167' title='bbox 1337 2464 1389 2501; x_wconf 89' lang='lat' dir='ltr'><strong>ut</strong></span> 
     </span>
     <span class='ocr_line' id='line_1_23' title="bbox 370 2531 1388 2595; baseline 0.006 -21"><span class='ocrx_word' id='word_1_168' title='bbox 370 2540 559 2578; x_wconf 80' lang='lat' dir='ltr'><strong>constat</strong></span> <span class='ocrx_word' id='word_1_169' title='bbox 579 2547 607 2577; x_wconf 89' lang='lat' dir='ltr'><strong>e</strong></span> <span class='ocrx_word' id='word_1_170' title='bbox 626 2531 762 2577; x_wconf 84' lang='lat' dir='ltr'><strong>libris</strong></span> <span class='ocrx_word' id='word_1_171' title='bbox 789 2531 849 2578; x_wconf 87' lang='lat' dir='ltr'><strong>de</strong></span> <span class='ocrx_word' id='word_1_172' title='bbox 873 2532 1187 2584; x_wconf 71' lang='lat' dir='ltr'><strong>Divinatione</strong></span> <span class='ocrx_word' id='word_1_173' title='bbox 1204 2568 1218 2590; x_wconf 88' lang='lat'><strong>‚</strong></span> <span class='ocrx_word' id='word_1_174' title='bbox 1241 2548 1388 2595; x_wconf 78' lang='lat' dir='ltr'><strong>qnare</strong></span> 
     </span>
     <span class='ocr_line' id='line_1_24' title="bbox 371 2609 1387 2675; baseline 0.004 -21"><span class='ocrx_word' id='word_1_175' title='bbox 371 2624 467 2656; x_wconf 91' lang='lat' dir='ltr'><strong>non</strong></span> <span class='ocrx_word' id='word_1_176' title='bbox 493 2609 651 2658; x_wconf 78' lang='lat' dir='ltr'><strong>babeo</strong></span> <span class='ocrx_word' id='word_1_177' title='bbox 669 2610 872 2657; x_wconf 87' lang='lat' dir='ltr'><strong>dubium</strong></span> <span class='ocrx_word' id='word_1_178' title='bbox 887 2644 902 2667; x_wconf 88' lang='lat'>,</span> <span class='ocrx_word' id='word_1_179' title='bbox 924 2613 1045 2673; x_wconf 88' lang='lat' dir='ltr'><strong>quin</strong></span> <span class='ocrx_word' id='word_1_180' title='bbox 1062 2628 1114 2659; x_wconf 81' lang='lat' dir='ltr'><strong>ea</strong></span> <span class='ocrx_word' id='word_1_181' title='bbox 1137 2612 1387 2675; x_wconf 80' lang='lat' dir='ltr'><strong>intelligat.</strong></span> 
     </span>
     <span class='ocr_line' id='line_1_25' title="bbox 367 2687 1386 2740; baseline 0.004 -7"><span class='ocrx_word' id='word_1_182' title='bbox 367 2688 590 2736; x_wconf 78' lang='lat' dir='ltr'><strong>Meminit</strong></span> <span class='ocrx_word' id='word_1_183' title='bbox 607 2687 783 2738; x_wconf 83' lang='lat' dir='ltr'><strong>horum</strong></span> <span class='ocrx_word' id='word_1_184' title='bbox 802 2691 945 2735; x_wconf 82' lang='lat' dir='ltr'><strong>etiam</strong></span> <span class='ocrx_word' id='word_1_185' title='bbox 965 2690 1092 2738; x_wconf 84' lang='lat' dir='ltr'><strong>libro</strong></span> <span class='ocrx_word' id='word_1_186' title='bbox 1111 2692 1386 2740; x_wconf 77' lang='lat' dir='ltr'><strong>earumdem</strong></span> 
     </span>
     <span class='ocr_line' id='line_1_26' title="bbox 369 2765 1384 2832; baseline 0.004 -20"><span class='ocrx_word' id='word_1_187' title='bbox 369 2765 679 2828; x_wconf 68' lang='lat' dir='ltr'><strong>epistolarum</strong></span> <span class='ocrx_word' id='word_1_188' title='bbox 693 2769 788 2814; x_wconf 75' lang='lat' dir='ltr'><strong>XV</strong></span> <span class='ocrx_word' id='word_1_189' title='bbox 797 2802 813 2824; x_wconf 82' lang='lat'>,</span> <span class='ocrx_word' id='word_1_190' title='bbox 826 2768 904 2815; x_wconf 82' lang='lat' dir='ltr'><strong>his</strong></span> <span class='ocrx_word' id='word_1_191' title='bbox 917 2769 1098 2818; x_wconf 84' lang='lat' dir='ltr'><strong>verbis:</strong></span> <span class='ocrx_word' id='word_1_192' title='bbox 1114 2791 1138 2810; x_wconf 69' lang='grc' dir='ltr'><strong>α</strong></span> <span class='ocrx_word' id='word_1_193' title='bbox 1148 2770 1384 2832; x_wconf 82' lang='lat' dir='ltr'><strong>Equidem</strong></span> 
     </span>
     <span class='ocr_line' id='line_1_27' title="bbox 371 2846 1384 2911; baseline 0.007 -22"><span class='ocrx_word' id='word_1_194' title='bbox 371 2846 510 2891; x_wconf 76' lang='lat' dir='ltr'><strong>etiam</strong></span> <span class='ocrx_word' id='word_1_195' title='bbox 541 2846 730 2908; x_wconf 75' lang='lat' dir='ltr'><strong>pluvias</strong></span> <span class='ocrx_word' id='word_1_196' title='bbox 766 2857 959 2905; x_wconf 84' lang='lat' dir='ltr'><strong>metuo,</strong></span> <span class='ocrx_word' id='word_1_197' title='bbox 995 2848 1035 2894; x_wconf 89' lang='lat' dir='ltr'><strong>si</strong></span> <span class='ocrx_word' id='word_1_198' title='bbox 1071 2851 1384 2911; x_wconf 74' lang='lat' dir='ltr'><strong>prognostica</strong></span> 
     </span>
     <span class='ocr_line' id='line_1_28' title="bbox 374 2925 1382 2994; baseline 0.007 -26"><span class='ocrx_word' id='word_1_199' title='bbox 374 2932 535 2970; x_wconf 74' lang='lat' dir='ltr'><strong>nostra</strong></span> <span class='ocrx_word' id='word_1_200' title='bbox 564 2940 673 2971; x_wconf 78' lang='lat' dir='ltr'><strong>vera</strong></span> <span class='ocrx_word' id='word_1_201' title='bbox 695 2935 826 2976; x_wconf 78' lang='lat' dir='ltr'><strong>sunt.</strong></span> <span class='ocrx_word' id='word_1_202' title='bbox 848 2926 997 2972; x_wconf 70' lang='lat' dir='ltr'><strong>Rnnae</strong></span> <span class='ocrx_word' id='word_1_203' title='bbox 1014 2927 1146 2978; x_wconf 79' lang='lat' dir='ltr'><strong>enim</strong></span> <span class='ocrx_word' id='word_1_204' title='bbox 1165 2925 1382 2994; x_wconf 73' lang='grc' dir='ltr'><strong>ῥητορεύ-</strong></span> 
     </span>
     <span class='ocr_line' id='line_1_29' title="bbox 373 3004 1386 3055; baseline 0.007 -9"><span class='ocrx_word' id='word_1_205' title='bbox 373 3014 530 3050; x_wconf 67' lang='grc' dir='ltr'>ουσικ.</span> <span class='ocrx_word' id='word_1_206' title='bbox 564 3004 770 3051; x_wconf 72' lang='lat' dir='ltr'><strong>Mune-r.</strong></span> <span class='ocrx_word' id='word_1_207' title='bbox 795 3029 864 3039; x_wconf 93' lang='lat'>—</span> <span class='ocrx_word' id='word_1_208' title='bbox 893 3007 1006 3051; x_wconf 78' lang='lat' dir='ltr'><strong>naec</strong></span> <span class='ocrx_word' id='word_1_209' title='bbox 1035 3020 1125 3054; x_wconf 84' lang='lat' dir='ltr'><strong>nos</strong></span> <span class='ocrx_word' id='word_1_210' title='bbox 1148 3006 1386 3055; x_wconf 83' lang='lat' dir='ltr'><strong>edidimus</strong></span> 
     </span>
     <span class='ocr_line' id='line_1_30' title="bbox 376 3081 1035 3134; baseline 0.012 -9"><span class='ocrx_word' id='word_1_211' title='bbox 376 3081 508 3131; x_wconf 82' lang='lat' dir='ltr'><strong>Poet.</strong></span> <span class='ocrx_word' id='word_1_212' title='bbox 536 3082 652 3130; x_wconf 89' lang='lat' dir='ltr'><strong>min.</strong></span> <span class='ocrx_word' id='word_1_213' title='bbox 683 3094 802 3132; x_wconf 85' lang='lat' dir='ltr'><strong>tom.</strong></span> <span class='ocrx_word' id='word_1_214' title='bbox 824 3081 911 3129; x_wconf 84' lang='lat' dir='ltr'><strong>VI.</strong></span> <span class='ocrx_word' id='word_1_215' title='bbox 936 3085 1035 3134; x_wconf 84' lang='lat' dir='ltr'><strong>En.</strong></span> 
     </span>
    </p>

    <p class='ocr_par' dir='ltr' id='par_1_6' title="bbox 443 3158 1190 3210">
     <span class='ocr_line' id='line_1_31' title="bbox 443 3158 1190 3210; baseline 0.008 -6"><span class='ocrx_word' id='word_1_216' title='bbox 443 3158 524 3206; x_wconf 82' lang='lat'><strong>58.</strong></span> <span class='ocrx_word' id='word_1_217' title='bbox 554 3162 713 3208; x_wconf 62' lang='grc' dir='ltr'><strong>(ἴτων.</strong></span> <span class='ocrx_word' id='word_1_218' title='bbox 737 3161 945 3209; x_wconf 79' lang='lat' dir='ltr'><strong>decessu.</strong></span> <span class='ocrx_word' id='word_1_219' title='bbox 968 3164 1021 3210; x_wconf 85' lang='lat' dir='ltr'><strong>J.</strong></span> <span class='ocrx_word' id='word_1_220' title='bbox 1051 3165 1112 3210; x_wconf 85' lang='lat' dir='ltr'><strong>V.</strong></span> <span class='ocrx_word' id='word_1_221' title='bbox 1137 3165 1190 3210; x_wconf 83' lang='lat'><strong>1..</strong></span> 
     </span>
    </p>

    <p class='ocr_par' dir='ltr' id='par_1_7' title="bbox 371 3237 1387 3459">
     <span class='ocr_line' id='line_1_32' title="bbox 440 3237 1387 3303; baseline 0.006 -21"><span class='ocrx_word' id='word_1_222' title='bbox 440 3237 526 3299; x_wconf 83' lang='grc'><strong>59.</strong></span> <span class='ocrx_word' id='word_1_223' title='bbox 573 3238 905 3288; x_wconf 74' lang='lat' dir='ltr'><strong>vaitaecialia.</strong></span> <span class='ocrx_word' id='word_1_224' title='bbox 961 3241 1136 3289; x_wconf 88' lang='lat' dir='ltr'><strong>Cicero</strong></span> <span class='ocrx_word' id='word_1_225' title='bbox 1185 3239 1387 3303; x_wconf 70' lang='lat' dir='ltr'><strong>putabat</strong></span> 
     </span>
     <span class='ocr_line' id='line_1_33' title="bbox 376 3315 1384 3366; baseline 0.004 -5"><span class='ocrx_word' id='word_1_226' title='bbox 376 3315 589 3365; x_wconf 77' lang='lat' dir='ltr'><strong>Atticum</strong></span> <span class='ocrx_word' id='word_1_227' title='bbox 616 3334 838 3365; x_wconf 80' lang='lat' dir='ltr'><strong>exercere</strong></span> <span class='ocrx_word' id='word_1_228' title='bbox 863 3319 1002 3366; x_wconf 81' lang='lat' dir='ltr'><strong>fenus</strong></span> <span class='ocrx_word' id='word_1_229' title='bbox 1027 3319 1077 3365; x_wconf 86' lang='lat' dir='ltr'><strong>in</strong></span> <span class='ocrx_word' id='word_1_230' title='bbox 1100 3317 1265 3365; x_wconf 86' lang='lat' dir='ltr'><strong>liberis</strong></span> <span class='ocrx_word' id='word_1_231' title='bbox 1304 3334 1384 3365; x_wconf 85' lang='lat' dir='ltr'><strong>so-</strong></span> 
     </span>
     <span class='ocr_line' id='line_1_34' title="bbox 371 3391 1386 3459; baseline 0.005 -21"><span class='ocrx_word' id='word_1_232' title='bbox 371 3391 470 3441; x_wconf 85' lang='lat' dir='ltr'><strong>lum</strong></span> <span class='ocrx_word' id='word_1_233' title='bbox 511 3397 816 3454; x_wconf 70' lang='lat' dir='ltr'><strong>civitatibus,</strong></span> <span class='ocrx_word' id='word_1_234' title='bbox 865 3408 917 3444; x_wconf 90' lang='lat' dir='ltr'><strong>ut</strong></span> <span class='ocrx_word' id='word_1_235' title='bbox 958 3398 1113 3459; x_wconf 85' lang='lat' dir='ltr'><strong>Delo,</strong></span> <span class='ocrx_word' id='word_1_236' title='bbox 1152 3396 1386 3453; x_wconf 79' lang='lat' dir='ltr'><strong>Athenis,</strong></span> 
     </span>
    </p>
   </div>
   <div class='ocr_carea' id='block_1_6' title="bbox 1475 2371 2582 2436">
    <p class='ocr_par' dir='ltr' id='par_1_8' title="bbox 1475 2371 2582 2436">
     <span class='ocr_line' id='line_1_35' title="bbox 1475 2371 2582 2436; baseline -0.001 -15"><span class='ocrx_word' id='word_1_237' title='bbox 1475 2373 1624 2430; x_wconf 84' lang='lat' dir='ltr'><strong>bant,</strong></span> <span class='ocrx_word' id='word_1_238' title='bbox 1661 2384 1716 2421; x_wconf 86' lang='lat' dir='ltr'><strong>ut</strong></span> <span class='ocrx_word' id='word_1_239' title='bbox 1756 2374 1807 2420; x_wconf 87' lang='lat' dir='ltr'><strong>in</strong></span> <span class='ocrx_word' id='word_1_240' title='bbox 1837 2371 2157 2430; x_wconf 75' lang='lat' dir='ltr'><strong>Macedonia,</strong></span> <span class='ocrx_word' id='word_1_241' title='bbox 2196 2389 2341 2436; x_wconf 81' lang='lat' dir='ltr'><strong>quam</strong></span> <span class='ocrx_word' id='word_1_242' title='bbox 2382 2382 2497 2420; x_wconf 86' lang='lat' dir='ltr'><strong>tunc</strong></span> <span class='ocrx_word' id='word_1_243' title='bbox 2562 2409 2582 2432; x_wconf 53' lang='lat'><strong>¹.</strong></span> 
     </span>
    </p>
   </div>
   <div class='ocr_carea' id='block_1_7' title="bbox 1473 2451 2498 3446">
    <p class='ocr_par' dir='ltr' id='par_1_9' title="bbox 1473 2451 2497 2897">
     <span class='ocr_line' id='line_1_36' title="bbox 1476 2451 2496 2515; baseline -0.003 -13"><span class='ocrx_word' id='word_1_244' title='bbox 1476 2454 1534 2502; x_wconf 89' lang='lat' dir='ltr'><strong>C.</strong></span> <span class='ocrx_word' id='word_1_245' title='bbox 1553 2452 1787 2500; x_wconf 71' lang='lat' dir='ltr'><strong>Octavius</strong></span> <span class='ocrx_word' id='word_1_246' title='bbox 1804 2451 2011 2513; x_wconf 76' lang='lat' dir='ltr'><strong>Augusti</strong></span> <span class='ocrx_word' id='word_1_247' title='bbox 2031 2452 2231 2499; x_wconf 71' lang='lat' dir='ltr'><strong>Caesaris</strong></span> <span class='ocrx_word' id='word_1_248' title='bbox 2250 2464 2386 2515; x_wconf 75' lang='lat' dir='ltr'><strong>pater</strong></span> <span class='ocrx_word' id='word_1_249' title='bbox 2405 2468 2496 2514; x_wconf 84' lang='lat' dir='ltr'><strong>pro</strong></span> 
     </span>
     <span class='ocr_line' id='line_1_37' title="bbox 1476 2529 2497 2595; baseline -0.001 -16"><span class='ocrx_word' id='word_1_250' title='bbox 1476 2542 1682 2595; x_wconf 82' lang='lat' dir='ltr'><strong>praetore</strong></span> <span class='ocrx_word' id='word_1_251' title='bbox 1738 2529 2115 2578; x_wconf 69' lang='lat' dir='ltr'><strong>administrabat.</strong></span> <span class='ocrx_word' id='word_1_252' title='bbox 2179 2530 2297 2578; x_wconf 79' lang='lat' dir='ltr'><strong>Ideo</strong></span> <span class='ocrx_word' id='word_1_253' title='bbox 2356 2542 2497 2578; x_wconf 72' lang='lat' dir='ltr'><strong>vocat</strong></span> 
     </span>
     <span class='ocr_line' id='line_1_38' title="bbox 1477 2610 2493 2674; baseline -0.001 -17"><span class='ocrx_word' id='word_1_254' title='bbox 1477 2633 1501 2651; x_wconf 73' lang='lat' dir='ltr'><strong>u</strong></span> <span class='ocrx_word' id='word_1_255' title='bbox 1517 2610 1832 2673; x_wconf 73' lang='lat' dir='ltr'><strong>provincialia</strong></span> <span class='ocrx_word' id='word_1_256' title='bbox 1856 2610 2048 2674; x_wconf 75' lang='lat' dir='ltr'><strong>negotia</strong></span> <span class='ocrx_word' id='word_1_257' title='bbox 2064 2632 2088 2650; x_wconf 70' lang='lat' dir='ltr'><strong>a</strong></span> <span class='ocrx_word' id='word_1_258' title='bbox 2104 2625 2215 2672; x_wconf 82' lang='lat' dir='ltr'><strong>quae</strong></span> <span class='ocrx_word' id='word_1_259' title='bbox 2230 2621 2367 2657; x_wconf 79' lang='lat' dir='ltr'><strong>erant</strong></span> <span class='ocrx_word' id='word_1_260' title='bbox 2383 2626 2493 2656; x_wconf 87' lang='lat' dir='ltr'><strong>cum</strong></span> 
     </span>
     <span class='ocr_line' id='line_1_39' title="bbox 1474 2687 2496 2753; baseline -0.001 -18"><span class='ocrx_word' id='word_1_261' title='bbox 1474 2690 1860 2753; x_wconf 79' lang='lat' dir='ltr'><strong>provincialibus</strong></span> <span class='ocrx_word' id='word_1_262' title='bbox 1905 2689 2183 2737; x_wconf 83' lang='lat' dir='ltr'><strong>hominibus</strong></span> <span class='ocrx_word' id='word_1_263' title='bbox 2204 2726 2218 2749; x_wconf 94' lang='lat'><strong><em>‚</em></strong></span> <span class='ocrx_word' id='word_1_264' title='bbox 2269 2702 2316 2737; x_wconf 87' lang='lat' dir='ltr'><strong>et</strong></span> <span class='ocrx_word' id='word_1_265' title='bbox 2364 2687 2496 2752; x_wconf 79' lang='lat' dir='ltr'><strong>apud</strong></span> 
     </span>
     <span class='ocr_line' id='line_1_40' title="bbox 1474 2768 2496 2834; baseline -0.001 -20"><span class='ocrx_word' id='word_1_266' title='bbox 1474 2769 1778 2831; x_wconf 74' lang='lat' dir='ltr'><strong>magistratus</strong></span> <span class='ocrx_word' id='word_1_267' title='bbox 1811 2768 2137 2834; x_wconf 71' lang='lat' dir='ltr'><strong>provinciales</strong></span> <span class='ocrx_word' id='word_1_268' title='bbox 2170 2769 2496 2832; x_wconf 78' lang='lat' dir='ltr'><strong>expedieban-</strong></span> 
     </span>
     <span class='ocr_line' id='line_1_41' title="bbox 1473 2849 1794 2897; baseline 0.006 -2"><span class='ocrx_word' id='word_1_269' title='bbox 1473 2859 1568 2895; x_wconf 88' lang='lat' dir='ltr'><strong>tur.</strong></span> <span class='ocrx_word' id='word_1_270' title='bbox 1594 2849 1794 2897; x_wconf 56' lang='lat' dir='ltr'><strong>Porus.</strong></span> 
     </span>
    </p>

    <p class='ocr_par' dir='ltr' id='par_1_10' title="bbox 1473 2924 2498 3446">
     <span class='ocr_line' id='line_1_42' title="bbox 1546 2924 2495 2983; baseline -0.002 -11"><span class='ocrx_word' id='word_1_271' title='bbox 1546 2927 1631 2974; x_wconf 87' lang='lat'><strong>60.</strong></span> <span class='ocrx_word' id='word_1_272' title='bbox 1657 2926 2033 2974; x_wconf 74' lang='lat' dir='ltr'><strong>Tocutlionibm.</strong></span> <span class='ocrx_word' id='word_1_273' title='bbox 2057 2927 2164 2973; x_wconf 82' lang='lat' dir='ltr'><strong>Hoc</strong></span> <span class='ocrx_word' id='word_1_274' title='bbox 2183 2925 2379 2971; x_wconf 87' lang='lat' dir='ltr'><strong>nomine</strong></span> <span class='ocrx_word' id='word_1_275' title='bbox 2393 2924 2495 2983; x_wconf 78' lang='lat' dir='ltr'><strong>jam</strong></span> 
     </span>
     <span class='ocr_line' id='line_1_43' title="bbox 1473 3003 2493 3066; baseline -0.003 -15"><span class='ocrx_word' id='word_1_276' title='bbox 1473 3005 1730 3052; x_wconf 87' lang='lat' dir='ltr'><strong>Turnebus</strong></span> <span class='ocrx_word' id='word_1_277' title='bbox 1757 3004 1924 3051; x_wconf 85' lang='lat' dir='ltr'><strong>docuit</strong></span> <span class='ocrx_word' id='word_1_278' title='bbox 1964 3003 2222 3066; x_wconf 75' lang='lat' dir='ltr'><strong>significari</strong></span> <span class='ocrx_word' id='word_1_279' title='bbox 2250 3003 2493 3049; x_wconf 79' lang='lat' dir='ltr'><strong>fenerato-</strong></span> 
     </span>
     <span class='ocr_line' id='line_1_44' title="bbox 1475 3080 2496 3146; baseline -0.002 -16"><span class='ocrx_word' id='word_1_280' title='bbox 1475 3099 1551 3130; x_wconf 86' lang='lat' dir='ltr'><strong>res</strong></span> <span class='ocrx_word' id='word_1_281' title='bbox 1562 3118 1577 3142; x_wconf 88' lang='lat'>,</span> <span class='ocrx_word' id='word_1_282' title='bbox 1606 3083 1746 3146; x_wconf 76' lang='lat' dir='ltr'><strong>quasi</strong></span> <span class='ocrx_word' id='word_1_283' title='bbox 1760 3083 1892 3129; x_wconf 67' lang='lat' dir='ltr'><strong>dicas</strong></span> <span class='ocrx_word' id='word_1_284' title='bbox 1908 3081 2285 3128; x_wconf 63' lang='lat' dir='ltr'><strong>fenerator-culos</strong></span> <span class='ocrx_word' id='word_1_285' title='bbox 2303 3093 2315 3126; x_wconf 93' lang='lat'>:</span> <span class='ocrx_word' id='word_1_286' title='bbox 2334 3080 2496 3139; x_wconf 73' lang='lat' dir='ltr'><strong>cujusr</strong></span> 
     </span>
     <span class='ocr_line' id='line_1_45' title="bbox 1477 3157 2496 3224; baseline -0.006 -14"><span class='ocrx_word' id='word_1_287' title='bbox 1477 3161 1614 3210; x_wconf 88' lang='lat' dir='ltr'><strong>modi</strong></span> <span class='ocrx_word' id='word_1_288' title='bbox 1632 3172 1769 3210; x_wconf 84' lang='lat' dir='ltr'><strong>erant</strong></span> <span class='ocrx_word' id='word_1_289' title='bbox 1786 3162 2106 3224; x_wconf 74' lang='lat' dir='ltr'><strong>negotiatores</strong></span> <span class='ocrx_word' id='word_1_290' title='bbox 2119 3194 2133 3215; x_wconf 89' lang='lat'>,</span> <span class='ocrx_word' id='word_1_291' title='bbox 2148 3170 2196 3207; x_wconf 88' lang='lat' dir='ltr'><strong>et</strong></span> <span class='ocrx_word' id='word_1_292' title='bbox 2213 3157 2496 3221; x_wconf 75' lang='lat' dir='ltr'><strong>argentarii,</strong></span> 
     </span>
     <span class='ocr_line' id='line_1_46' title="bbox 1475 3235 2494 3304; baseline -0.004 -17"><span class='ocrx_word' id='word_1_293' title='bbox 1475 3242 1560 3303; x_wconf 88' lang='lat' dir='ltr'><strong>qui</strong></span> <span class='ocrx_word' id='word_1_294' title='bbox 1602 3242 1740 3289; x_wconf 84' lang='lat' dir='ltr'><strong>senus</strong></span> <span class='ocrx_word' id='word_1_295' title='bbox 1775 3241 1825 3287; x_wconf 91' lang='lat' dir='ltr'><strong>in</strong></span> <span class='ocrx_word' id='word_1_296' title='bbox 1881 3238 2147 3304; x_wconf 80' lang='lat' dir='ltr'><strong>provinciis</strong></span> <span class='ocrx_word' id='word_1_297' title='bbox 2193 3235 2494 3287; x_wconf 75' lang='lat' dir='ltr'><strong>exercebant.</strong></span> 
     </span>
     <span class='ocr_line' id='line_1_47' title="bbox 1475 3316 2498 3374; baseline -0.002 -8"><span class='ocrx_word' id='word_1_298' title='bbox 1475 3321 1670 3370; x_wconf 81' lang='lat' dir='ltr'><strong>Bosms.</strong></span> <span class='ocrx_word' id='word_1_299' title='bbox 1698 3320 1896 3372; x_wconf 54' lang='lat' dir='ltr'><strong>-aVide</strong></span> <span class='ocrx_word' id='word_1_300' title='bbox 1912 3317 2129 3367; x_wconf 83' lang='lat' dir='ltr'><strong>&#39;l&#39;urnebi</strong></span> <span class='ocrx_word' id='word_1_301' title='bbox 2157 3317 2288 3365; x_wconf 77' lang='grc' dir='ltr'>Λᾶν.</span> <span class='ocrx_word' id='word_1_302' title='bbox 2315 3316 2498 3374; x_wconf 55' lang='lat' dir='ltr'><strong>XXX„</strong></span> 
     </span>
     <span class='ocr_line' id='line_1_48' title="bbox 1482 3398 1563 3446; baseline 0.012 -6"><span class='ocrx_word' id='word_1_303' title='bbox 1482 3410 1501 3440; x_wconf 87' lang='lat'>1</span> <span class='ocrx_word' id='word_1_304' title='bbox 1516 3398 1563 3446; x_wconf 85' lang='lat'><strong>3.</strong></span> 
     </span>
    </p>
   </div>
  </div>
 </body>
</html>
