3023 4773
830 421 1380 510 EPISTOLAE,
1420 425 1591 507 XV,
1653 447 1754 518 ¹9·
2226 429 2358 499 163

235 557 291 613 et
327 540 713 640 probabile
755 558 885 614 est.
933 550 1097 642 Ipse
1134 547 1329 615 enim
1375 548 1764 642 Epicurus,
1825 573 1866 617 a
1911 572 2062 645 quo
2105 574 2360 623 omnes

230 654 408 723 Catii
445 668 525 723 et
553 651 888 724 Amafinii
903 651 961 740 ⁸,
998 655 1166 725 mali
1204 655 1594 728 verborum
1642 659 2103 755 interpretes,
2143 660 2363 759 profi·

227 761 622 846 ciscuntur‚
667 757 887 831 dicit:
948 768 1085 832 Οὐκ
1138 767 1265 843 ἔςιν
1312 759 1510 844 ἡδέως
1527 773 1584 852 9,
1636 765 1775 833 ἄνευ
1840 778 1953 835 τοῦ
2010 776 2209 850 καλῶς
2254 771 2360 839 καὶ

224 870 506 959 δικαίως,
557 872 688 969 ζῇν.
732 874 989 966 Itaque
1029 884 1103 939 et
1137 872 1406 954 Pansa,
1448 869 1576 966 qui
1599 864 1826 948 ἡδονὴν
1859 875 2366 968 sequitur,vir..

223 995 457 1050 tutem
476 981 784 1065 retinet;
820 989 893 1048 et
926 977 999 1061 ii,
1023 976 1221 1072 quia
1247 972 1528 1046 vobis¹0
1554 972 1944 1069 φιλήδονοιἨΕ
1981 995 2359 1064 vocantur,

127 1092 131 1096 ’
221 1101 394 1157 sunt
436 1090 757 1181 φιλόκαλοι
780 1085 886 1154 καὶ
911 1077 1375 1171 φιλοδίκαιοιη,
1394 1105 1798 1179 omnesque
1818 1084 2121 1155 virtutes
2148 1100 2220 1155 et
2249 1109 2367 1156 co-

220 1196 424 1281 lunt,
460 1211 535 1266 et
568 1197 906 1267 retinent.
944 1198 1199 1289 Itaque
1235 1188 1537 1279 Sulla13,
1574 1194 1782 1288 cujus
1807 1193 2166 1288 judicium
2195 1219 2366 1292 pro-

217 1305 401 1379 bare
428 1305 780 1377 debemus
801 1359 822 1390 ‚
866 1327 1098 1399 quum
1134 1302 1517 1373 dissentire
1549 1302 2029 1402 philosophos
2059 1304 2368 1392 videret,

222 1441 373 1485 non
396 1417 703 1512 quaesiit,
730 1413 910 1511 quid
934 1411 1216 1482 bonum
1255 1428 1472 1497 esset3
1498 1414 1743 1494 omnia
1761 1413 1956 1485 bona
1976 1419 2037 1465 ¹4
2066 1418 2367 1487 coemit:

221 1526 435 1619 cujus
482 1549 619 1620 ego
666 1538 978 1594 mortem
1025 1520 1197 1591 forti
1242 1520 1694 1594 mehercules
1730 1527 1975 1595 animo
2019 1525 2178 1596 tuli.
2223 1529 2375 1596 Nec

217 1650 469 1705 tamen
492 1639 728 1705 Caesar
754 1632 1026 1703 diutius
1054 1656 1191 1701 nos
1211 1653 1378 1701 eum
1402 1630 1811 1704 desiderare
1829 1635 2163 1731 patietur.
2190 1639 2372 1706 Nam

220 1745 444 1816 habet
480 1743 894 1829 damnatos,
931 1765 1116 1840 quos
1155 1766 1290 1842 pro
1335 1739 1460 1810 illo
1500 1739 1710 1812 nobis
1742 1740 2198 1831 restituat¹⁵;
2238 1768 2376 1815 nec

220 1857 378 1953 ipse
417 1870 775 1926 sectorem
820 1851 1294 1938 desiderabit,
1328 1875 1561 1947 quum
1593 1850 1821 1922 filium
1845 1850 1906 1896 ¹⁶
1942 1852 2224 1924 viderit.

311 1969 535 2036 Nunc
554 2020 573 2052 ,
591 1979 675 2034 ut
698 1974 758 2017 ¹⁷
787 1961 877 2032 ad
902 1959 1428 2057 rempublicam
1458 1961 1784 2049 redeam,
1815 1961 1990 2059 quid
2022 1966 2097 2033 in
2126 1965 2377 2062 Hispa-

220 2080 363 2148 niis
400 2090 720 2173 geratur,
748 2069 1086 2144 rescribe.
1132 2075 1465 2158 Peream,
1508 2073 1647 2141 nisi
1685 2071 2036 2143 sollicitus
2062 2096 2263 2161 sum,
2292 2099 2375 2146 ac

221 2185 415 2257 malo
443 2198 768 2256 veterem
788 2176 852 2227 ¹⁸
872 2195 946 2253 et
971 2180 1402 2251 clementem
1430 2179 1811 2251 dominum
1838 2179 2133 2271 habere,
2153 2208 2373 2281 quam

287 2399 339 2445 8.
366 2393 635 2463 Amafinii.
661 2393 788 2440 Vide
802 2391 1003 2440 Tnscnl.
1019 2390 1109 2451 Π,
1130 2390 1182 2439 3.

285 2492 338 2538 9.
368 2476 476 2525 Οὐκ
506 2472 629 2522 ἔστιν
656 2467 834 2529 ἡδέως.
854 2473 972 2520 Non
996 2482 1161 2536 potest
1178 2471 1258 2532 jn-

1344 2390 1554 2439 latenter
1589 2390 1782 2440 Cassius
1817 2400 1988 2439 notat:
2024 2408 2178 2457 quum
2214 2404 2375 2443 tamen

1346 2467 1408 2517 de
1434 2469 1497 2517 iis
1524 2470 1772 2534 loquatur,
1789 2487 1914 2536 quos
1933 2472 2094 2521 Caesar
2117 2472 2181 2520 ad
2207 2474 2377 2522 sectio-

218 2555 382 2603 ennde
396 2553 524 2610 vivi,
535 2551 631 2599 nisi
645 2551 848 2599 honeste
857 2561 906 2598 et
912 2552 1041 2612 juste
1050 2551 1257 2598 vivatur.

292 2651 379 2683 10.
393 2634 481 2682 Sic
494 2631 687 2691 melius,
703 2647 847 2694 quam
865 2629 1000 2695 vulg.
1023 2650 1046 2672 ι
1058 2628 1259 2677 nobis».

218 2716 247 2761 J
256 2750 270 2760 .
286 2717 353 2762 V.
379 2715 435 2760 L.

289 2809 314 2840 1
329 2809 350 2840 1
362 2827 376 2839 .
401 2784 682 2843 Φιλτῖδονοι.
702 2791 958 2837 Amatores
970 2786 1256 2852 voluptatis.

289 2888 376 2922 u.
390 2869 659 2920 Φιλόηὶοι
675 2866 760 2917 καὶ
786 2863 1091 2934 φιλοδίκαιοι.
1112 2868 1259 2916 Am-

218 2962 350 3000 tores
380 2950 592 3000 honesti
620 2960 669 2996 et
687 2948 829 3010 justi.

294 3034 374 3080 ¹3.
415 3029 579 3077 Sulla.
620 3029 774 3088 Cujus
824 3037 1031 3074 mortem
1083 3024 1257 3074 Cicero

215 3108 609 3173 significaverat,
636 3107 782 3171 epist.
813 3122 833 3154 ι
846 3123 896 3167 7.
909 3103 1256 3153 -Judicium

210 3190 371 3252 Quen·
399 3186 687 3253 praestantis
714 3185 828 3235 viri.
857 3185 1041 3233 Ironia.
1069 3185 1220 3232 Mur.

293 3280 379 3327 14.
407 3270 581 3316 Bona.
612 3266 688 3313 Ne
723 3275 902 3313 erraret
942 3265 996 3311 in
1036 3263 1257 3321 delectu,

212 3350 379 3394 omnia
392 3348 533 3395 bona
548 3345 778 3410 sumpsit.
798 3344 948 3391 Ludit
965 3346 1016 3391 in
1033 3343 1259 3407 ambigua

212 3428 458 3475 bonorum
489 3422 866 3488 significatione.
889 3424 1016 3472 Nam
1043 3421 1262 3487 philoso-

212 3506 307 3568 phi
327 3506 386 3554 de
400 3520 606 3554 summo
620 3502 757 3551 bono
773 3501 1115 3566 disputabant:
1130 3500 1262 3551 Sulla

212 3601 339 3632 vero
392 3584 814 3647 Pompeianorum
871 3580 1003 3629 bona
1059 3582 1222 3629 omnis
1245 3616 1261 3642 ,

214 3680 371 3725 qutun
406 3666 465 3711 in
507 3663 739 3711 auctione
772 3660 1115 3719 venderentur,
1148 3676 1262 3709 coe-

215 3744 330 3790 nit-
353 3746 512 3791 Inzu.

304 3820 378 3871 15.
397 3821 562 3870 Habet
588 3820 853 3868 damnaeos
868 3854 884 3877 ,
915 3836 1037 3885 quos
1053 3835 1148 3884 pro
1173 3818 1257 3868 illo

213 3901 364 3948 aab&
401 3899 648 3951 restituae.
679 3902 865 3965 Arguta
902 3900 958 3946 in
994 3900 1162 3964 primis
1208 3910 1257 3947 et

210 3981 395 4029 sativa
419 3982 678 4030 sententia.
704 3984 832 4046 Lege
859 3981 1088 4045 Pompeia
1117 3980 1252 4028 dam-

212 4071 369 4107 natos
402 4063 683 4110 restituerat
722 4061 905 4120 Cesar,
950 4070 1008 4108 nt
1049 4060 1253 4125 legimus

1349 2564 1434 2595 nes
1462 2549 1732 2609 faciendas,
1764 2567 1826 2599 ne
1854 2549 1991 2599 hasta
2016 2552 2344 2617 refrigesceret
2359 2588 2374 2613 ‚

1349 2628 1498 2676 Sulla
1521 2639 1718 2678 mortno
1737 2631 2032 2679 suffecturus
2054 2642 2194 2679 esset.
2221 2636 2253 2680 J
2256 2649 2377 2681 ocus

1350 2720 1423 2756 est
1441 2709 1492 2756 in
1519 2709 1672 2757 verbo
1692 2710 1942 2767 restituat,
1973 2709 2197 2774 ambigua
2228 2711 2376 2775 signi-

1346 2785 1604 2845 ficatione,
1627 2788 1690 2835 ad
1717 2791 1949 2851 maiorem
1976 2791 2176 2845 Caesaris
2200 2800 2375 2839 contu·

1345 2867 1553 2915 meliam.
1579 2869 1727 2915 Inus.

1423 2949 1502 2995 16.
1537 2946 1731 2995 Filium.
1780 2949 1837 2994 Ρ.
1868 2947 2042 3011 Sullae,
2067 2948 2152 3013 qui
2185 2958 2372 3012 patrem
2418 3010 2422 3017 ι

1345 3026 1598 3075 imitatur:
1639 3026 1804 3090 itaque
1840 3026 2002 3075 Caesar
2044 3038 2234 3076 sectore
2272 3043 2372 3075 non

1345 3104 1545 3155 carebit.
1572 3105 1729 3171 Epist.
1747 3107 1774 3154 3
1810 3105 1901 3156 lib:
1931 3109 2005 3155 111
2030 3107 2093 3154 ad
2126 3109 2190 3170 Q.
2221 3110 2371 3153 Fratr.

1344 3186 1753 3235 Mam—Filiam.
1782 3186 2005 3235 Gronov.
2026 3186 2373 3249 interpretatur

1344 3266 1650 3326 Antonium,
1677 3282 1821 3330 quem
1848 3266 2116 3314 secundnm
2142 3264 2370 3312 heredem

1346 3344 1401 3392 in
1427 3355 1718 3395 testamento
1743 3346 2017 3409 scripserat.
2039 3344 2170 3392 Flor.
2190 3346 2284 3402 lv,
2305 3352 2334 3399 4
2356 3358 2372 3394 :

1348 3427 1628 3473 «sectorem
1647 3428 2052 3489 Pompeianorum
2076 3424 2318 3471 bonorum
2329 3447 2371 3472 ιι.

1348 3502 1563 3568 Philipp.
1594 3506 1676 3563 11,
1712 3506 1796 3553 26.
1846 3504 1942 3553 Sed
1980 3502 2094 3552 Sch.
2131 3502 2371 3552 dissentit.

1350 3582 1476 3629 Nam
1502 3584 1590 3647 qni
1612 3585 1735 3632 scire
1777 3592 1972 3648 poterat
2005 3582 2225 3644 Cassius,
2265 3588 2369 3632 An-

1350 3662 1541 3709 tonium
1582 3662 1848 3711 secundum
1874 3661 2102 3710 heredem
2129 3678 2156 3708 a
2184 3663 2373 3710 Caesare

1347 3741 1627 3789 institutum
1667 3758 1792 3802 esse3
1838 3751 1914 3799 et,
1959 3741 2001 3789 si
2045 3741 2237 3801 scisset,
2284 3758 2372 3788 cur

1347 3831 1602 3885 propterea
1633 3837 1744 3869 enm
1771 3820 1971 3870 Caesaris
1991 3817 2145 3868 filium
2163 3819 2372 3885 appelln-

1344 3902 1458 3948 ret?
1492 3903 1611 3949 Sca.

1422 3996 1502 4040 ¹7·
1534 3978 1634 4027 Alii
1660 3977 1786 4027 MSS
1811 3978 2038 4043 ignorant
2070 3989 2139 4025 ue.
2167 3981 2213 4027 J.
2228 3980 2292 4025 V.
2311 3977 2366 4022 L.

1418 4059 1496 4105 18.
1525 4060 1761 4106 Veterem.
1780 4058 2032 4108 Caesarern.
2045 4059 2251 4106 Novum.
2270 4055 2365 4104 Cn.

209 4138 364 4203 apud
394 4155 507 4187 eum
546 4139 634 4188 lib.
661 4142 735 4188 111
774 4139 835 4188 de
868 4139 1003 4189 Bello
1029 4140 1127 4188 civ.
1155 4140 1253 4189 hoc
1341 4137 1628 4202 Pompeium
1656 4140 1822 4203 Magni
1845 4137 2020 4188 filium.
2049 4140 2141 4184 En.

2015 4246 2120 4292 11.
