3023 4773
691 455 830 552 276

1334 454 1429 523 Μ.
1481 456 1557 521 Τ.
1610 456 2173 525 CICERONIS

685 577 859 649 fore.
881 575 989 647 Ad
1015 599 1263 661 eorum
1292 574 1734 646 voluntatem
1757 575 1930 646 mihi
1953 574 2469 646 conciliandam
2488 577 2803 644 maximo

687 702 758 756 te
807 685 982 755 mihi
1034 689 1193 756 usui
1250 679 1402 755 fore
1456 683 1688 755 video.
1738 687 1976 774 Quare
2016 686 2344 780 januario
2396 709 2675 771 mense,
2724 699 2807 756 ut
2872 752 2877 763 ,

685 797 1153 879 constituisti,
1198 818 1400 881 cura,
1442 809 1523 863 ut
1565 797 1810 863 Romae
1853 796 1969 865 sis.

687 986 741 1033 C.
767 984 1028 1040 Canem,
1047 998 1173 1045 quos
1197 982 1253 1029 C.
1279 980 1502 1031 Antonio
1536 992 1584 1031 et
1609 983 1699 1031 Cn·
1785 967 2151 1047 Philippnm'et
2176 981 2461 1039 Ins-ullum,
2492 997 2613 1045 qnos
2648 980 2807 1045 pisci-

688 1064 841 1113 tilinae
867 1064 1065 1118 favisse,
1094 1071 1141 1109 et
1169 1060 1394 1115 Ciceroni
1420 1058 1700 1109 adversatos

689 1144 832 1191 fuisse
854 1142 1022 1188 scribit
1054 1141 1236 1188 Ancon.
1262 1138 1341 1185 vel
1365 1140 1702 1199 Hortensium,

1787 1063 1951 1110 uarios
1979 1062 2223 1123 etamicos
2239 1062 2395 1121 Attici
2419 1072 2558 1108 vocat
2579 1060 2720 1125 epist.
2740 1076 2761 1106 r
2776 1062 2809 1105 5

1788 1148 1835 1186 et
1860 1139 1919 1185 ιδ
1945 1140 1993 1185 h.
2016 1139 2049 1185 l.
2078 1137 2313 1188 Consu.

1775 1337 2593 1363 mmmmmmmmm
2600 1337 2787 1358 mm

1326 1524 1929 1607 EPISTOLA
1998 1524 2161 1607 ΙΙΙ.

681 1682 858 1743 Attici
892 1684 1078 1747 aviam
1111 1695 1394 1753 mortuam
1427 1700 1549 1740 esse
1574 1703 1589 1736 :
1623 1682 1812 1757 ipsum
1842 1685 2041 1739 Romae
2065 1682 2403 1757 exspectari.
2426 1681 2600 1759 Signa
2623 1679 2699 1738 ab
2729 1700 2809 1740 eo

764 1780 1027 1839 Ciceroni
1067 1792 1264 1836 curata
1310 1777 1382 1835 ad
1427 1778 1682 1836 Caietam
1728 1779 1989 1855 exposita
2033 1798 2173 1835 esse.
2208 1778 2515 1837 Lucceium
2544 1777 2813 1835 nondum

764 1877 1074 1955 placatum.
1129 1874 1377 1933 Tulliam
1435 1873 1631 1931 Pisoni
1697 1872 2038 1951 desponsam
2097 1894 2236 1931 esse.
2313 1874 2333 1952 (
2359 1877 2589 1945 Romae,
2652 1893 2819 1933 anno

763 1978 838 2032 υ.
872 1978 935 2032 c.
970 1973 1130 2043 686.)

1353 2119 1667 2185 CICERO
1714 2122 2022 2185 ATTICO
2068 2122 2132 2184 S.

784 2281 1026 2344 Avum
1085 2288 1280 2343 tuam
1337 2274 1515 2342 scito
1570 2270 1922 2342 desiderio
1963 2272 2067 2342 tui
2109 2286 2464 2355 mortuam
2503 2297 2695 2359 esse,
2741 2289 2820 2344 et

688 2384 938 2470 simul,
990 2383 1189 2480 quod
1237 2383 1462 2454 verita
1497 2382 1655 2468 sit¹‚
1701 2408 1791 2452 ne
1840 2384 2150 2453 Latinae²
2199 2384 2272 2453 in
2324 2381 2620 2454 officio³
2656 2410 2821 2454 non

693 2509 1101 2580 manerent,
1150 2506 1219 2564 et
1262 2497 1334 2561 in
1379 2506 1705 2562 montem
1757 2490 2114 2563 Albanum
2171 2493 2435 2563 hostias
2479 2518 2631 2562 non
2678 2493 2822 2563 ad-

687 2603 1055 2673 ducerent.
1094 2602 1265 2695 Ejus
1303 2604 1402 2670 rei
1443 2599 2058 2671 consolationem4
2097 2601 2183 2672 ad
2221 2617 2290 2672 te
2323 2607 2401 2671 L.
2443 2600 2822 2673 Saufeium

679 2719 1074 2783 ‘missurum
1110 2735 1260 2782 esse
1299 2707 1628 2781 arbitror.
1664 2714 1810 2780 Nos
1842 2711 1961 2782 hic
1994 2726 2065 2781 te
2098 2712 2186 2782 ad
2220 2736 2541 2782 mensem
2567 2713 2826 2806 janua-

684 2825 875 2893 rium
916 2833 1444 2917 exspectamus,
1480 2845 1571 2889 ex
1608 2818 1924 2914 quodam
1969 2844 2259 2904 rumore
2281 2874 2300 2904 ‚
2336 2844 2429 2888 an
2467 2844 2556 2889 ex
2590 2820 2827 2891 literis

690 2935 829 3004 tuis
862 2929 949 3001 ad
989 2929 1162 3000 alios
1200 2929 1467 2998 missis?
1508 2954 1675 2997 nam
1716 2928 1803 2997 ad
1837 2955 1951 2999 me
1986 2929 2075 2999 de
2112 2956 2198 3000 eo
2234 2929 2408 3000 nihil
2442 2931 2820 3028 scripsisti.

765 3157 810 3188 ι.
856 3137 1001 3200 Quod
1033 3137 1190 3184 verita
1217 3136 1295 3183 sic.
1324 3137 1394 3184 Ut
1435 3151 1557 3194 anus
1593 3133 1700 3196 reli-

688 3220 819 3280 giosa
836 3252 850 3274 ‚
868 3231 978 3281 quae
998 3231 1128 3262 sacra
1150 3215 1229 3260 illa
1254 3214 1600 3277 frequentaret,
1623 3213 1699 3261 vel

688 3295 852 3360 potius
879 3293 1208 3370 superstitiosa
1229 3305 1241 3337 :
1258 3293 1451 3354 jocatur
1477 3292 1605 3337 enim
1620 3291 1698 3338 Ci-

689 3390 816 3422 cero.
835 3373 1065 3434 Contun.

759 3469 811 3500 a.
841 3452 918 3498 Ne
956 3449 1159 3496 Latinoe.
1194 3448 1424 3506 Feminae,
1456 3457 1502 3495 et
1532 3448 1699 3496 festive

687 3531 823 3594 quod
846 3528 1017 3576 mulier
1042 3526 1102 3576 de
1138 3526 1420 3573 mulieribus
1445 3527 1700 3590 laboraret.

689 3610 783 3657 Sed
819 3625 918 3675 non
944 3618 1042 3655 tam
1068 3606 1290 3670 mulieres
1315 3621 1463 3668 quam
1489 3607 1580 3652 viri
1613 3606 1702 3653 ho-

687 3689 803 3735 stias
822 3689 870 3734 in
885 3687 1124 3736 Albanum
1143 3696 1359 3748 montem
1379 3683 1703 3742 adducebant,

689 3779 737 3820 et
754 3803 768 3823 ,
814 3765 1132 3832 quatriduano
1173 3761 1409 3828 sacrificio
1449 3764 1580 3811 facto
1595 3798 1609 3820 ,
1649 3764 1702 3811 in

687 3861 818 3910 suam
841 3829 1046 3908 unisque
1062 3843 1304 3892 civitatem
1325 3842 1526 3905 digressi
1544 3858 1703 3889 rever-

688 3924 867 3974 tebant.
895 3924 1057 3984 Legati
1085 3933 1244 3970 autem
1269 3921 1367 3968 huc
1392 3936 1420 3967 a
1447 3931 1629 3984 septem
1653 3932 1701 3968 et

687 4002 1001 4068 quadraginta
1043 3999 1320 4048 civitatibus
1363 3999 1699 4062 mittebantur.

687 4085 786 4128 Has
815 4080 951 4126 ferias
977 4077 1199 4126 consules
1221 4078 1579 4142 provocabant,
1598 4095 1700 4141 quo

687 4159 863 4206 vellent
908 4168 1124 4220 tempore
1145 4192 1159 4217 ,
1211 4157 1492 4220 plerumque
1539 4174 1698 4206 mense

1788 3135 1955 3199 aprili,
1972 3148 2185 3188 extremo
2213 3148 2369 3186 autem
2395 3153 2545 3197 anno,
2563 3154 2663 3200 quo
2690 3141 2831 3187 oeri-

1789 3227 1868 3279 ptn
1899 3215 2002 3270 haec
2034 3215 2237 3278 epistola
2267 3217 2375 3265 fuit.
2400 3219 2490 3265 En.
2700 3203 2709 3212 ⁰

1861 3296 1905 3341 3.
1937 3296 1997 3340 In
2019 3292 2201 3361 officio.
2232 3297 2289 3342 In
2311 3307 2519 3346 montem
2555 3293 2828 3344 Albanum

1789 3372 1917 3418 feriis
1940 3372 2099 3419 latinis
2127 3373 2456 3426 conveniendi.
2484 3371 2643 3420 Con.
2672 3373 2833 3422 Vide

1789 3452 1995 3514 Dionys.
2025 3451 2271 3500 Halicarn.
2292 3451 2375 3498 lib.
2401 3452 2486 3497 lv.

1862 3538 1909 3586 4.
1942 3529 2351 3578 Consolationem.
2389 3529 2541 3577 Etiam
2568 3527 2649 3575 hic
2664 3528 2839 3588 joct-

1790 3618 1868 3655 tur
1910 3623 2020 3655 cum
2046 3611 2246 3668 Atticp,
2280 3609 2424 3672 quein
2456 3607 2598 3655 fuisse
2625 3607 2838 3670 Epicu·

1788 3702 1921 3734 reum
1963 3698 2155 3735 constat
2192 3705 2250 3736 ex
2278 3687 2445 3735 multis
2478 3687 2636 3734 Cicer.
2666 3685 2840 3736 locis.

1788 3767 1948 3827 Quum
1970 3767 2118 3829 igitur
2145 3767 2294 3814 moris
2315 3777 2469 3826 esset,
2489 3776 2545 3813 ut
2569 3765 2709 3822 amici
2756 3768 2843 3816 ad

1789 3844 1967 3892 amicos
1986 3845 2146 3892 literas
2168 3844 2542 3906 consolatorias,
2555 3845 2595 3891 si
2614 3846 2842 3894 occasio

1790 3921 1898 3970 data
1921 3936 2071 3984 esset,
2099 3924 2371 3972 mitterent:
2391 3924 2458 3971 ait
2496 3923 2669 3972 Cicero
2706 3940 2841 3974 non

1789 4016 1889 4048 esse
1913 4002 2047 4065 quod
2075 4003 2267 4050 Atticus
2283 4001 2564 4061 hujusmodi
2584 4004 2841 4052 consola-

1789 4081 1967 4132 tionem
2009 4098 2035 4126 a
2063 4097 2113 4127 se
2151 4091 2418 4144 exspectet,
2461 4097 2567 4127 eam
2592 4082 2725 4146 enim
2776 4100 2842 4132 se

1788 4158 2087 4205 scribendam
2137 4159 2403 4221 relinquere
2458 4155 2685 4219 Saufeio,
2730 4161 2847 4222 qni
