3023 4773
837 390 1676 474 EPISTOLAE‚x111‚
1718 386 1834 459 26.
2309 388 2403 485 39

259 536 478 612 quam
514 511 591 582 id
620 509 1062 582 beneficium
1100 510 1291 583 bene
1328 507 1529 608 apud
1564 508 1994 580 Mescinium
2031 511 2405 607 positurus

255 647 452 696 esses
476 679 497 711 ‚
545 623 685 693 nisi
721 636 795 693 et
834 637 905 694 te
948 622 1129 693 scire
1179 619 1624 693 confiderem
1643 672 1664 707 ,
1717 633 1792 690 et
1833 618 2010 689 mihi
2052 624 2402 716 peterem.

251 736 368 806 Sic
411 736 613 805 enim
645 732 859 805 velim
890 735 1294 821 existimes,
1344 756 1494 803 non
1535 732 1777 802 minus
1811 753 1929 802 me
1973 729 2062 802 de
2099 731 2290 803 illius
2323 756 2404 803 re

248 843 621 928 laborare,
650 867 873 941 quam
906 844 1147 942 ipsum
1176 844 1268 915 de
1288 867 1439 915 sua.
1470 841 1612 914 Sed
1644 864 1875 940 quum
1903 841 2109 912 illum
2138 841 2410 914 studeo-

249 978 480 1052 quam
522 953 858 1026 facillime
892 953 982 1025 ad
1017 978 1232 1026 suum
1270 954 1683 1053 pervenire3
1716 966 1870 1023 tum
1902 950 2085 1022 illud
2111 951 2401 1041 laboro,

249 1081 337 1136 ut
363 1089 517 1135 non
556 1066 941 1135 minimum
981 1065 1119 1138 hac
1155 1088 1317 1135 mea
1353 1061 1990 1136 commendatione
2033 1085 2110 1133 se
2147 1085 2400 1135 conse-

247 1190 574 1273 quntum
611 1173 1029 1246 arbitretur.

808 1384 895 1403 Q„
900 1382 2094 1407 mmmmm-§mmmm
2105 1383 2382 1404 mmm

817 1576 1407 1661 EPISTOLA
1435 1645 1438 1648 .
1470 1578 1843 1661 XXVII.

247 1736 484 1795 Gratias
517 1735 669 1813 agit,
710 1735 870 1814 quod
899 1738 1185 1795 Avianum
1225 1737 1732 1796 commendatione
1774 1757 1880 1796 sua
1925 1737 2243 1798 liberaliter
2282 1754 2400 1801 tra-

325 1842 583 1902 ctasset3
616 1849 869 1908 eumque
910 1829 1279 1889 commendat
1309 1830 1544 1893 iterum.
1573 1830 1828 1911 (Romae,
1859 1848 1949 1891 au.
1974 1836 2049 1891 U.
2073 1836 2139 1892 C.
2162 1832 2325 1912 707.)

927 2013 1245 2078 CICERO
1287 2014 1603 2080 SERVIO
1648 2014 1712 2078 S.

340 2152 567 2218 Lice-1·
603 2145 862 2219 eodem
896 2149 1231 2246 exemplo
1269 2150 1527 2246 saepius
1558 2147 1696 2220 tibi
1730 2149 1947 2244 hujus
1983 2154 2266 2247 generis
2306 2153 2395 2224 li-

246 2272 439 2328 teras
494 2258 775 2328 mittam
798 2311 817 2343 ‚
855 2264 1086 2354 quum
1136 2263 1394 2355 gratias
1434 2262 1673 2355 agam,
1713 2259 1913 2357 quod
1950 2266 2156 2351 'meas
2187 2278 2392 2335 com-

242 2366 758 2440 mendationes
783 2383 929 2439 tam
955 2366 1337 2467 diligenter
1359 2367 1698 2443 observes
1713 2369 1943 2469 (quod
1971 2368 2107 2443 feci
2129 2372 2200 2442 in
2219 2373 2394 2461 aliis,

242 2494 315 2550 et
341 2477 645 2566 faciam,
680 2494 761 2550 ut
792 2476 1043 2566 video,
1082 2475 1413 2577 saepius):
1448 2480 1576 2551 sed
1624 2495 1866 2552 tamen
1914 2507 2065 2552 non
2102 2506 2388 2579 parcam

241 2613 520 2688 operae,
563 2603 637 2660 et
664 2602 747 2659 ut
778 2613 906 2659 vos
940 2588 1183 2664 soletis
1226 2591 1300 2660 in
1335 2588 1696 2678 formulis,
1734 2593 1834 2668 sic
1862 2616 1996 2690 ego
2029 2593 2102 2662 in
2134 2595 2391 2690 episto-

247 2698 334 2770 lis
363 2698 465 2769 de
502 2698 758 2769 eadem
793 2715 873 2769 re
915 2698 1054 2769 alio
1090 2700 1312 2770 modo
1340 2711 1389 2769 ¹.

332 2813 417 2879 C.
451 2809 772 2879 Avianus
800 2809 1022 2906 igitur
1042 2813 1519 2883 Hammonius
1546 2810 2007 2884 incredibiles
2035 2812 2216 2882 mihi
2239 2819 2393 2912 gra-

241 2920 371 2990 tias
408 2939 552 3018 per
588 2917 824 2989 literas
854 2920 1030 3016 egit,
1061 2929 1132 2991 et
1169 2929 1338 3008 suo,
1380 2935 1454 2991 et
1481 2917 1743 2991 AEmilii
1774 2923 2061 3011 Aviani,
2095 2927 2388 3022 patroni

237 3032 390 3116 sui,
439 3030 743 3101 nomine
780 3056 795 3098 ε
839 3054 973 3101 nec
1014 3028 1416 3116 liberaliuS,
1456 3056 1593 3103 nee
1628 3029 2229 3104 honorificentius
2269 3058 2390 3130 po·

238 3143 466 3212 tuisse
501 3141 792 3210 tractari
810 3194 829 3228 ‚
857 3163 993 3210 nec
1018 3164 1094 3211 se
1130 3156 1554 3238 praesentem
1577 3196 1598 3231 ,
1621 3165 1758 3214 nec
1782 3166 1935 3213 rem
1967 3140 2387 3215 familiarem

233 3251 563 3324 absentis
588 3251 876 3348 patroni
909 3251 1041 3321 sui.
1081 3251 1165 3321 Id
1200 3250 1378 3321 mibi
1414 3278 1647 3350 quum
1676 3251 2090 3348 jucundum
2121 3267 2230 3323 est
2258 3279 2384 3325 eo·

230 3389 401 3434 rum
454 3386 710 3448 causa,
783 3385 970 3458 quos
1032 3360 1164 3431 tibi
1210 3387 1347 3459 ego
1393 3387 1672 3434 summa
1725 3360 2276 3435 ‘necessitudine
2321 3380 2393 3437 et

229 3496 677 3578 summa-con
680 3472 1057 3565 junctione
1079 3470 1434 3542 adductus
1457 3473 2163 3561 commendaveram,
2184 3471 2388 3571 quod

228 3590 322 3656 M.
349 3582 696 3656 AEmilius
727 3607 920 3653 unus
958 3595 1067 3653 est
1095 3607 1183 3653 ex
1209 3582 1389 3652 meis
1418 3579 1983 3652 familiarissimis
2020 3594 2238 3680 atque
2277 3585 2389 3653 in-

302 3799 349 3832 1.
373 3783 460 3831 De
480 3779 662 3829 eadem
683 3796 736 3828 re
755 3781 857 3829 alio
873 3779 1043 3828 modo.
1060 3781 1144 3827 Est
1165 3779 1268 3826 for·
1358 3792 1504 3841 posse
1543 3771 1748 3825 institui.
1784 3776 1906 3826 Ideo
1942 3777 2116 3828 Cicero
2150 3777 2212 3827 ad
2247 3777 2385 3831 Serv.

234 3862 358 3910 unia
376 3857 756 3923 iurisconsulti:
778 3859 996 3923 antiquis
1020 3858 1194 3907 usitata
1215 3860 1269 3906 in
1356 3859 1650 3925 Sulpicium,
1663 3859 2066 3920 jurisconsultum
2085 3860 2388 3923 primarium,

228 3939 616 4007 praa-ibendis
631 3940 1091 4002 actionibus,quum
1109 3950 1269 3987 osten·
1355 3939 1598 3997 scribens,
1634 3938 1728 3998 ait,
1759 3960 1785 3980 α
1800 3949 1857 3990 nt
1883 3939 2051 3988 soletis
2071 3939 2127 3986 in
2142 3940 2392 4000 formulis,

228 4022 403 4069 dere-t
428 4018 653 4081 ejusdem
686 4018 758 4066 rei
780 4017 1138 4082 consequendae
1164 4018 1267 4066 vias
1355 4017 1425 4064 sic
1452 4034 1546 4082 ego
1582 4017 1632 4065 in
1675 4017 1896 4082 epistolis
1928 4017 1990 4066 de
2017 4016 2185 4065 cadem
2212 4035 2264 4067 re
2290 4019 2389 4067 alio

230 4101 516 4165 emplum
571 4107 677 4146 csse
698 4133 716 4161 ‚
748 4097 797 4145 et
852 4099 1069 4146 actiones
1108 4097 1266 4145 varias
1354 4095 1505 4145 nodo
1525 4118 1565 4144 ι.
1587 4097 1748 4146 Bam.
