3023 4773
657 388 793 460 106
1299 391 1397 457 M.
1450 390 1527 456 T.
1580 391 2149 459 CICERONIS

636 509 887 583 fecisse
924 510 1273 583 videatur.
1318 510 1458 580 Cui
1501 507 1796 607 quidem
1826 525 1908 581 tu
1945 508 2086 582 deo
2106 565 2126 598 ,
2160 509 2771 606 quemadmodum

641 622 859 709 soleS,
897 621 1013 720 pie
1044 637 1117 693 et
1133 635 1326 694 caste
1354 619 1738 693 satisfacias
1756 677 1776 710 ,
1815 621 1889 692 id
1917 636 2026 693 est
2043 677 2063 708 ,
2089 621 2404 720 Apollini
2436 637 2508 694 et
2533 626 2762 695 AEscu-

637 731 833 829 lapio
851 729 899 802 ⁵.
937 734 1208 803 Navem
1231 755 1446 828 spero
1472 757 1609 802 nos
1635 731 1841 803 valde
1866 731 2138 803 bonam
2162 731 2433 805 habere
2463 761 2478 804 ε
2503 735 2578 805 in
2617 759 2764 806 eam

639 842 855 914 simul
896 857 1116 939 atque
1162 839 1582 930 conscendi,
1633 841 1785 913 haec
1826 844 2099 940 scripsi.
2144 841 2442 920 Deinde,
2466 844 2769 915 conscri-

637 951 805 1024 bam
831 952 923 1024 ad
961 968 1251 1025 nostros
1281 950 1664 1024 familiares
1698 953 1961 1024 multas
1994 953 2371 1051 epistolaS‚
2405 952 2673 1050 quibus
2700 969 2768 1026 te

639 1076 715 1134 et
775 1063 1155 1133 Tulliolam
1218 1077 1543 1134 nostram
1616 1062 2159 1160 diligentissime
2215 1063 2762 1135 commendabo,

635 1172 1078 1243 Cohortarer
1118 1197 1248 1243 vos
1272 1226 1291 1260 ,
1340 1198 1491 1270 quo
1531 1174 1768 1244 animo
1801 1172 2104 1245 fortiore
2143 1177 2429 1261 essetiS‚
2451 1175 2604 1245 ‘nisi
2647 1199 2769 1245 vos

632 1280 971 1353 fortiores
1009 1307 1467 1379 cognossem,
1508 1308 1729 1381 quam
1767 1308 2211 1382 quemquam
2251 1286 2510 1356 virum.
2548 1289 2636 1355 Et
2664 1300 2768 1355 ta-

632 1417 804 1464 men
833 1392 1186 1487 ejusmodi
1213 1418 1427 1491 spero
1462 1397 1748 1493 negotia
1781 1420 1972 1485 esse,
2012 1411 2094 1466 ut
2127 1410 2201 1467 et
2225 1420 2354 1468 vos
2390 1398 2549 1467 istic
2585 1421 2769 1467 com-

634 1500 1048 1576 modissime
1065 1528 1351 1602 sperem
1377 1529 1532 1577 esse
1548 1560 1566 1593 ,
1585 1520 1658 1578 et
1677 1529 1797 1578 me
1814 1505 2206 1602 aliquando
2225 1530 2390 1576 cum
2412 1504 2772 1577 similibus

630 1614 861 1684 nostri
903 1613 1429 1712 rempublicam
1467 1613 1961 1687 defensurum.
2006 1619 2118 1685 Tu
2163 1618 2480 1713 primum
2517 1613 2769 1685 valitu-

625 1725 870 1798 dinem
915 1741 1114 1797 tuam
1160 1728 1374 1798 velim
1420 1751 1662 1815 cures;
1705 1727 2006 1814 deinde,
2061 1725 2192 1798 tibi
2248 1731 2307 1798 si
2364 1717 2770 1813 videbitur,

622 1838 807 1909 villis
848 1839 933 1909 iis
984 1852 1231 1923 utere,
1286 1863 1447 1934 quae
1495 1838 1912 1936 longissime
1955 1838 2269 1910 aberunt
2312 1861 2353 1907 a
2389 1833 2768 1908 militibus.

624 1946 883 2018 Fundo
914 1949 1237 2046 Arpinati
1267 1947 1459 2019 bene
1492 1951 1764 2047 poteris
1802 1950 1909 2021 uti
1947 1973 2113 2020 cum
2149 1946 2414 2018 familia
2450 1944 2771 2030 urbana,

624 2059 683 2129 si
724 2082 1012 2129 annona
1050 2060 1282 2130 carior
1320 2058 1558 2131 fuerit.
1599 2057 1904 2131 Cicero⁶
1939 2060 2375 2132 bellissimus
2414 2057 2548 2127 tibi
2582 2055 2774 2128 salu-

625 2182 777 2238 tem
832 2169 1216 2266 plurimam
1260 2170 1447 2242 dicit.
1518 2174 1748 2241 Etiam
1793 2185 2013 2267 atque
2052 2170 2264 2241 etiam
2322 2167 2499 2237 vale.
2547 2172 2636 2237 D.
2688 2190 2769 2235 ιιι

628 2275 793 2347 idus
823 2278 982 2372 jun.

698 2445 747 2493 5.
770 2443 994 2509 Apollini
1006 2456 1057 2492 et
1068 2445 1370 2509 AEsculapio.
1397 2449 1517 2495 Haee
1542 2447 1654 2495 Seh.
1814 2448 1866 2495 6.
1893 2445 2073 2494 Cio-em.
2090 2445 2256 2493 Filius.
2275 2445 2402 2492 Nam
2422 2454 2472 2491 et
2506 2442 2549 2490 is
2574 2441 2637 2489 ad
2664 2440 2777 2489 bel-

629 2523 776 2582 delet,
797 2536 846 2572 et
867 2525 1041 2572 merito
1063 2536 1207 2589 putat
1224 2525 1530 2573 manifestum
1551 2543 1655 2574 esse
1743 2527 1843 2573 lum
1863 2542 1976 2573 cum
1995 2535 2130 2589 patre
2149 2524 2400 2589 profectus
2426 2532 2525 2579 αις
2561 2538 2778 2585 eumque

625 2603 881 2667 glossema.
900 2606 1262 2653 Damnaverunt
1289 2621 1489 2670 qnoque
1510 2609 1651 2655 Man.
1742 2605 2005 2669 Pompeius
2023 2604 2111 2652 alae
2129 2604 2347 2667 equitum
2372 2601 2508 2650 alteri
2531 2601 2781 2665 praefecit.

624 2694 675 2731 et
693 2684 862 2733 Lamb.
878 2686 971 2733 En.
1741 2682 1890 2732 offic.
1911 2682 1998 2731 lib.
2014 2686 2082 2731 11.
2097 2683 2251 2730 Mur.

1599 2857 1971 2876 mmmm
2253 2852 2775 2873 ”mmm

618 2859 1266 2878 mmmmm-M

1232 3007 1840 3088 EPISTOLA
1895 3007 2148 3084 VIII.

618 3151 921 3220 Hortatur,
955 3160 1022 3205 ut
1049 3144 1429 3204 valitudinem
1460 3158 1657 3217 curet,
1701 3157 1759 3202 et
1790 3145 1838 3202 si
1867 3143 2008 3221 quid
2038 3143 2204 3214 novi,
2245 3152 2450 3221 pergat
2487 3138 2777 3199 scribere.

698 3247 875 3324 (Ante
924 3243 1306 3302 Pharsalicam
1358 3261 1640 3319 pugnam,
1685 3261 1867 3318 quum
1908 3255 2059 3299 esset
2116 3240 2177 3297 in
2220 3239 2422 3297 castris
2469 3236 2782 3316 Pompeii,

704 3362 856 3401 anno
876 3347 949 3403 U.
972 3345 1035 3400 C.
1061 3339 1195 3413 705,
1224 3359 1422 3397 mense
1439 3338 1656 3417 junio.)

1115 3504 1207 3568 M.
1228 3503 1305 3565 T.
1338 3503 1406 3565 C.
1436 3499 1908 3565 TERENTIAE
1956 3499 2018 3563 S.
2054 3497 2128 3562 P.
2166 3499 2247 3561 D.

708 3637 781 3703 S1
832 3632 1063 3719 valeS‚
1107 3632 1297 3704 bene
1341 3646 1450 3703 est
1489 3659 1505 3701 :
1556 3654 1689 3727 ego
1741 3628 1970 3699 valeo.
2028 3626 2520 3698 Valitudinem
2559 3639 2780 3695 tuam

609 3743 826 3814 velim
866 3767 1071 3814 cures
1105 3742 1674 3840 diligentissime.
1723 3743 1909 3811 Nam
1954 3736 2132 3807 mihi
2178 3751 2252 3807 et
2292 3738 2647 3832 scripturn
2693 3749 2784 3806 et

611 3854 1026 3923 nuntiatum
1071 3867 1212 3939 est,
1248 3869 1320 3924 te
1366 3855 1444 3923 in
1493 3849 1798 3922 febrim¹
1844 3848 2090 3920 subito
2128 3845 2482 3918 incidisse.
2532 3844 2783 3951 Quod

684 4047 728 4079 1.
748 4030 954 4080 Febrim.
984 4031 1102 4078 Haec
1121 4031 1286 4080 eadem
1303 4032 1500 4082 videtur
1521 4032 1634 4079 fuis·
1720 4026 2053 4092 significabat,
2088 4043 2241 4091 quum
2274 4024 2551 4075 Terentiam
2589 4002 2780 4073 minus

609 4127 659 4158 se
674 4145 690 4172 ,
718 4128 863 4176 quam
894 4108 1148 4161 Dolabella
1164 4145 1179 4168 ,
1215 4111 1278 4159 ad
1300 4112 1409 4159 Div.
1432 4113 1507 4158 1x
1523 4146 1538 4173 ‚
1563 4127 1595 4173 9
1612 4144 1630 4170 ‚
1719 4107 1846 4156 belle
1873 4124 1924 4155 se
1950 4108 2175 4156 habuisse
2201 4107 2452 4155 scriberet.
2478 4106 2597 4155 Sca.
