3023 4773
631 382 772 453 230
1441 384 1958 454 PRAEFATIO

626 504 845 569 testari
870 504 1077 581 volui,
1111 520 1187 567 ut
1215 503 1420 567 sciant
1455 527 1684 569 omnes
1719 527 1824 568 me
1856 522 2132 589 semper,
2168 497 2490 587 quidquid
2526 514 2764 587 potue·

623 610 750 673 rim
781 607 1156 674 adminiculi
1191 607 1534 691 omnibus,
1559 611 1675 697 qui
1710 623 1979 698 possent
2008 605 2328 669 illustrare
2360 604 2494 669 suis
2529 604 2765 693 vigiliis

625 714 906 802 optimos
962 716 1341 802 scriptores,
1385 715 1735 803 praebuisse
1757 763 1776 797 ,
1834 736 1970 777 non
2013 711 2173 775 mihi
2220 710 2340 775 soli
2383 700 2760 775 facultatem

619 819 817 901 hujus
845 821 938 883 rei
972 819 1202 884 ordine
1234 820 1531 909 gerendae
1568 820 1965 886 custodisse:
1997 817 2180 897 cujus
2204 816 2404 881 animi
2429 816 2554 878 mei
2582 816 2764 880 testi·-

621 924 842 988 monia
866 924 1068 987 multa
1091 940 1286 1012 atque
1318 926 1640 1013 exempla,
1664 926 1717 989 si
1750 946 1917 1012 opus
1950 945 2087 987 esse
2112 921 2500 1003 judicarem,
2527 921 2764 985 afferre

619 1050 901 1118 possem.
940 1030 1112 1111 Quia
1155 1046 1369 1093 autem
1412 1030 1577 1094 liber
1618 1031 1725 1094 hic
1777 1052 1914 1093 non
1955 1028 2213 1117 penitus
2259 1027 2423 1090 mihi
2463 1026 2764 1115 cognitus

621 1149 784 1199 tunc
811 1134 970 1214 fuit,
1001 1155 1209 1220 quum
1237 1132 1611 1200 fidelitatem
1646 1135 1784 1214 ejus
1812 1132 2144 1220 perspexi;
2171 1153 2388 1218 neque
2419 1130 2608 1194 etiam
2629 1130 2772 1193 Ans

624 1240 769 1327 gelo
798 1239 1156 1321 Politiano,
1202 1240 1317 1325 qui
1349 1240 1566 1328 ipsum
1600 1261 1737 1327 cap.
1772 1237 1854 1303 53
1889 1259 2158 1302 suorum
2201 1236 2768 1301 Miscellaneorum

621 1341 807 1407 valde
829 1342 1131 1420 laudavit,
1167 1360 1233 1407 et
1258 1343 1339 1408 de
1368 1344 1498 1408 fato
1526 1343 1813 1432 quodam
1844 1343 2048 1432 ipsius
2076 1341 2420 1431 diligenter
2445 1341 2768 1428 loquutus

620 1465 754 1532 est3
785 1450 934 1513 volo
967 1449 1050 1513 de
1078 1451 1330 1539 origine
1365 1451 1568 1539 ipsius
1598 1449 1892 1539 quaedam
1925 1448 2290 1538 proedicare.
2317 1447 2543 1510 Fuisse
2565 1446 2772 1535 igitur

622 1554 982 1618 Politianus
1017 1572 1234 1620 narrat
1264 1574 1546 1644 quatuor
1578 1580 1709 1622 suae
1737 1557 2051 1644 cujusque
2077 1555 2277 1619 aetatis
2305 1551 2774 1617 eruditissimo-

622 1684 774 1730 rum
795 1662 1086 1726 virorum
1103 1711 1121 1744 ,
1147 1664 1266 1728 etsi
1299 1663 1381 1728 de
1405 1665 1655 1751 primo,
1671 1665 1787 1752 qui
1812 1662 2193 1743 Franciscus
2227 1659 2573 1726 Petrarcha
2602 1657 2768 1741 fuit,

624 1789 762 1833 non
794 1769 983 1858 plane
1016 1768 1139 1858 ipsi
1166 1770 1491 1852 constitit,
1524 1772 1639 1858 qui
1677 1787 1894 1835 tamen
1924 1770 2026 1858 (ut
2044 1785 2269 1857 postea
2294 1767 2637 1849 inventum
2667 1781 2775 1831 est

625 1896 665 1937 a
697 1873 831 1961 me)
873 1897 1008 1937 non
1045 1875 1258 1944 solum
1297 1876 1513 1964 ipsum
1552 1875 1879 1964 possedit,
1921 1897 2153 1939 verum
2184 1872 2376 1936 etiam
2409 1893 2524 1934 sua
2565 1892 2775 1933 manu

623 1980 911 2068 scripsit,
960 2003 1335 2068 expressum
1372 2005 1409 2045 e
1452 1999 1671 2047 vetere
1707 1980 2087 2069 exemplari,
2124 1976 2304 2067 quod
2342 1976 2450 2041 ille
2486 1976 2768 2064 reperit,

623 2109 832 2177 quum
877 2085 996 2151 diu
1027 2089 1441 2177 multumque
1494 2087 1611 2175 (ut
1647 2089 1715 2151 in
1750 2086 2020 2176 epistola
2055 2084 2333 2174 quadam
2366 2105 2481 2148 sua
2510 2083 2771 2172 narrat)

625 2193 947 2281 Epistolas
998 2193 1113 2257 has
1160 2194 1492 2259 Ciceronis
1536 2194 2002 2282 conquisisset,
2041 2214 2185 2281 quae
2218 2207 2368 2255 ante
2401 2188 2470 2253 id
2504 2204 2771 2277 tempus

622 2299 693 2363 in
719 2299 1000 2364 tenebris
1024 2299 1348 2365 latebant:
1377 2323 1497 2366 nec
1532 2301 1743 2369 solum
1776 2302 2086 2365 volumen
2114 2299 2243 2364 hoc
2273 2297 2487 2385 ipsum
2521 2294 2770 2359 descri-

625 2406 788 2493 psit,
836 2405 950 2469 sed
994 2408 1186 2471 etiam
1236 2407 1522 2490 illarum,
1568 2432 1713 2497 quae
1763 2408 2129 2472 Familiares
2168 2420 2527 2470 vocantur:
2581 2427 2729 2492 quae
2752 2453 2772 2481 ‚

623 2529 831 2598 quum
890 2512 1065 2600 apud
1116 2535 1237 2578 nos
1286 2514 1355 2577 in
1407 2514 1540 2579 divi
1582 2516 1785 2581 Marci
1839 2513 2230 2579 bibliotheca
2272 2510 2771 2593 custodiantur,

627 2615 989 2681 creduntur
1043 2617 1237 2697 hujus
1295 2618 1770 2709 diligentissimi
1825 2620 1947 2683 viri
2000 2641 2200 2682 manu
2252 2633 2519 2683 exaratae
2574 2639 2716 2681 esse
2753 2640 2769 2682 ε

625 2738 1061 2810 constansque
1103 2723 1241 2788 haec
1283 2742 1381 2789 est
1427 2727 1652 2814 opinio
1696 2724 1777 2789 de
1824 2725 1947 2789 illis
1991 2725 2060 2787 in
2109 2723 2339 2788 animis
2390 2738 2770 2788 nostrorum

626 2828 1010 2912 hominum3
1048 2829 1471 2910 cujus‘etiam
1505 2833 1600 2896 rei
1636 2848 2096 2920 argumentum
2137 2846 2266 2911 est,
2311 2827 2491 2917 quod
2526 2829 2770 2917 gallicis

624 2935 826 2999 literis
871 2935 1034 3000 liber
1078 2953 1371 3002 exaratus
1406 2954 1547 3002 est:
1600 2937 1747 3024 quis
1786 2938 1962 3003 enim
2000 2937 2207 3003 nescit
2241 2937 2474 3001 vixisse
2512 2936 2775 3001 Petrar-

627 3042 818 3107 cham
853 3043 922 3105 in
959 3045 1292 3131 provincia
1336 3043 1557 3109 Galliae
1597 3044 1796 3132 longo
1841 3045 2040 3108 aetatis
2081 3067 2213 3109 suae
2260 3041 2519 3133 spatio?
2564 3066 2775 3130 quare

624 3148 997 3215 imitabatur
1025 3150 1090 3212 in
1132 3148 1475 3214 scribendo
1518 3149 1913 3214 characteres
1959 3149 2099 3230 ejus
2142 3165 2327 3214 terrae
2366 3148 2719 3239 peculiares
2749 3173 2771 3215 ε

624 3270 1033 3344 agnoverunt
1073 3271 1293 3318 autem
1343 3254 1621 3319 sormam
1667 3278 1891 3324 earum
1926 3256 2256 3322 literarum
2294 3256 2508 3344 plures
2542 3254 2773 3321 adole-

622 3377 874 3426 scentes
894 3359 1080 3442 Galli,
1100 3358 1373 3424 studiosi
1397 3361 1800 3428 humanioris
1831 3363 2169 3445 doctrinae,
2201 3362 2441 3451 quibus
2468 3360 2772 3428 codicem

617 3466 798 3531 hunc
833 3467 1047 3555 ipsum
1083 3465 1368 3547 ostendi,
1397 3490 1607 3555 quum
1635 3468 1979 3534 transirent
2008 3469 2160 3550 hac,
2187 3471 2464 3532 Romam
2495 3466 2773 3555 profici-

614 3589 887 3639 scentes.
914 3573 1112 3656 Quod
1138 3589 1358 3638 autem
1387 3597 1655 3640 omnem
1683 3575 2065 3663 scrupulum
2095 3575 2354 3651 evulsit,
2381 3574 2775 3654 hujusmodi

618 3695 739 3743 est.
775 3679 1143 3745 Ludovicus
1182 3681 1574 3746 Beccatellus
1607 3682 2164 3770 archiepiscopus,
2200 3703 2399 3746 senex
2437 3681 2729 3768 optimus
2750 3733 2774 3758 ‚

615 3801 683 3849 et
715 3786 893 3848 omni
927 3786 1184 3853 honore
1209 3788 1648 3878 dignissimus,
1681 3786 1766 3853 de
1793 3788 1976 3868 cujus
2006 3788 2395 3868 eruditione,
2417 3787 2777 3875 probitate,

616 3909 747 3955 usu
796 3912 1033 3979 magno
1077 3893 1444 3981 reipublicae
1486 3894 1900 3975 Christianae,
1953 3894 2023 3958 in
2075 3917 2204 3984 qua
2250 3891 2781 3966 administranda

618 4017 874 4063 summa
905 4017 1058 4060 cum
1085 3998 1276 4065 laude
1305 4016 1594 4064 versatus
1634 4014 1732 4064 est
1746 4048 1763 4082 ,
1794 4021 2344 4088 supervacaneum
2372 4014 2545 4063 esset
2562 4022 2777 4064 accu-

616 4101 817 4169 ratius
851 4099 1208 4189 disputare,
1235 4104 1303 4168 in
1337 4105 1474 4169 aliis
1507 4103 1839 4177 nonnullis
1870 4106 2142 4195 egregiis
2168 4105 2618 4171 monumentis
2643 4128 2778 4171 an-
