3023 4773
867 424 1420 508 EPISTOLAE,
1465 425 1634 504 XV,
1676 424 1744 506 l..
2242 418 2364 491 131

249 560 380 632 tur,
420 547 483 615 si
526 539 910 632 sacerdos⁶
951 545 1169 615 armis
1205 567 1319 634 se,
1362 541 1566 641 quod
1609 540 1927 614 facturus
1965 541 2381 639 putabatur,

243 655 664 728 defenderet
686 709 706 742 ,
748 653 1167 727 adolescens
1202 669 1277 726 et
1310 656 1644 752 equitatu
1669 667 1742 725 et
1784 653 2111 751 peditatu
2147 670 2220 727 et
2251 680 2383 754 pe-

245 769 456 839 cunia
498 779 822 863 paratuS,
869 779 942 836 et
977 778 1139 836 toto
1183 766 1312 853 iis,
1374 768 1540 861 qui⁷
1586 764 1840 853 novari
1865 759 2151 861 'aliquid
2183 766 2381 837 vole-

242 875 415 948 bant
447 904 465 946 :
507 874 817 974 perfeci,
856 890 940 947 ut
969 901 1009 948 e
1040 900 1270 972 regno
1307 876 1428 948 ille
1462 873 1904 960 discederet3
1933 899 2205 968 rexque
2227 878 2385 948 sine

244 985 604 1072 tumultu,
648 1009 730 1057 ac
765 987 919 1056 sine
970 986 1187 1057 armis
1208 1040 1228 1074 ,
1268 986 1470 1057 omni
1506 987 1939 1056 auctoritate
1970 985 2147 1056 aulae
2181 1011 2385 1058 com-

244 1101 519 1167 munita
542 1151 562 1181 ,
606 1119 915 1191 regnum
951 1120 1118 1168 cum
1155 1094 1504 1193 dignitate
1543 1093 1931 1167 obtineret.

333 1211 625 1275 Interea
686 1206 997 1301 cognovi
1056 1205 1460 1276 multorum
1515 1205 1741 1277 literis
1793 1220 2016 1303 atque
2062 1207 2339 1278 nuntiis
2368 1262 2387 1293 ,

241 1338 535 1410 magnas
585 1312 1015 1387 Parthorum
1056 1317 1300 1413 copias
1348 1330 1421 1388 et
1475 1314 1840 1404 Arabum,
1885 1314 1979 1387 ad
2035 1318 2392 1415 oppidum

245 1422 700 1494 Antiochiam
721 1426 1125 1515 accessisse,
1140 1451 1639 1524 magnumque
1668 1450 1925 1497 eorum
1949 1429 2358 1524 equitatum
2374 1484 2394 1518 ,

248 1535 479 1631 quiin
500 1533 826 1605 Ciliciam
859 1536 1254 1623 transisset,
1281 1535 1373 1608 ab
1397 1537 1732 1633 equitum
1760 1541 2089 1607 meorum
2113 1541 2396 1621 turmiS,

248 1660 314 1715 et
357 1669 400 1715 a
433 1643 743 1715 cohorte
781 1645 1143 1742 praetoria,
1182 1669 1345 1743 quae
1379 1659 1532 1717 erat
1554 1640 2038 1743 Epiphaneaess
2081 1648 2395 1745 praesidii

248 1780 457 1827 causa
481 1809 501 1840 ,
547 1754 928 1826 occidione
966 1759 1309 1827 occisum.
1359 1757 1605 1845 Quare
1648 1780 1882 1853 quum
1919 1756 2238 1829 viderem
2263 1812 2282 1844 ‚
2351 1784 2394 1831 a

249 1865 714 1964 Cappadocia
755 1865 1190 1937 Parthorum
1245 1868 1491 1964 copias
1536 1891 1849 1954 aversam,
1900 1893 2053 1939 non
2098 1869 2316 1967 longe
2355 1895 2414 1942 a-

249 1975 523 2047 finibus
562 2000 718 2046 esse
752 1974 1013 2047 Ciliciae
1044 2002 1061 2045 z
1095 2000 1316 2073 quam
1377 1978 1589 2074 potui
1636 1979 1968 2049 maximis
2008 1979 2393 2052 itineribus

250 2089 331 2158 ad
362 2093 729 2158 Amanum
769 2087 1166 2157 exercitum
1192 2087 1386 2158 duxi.
1427 2089 1599 2177 Quo
1625 2101 1704 2157 ut
1735 2090 1899 2159 veni
1919 2141 1938 2174 ,
1979 2088 2266 2161 hostem
2300 2090 2393 2162 ab

249 2196 636 2269 Antiochia
660 2196 1034 2270 recessisse
1050 2251 1070 2278 ,
1100 2196 1438 2269 Bibulum
1461 2196 1859 2268 Antiochiae
1879 2221 2031 2269 esse
2050 2203 2397 2297 cognovi3

249 2311 822 2406 Dejotarumque
859 2305 1268 2396 confestim,
1293 2306 1442 2402 jam
1484 2305 1577 2377 ad
1622 2331 1738 2378 me
1777 2309 2191 2380 venientem
2229 2334 2400 2382 cum

251 2443 521 2517 magno
547 2431 623 2489 et
655 2415 869 2489 firmo
898 2418 1225 2514 equitatu
1254 2431 1328 2489 et
1356 2416 1721 2516 peditatu,
1756 2431 1829 2489 et
1859 2442 2026 2489 cum
2055 2419 2399 2493 omnibus

253 2537 398 2603 suis
448 2530 721 2627 copiis,
776 2532 1156 2600 certiorem
1199 2526 1375 2617 feci,
1426 2552 1580 2598 non
1615 2526 1843 2599 videri
1882 2553 2036 2601 esse
2072 2555 2356 2602 causam
2377 2584 2397 2617 ‚

256 2666 382 2713 cur
442 2638 735 2712 abesset
777 2663 819 2708 a
865 2661 1131 2735 regno;
1182 2662 1449 2735 meque
1489 2637 1582 2708 ad
1626 2662 1838 2727 eum,
1887 2640 1949 2709 si
2002 2639 2182 2736 quid
2227 2642 2398 2712 novi

316 2808 365 2854 6.
394 2803 659 2853 Sacerdos.
691 2774 1020 2852 Comanorum
1055 2802 1281 2851 sacerdos
1363 2804 1553 2865 iectura
1599 2782 1777 2852 ductus
1793 2837 1810 2863 ,
1851 2803 2113 2869 legendum
2160 2804 2367 2869 putabat
2383 2840 2398 2862 ,

216 2904 227 2914 ⁴
256 2886 557 2945 Archelaus,
604 2900 632 2931 a
675 2883 914 2947 Pompeio
965 2884 1179 2946 Magno,
1224 2892 1283 2930 ut
1369 2904 1395 2924 α
1420 2892 1611 2931 extorta
1656 2883 1748 2944 iis,
1796 2884 1912 2947 qui,
1971 2894 2114 2935 etc.»
2170 2885 2399 2934 Correxit

256 2966 422 3013 scribit
446 2964 739 3027 Appianas,
758 2960 1046 3010 Mithridate
1069 2961 1284 3019 devicto,

256 3046 519 3109 ptael'ectus
540 3056 553 3089 :
591 3051 708 3106 post
744 3057 889 3103 quem
928 3040 1157 3088 sacerdos
1193 3039 1285 3088 fuit

258 3112 573 3181 Nicomedes,
589 3137 616 3168 a
634 3122 849 3181 Caesare,
869 3131 984 3184 post
1006 3131 1287 3186 superatum

257 3204 547 3269 Pompeium
565 3237 585 3266 ‚
602 3200 910 3266 praepositus.
924 3201 1042 3261 Eius
1064 3200 1288 3249 sacerdo-

260 3286 316 3330 tis
338 3293 564 3349 potestas
583 3318 599 3343 ,
619 3297 729 3345 quae
754 3279 919 3337 fuerit,
944 3280 1159 3328 ostendit
1175 3282 1289 3328 nir-

259 3365 351 3411 tius
372 3363 439 3411 de
465 3362 604 3427 bello
621 3360 983 3421 Alexandrino,
1000 3360 1079 3407 his
1101 3360 1283 3407 verbis:

260 3444 516 3492 «Comana
531 3476 547 3501 ,
579 3440 957 3488 vetustissimum
976 3451 1025 3487 et
1042 3440 1287 3488 sanctissi-

263 3537 389 3568 mum
410 3523 465 3569 ’m
478 3518 795 3584 Cappadocia
806 3518 1021 3567 Bellonae
1034 3518 1289 3583 templum,

262 3601 395 3662 qnod
422 3611 564 3649 tauta
590 3599 827 3663 religione
845 3598 1043 3658 colitur,
1060 3608 1119 3646 ut
1134 3613 1291 3646 saeer-

265 3680 353 3727 ἀοι
376 3683 485 3741 ejus
517 3679 654 3740 deae,
682 3680 960 3738 majestate,
999 3678 1207 3743 imperio
1242 3688 1291 3726 et

269 3760 485 3821 potentia
525 3757 774 3808 secundus
815 3774 846 3805 a
895 3773 1009 3823 rege
1049 3772 1291 3805 consensu

271 3840 425 3899 gentis
463 3839 600 3887 inim
628 3838 867 3887 habeatur
885 3859 933 3886 υ.
956 3835 1212 3885 videndus
1243 3848 1297 3885 et

274 3918 443 3966 Strabo
466 3917 561 3967 lib.
579 3919 699 3965 111.
724 3919 872 3966 Muc-

347 4013 393 4055 7.
415 3999 482 4045 Ec
506 4008 612 4046 coeo
637 3995 719 4055 iis,
741 3996 843 4062 qai.
866 3998 1033 4059 Quum
1049 3996 1168 4043 etin
1189 3994 1298 4042 vul-

276 4075 397 4135 gatis
422 4076 564 4125 libris
594 4087 646 4124 et
671 4077 723 4124 in
748 4075 1090 4139 manuscriptis
1113 4074 1296 4139 legere-

278 4164 361 4200 tur
400 4166 481 4203 -et
519 4166 630 4205 toto
671 4157 731 4205 iis
747 4177 800 4221 n,
831 4158 1147 4204 Ranconetus
1179 4169 1301 4203 eon-

1369 2962 1651 3020 Victorius,
1680 2972 1762 3011 «et
1787 2963 1990 3011 omnino
2011 2963 2097 3024 iis,
2124 2965 2237 3027 qui,
2263 2974 2400 3013 etc.-

1371 3041 1510 3106 quod
1535 3040 1731 3089 videtur
1759 3042 1871 3090 Sch.
1904 3042 2096 3105 frigere.
2141 3042 2271 3101 Alii,
2309 3054 2398 3092 «et

1371 3121 1679 3185 sociis‚qui,
1701 3131 1792 3169 ete.
1814 3142 1841 3163 ι·
1865 3122 2029 3169 Lnn.
2061 3148 2131 3157 —-
2162 3122 2224 3168 Et
2262 3120 2399 3185 quod

1371 3216 1607 3249 summam
1648 3217 1750 3249 rem
1787 3200 2036 3259 continet,
2077 3200 2139 3247 iis
2177 3210 2402 3265 quoque,

1374 3281 1461 3345 qui
1484 3281 1595 3346 ipso
1621 3281 1674 3328 in
1701 3296 1854 3344 regno
1872 3278 2152 3345 querebant
2170 3282 2404 3330 mutatio·

1374 3375 1518 3418 nem,
1558 3370 1755 3425 paratus
1798 3371 1849 3408 et
1894 3359 2192 3408 succinctus.
2227 3360 2334 3410 Lib.
2357 3363 2403 3408 V

1376 3439 1531 3488 Attio.
1569 3455 1676 3488 20:
1714 3442 1849 3487 «Est
1892 3450 2054 3487 totum
2077 3472 2093 3497 ,
2134 3438 2256 3503 quid
2299 3439 2402 3487 kal.

1377 3519 1562 3566 martiis
1601 3518 1821 3566 futurum
1862 3518 1989 3576 sib-3
2027 3519 2105 3565 111
2138 3518 2203 3566 ad
2228 3520 2404 3583 Quint.

1376 3598 1524 3661 epist.
1545 3599 1831 3646 xz-Totnm
1854 3598 1908 3643 in
1934 3611 1995 3643 eo
2022 3606 2117 3656 est,
2144 3599 2406 3647 tectorium

1378 3686 1435 3724 ut
1461 3676 1750 3724 continuum
1771 3676 1836 3722 sit
1850 3695 1897 3723 υ.
1923 3676 2098 3724 Totum
2119 3675 2186 3740 lai,
2206 3677 2295 3743 qui
2312 3678 2409 3725 ali-

1380 3754 1505 3819 quid
1536 3756 1677 3813 novi,
1715 3770 1803 3818 per
1840 3755 2229 3820 appositionem,
2263 3773 2407 3822 quam

1382 3834 1559 3883 dicunt
1584 3834 1898 3898 grammatici.
1923 3838 1976 3885 J.
1997 3837 2052 3885 F.
2075 3837 2313 3886 Guonov.
2340 3865 2410 3876 --
2503 3822 2510 3829 ⁰

1384 3912 1498 3961 seh.
1521 3914 1707 3978 recepit
1731 3926 1782 3963 ee
1812 3916 1986 3965 socius.

1458 3994 1506 4040 8.
1529 3992 1849 4058 Epaphaneoe.
1873 3995 2158 4060 Epiphanes
2177 4008 2250 4045 est
2272 3997 2416 4061 oppi-

1391 4072 1507 4120 dum
1534 4072 1748 4131 Cilieiae,
1783 4072 1916 4122 aliud
1944 4073 2006 4122 ab
2035 4075 2153 4134 illo,
2179 4076 2318 4140 quod
2352 4075 2416 4122 ad

1392 4154 1631 4203 Orontem
1657 4153 1710 4204 in
1729 4153 1870 4221 Syria
1890 4155 2000 4205 fuit.
2021 4156 2198 4203 ὕων.

2105 4264 2177 4334 9.
