3023 4773
655 373 794 471 478
1289 370 1385 437 Μ.
1436 369 1514 435 T.
1567 366 2125 435 clcERoms

657 518 906 595 quens.
952 487 1411 564 Adhibentur
1435 510 1686 559 omnes
1724 485 2132 584 pontifices,
2168 487 2294 585 qui
2336 501 2538 560 erant
2569 513 2781 561 sena-

654 620 849 676 tores
869 613 889 644 ¹
905 612 923 644 ¹
948 627 964 670 :
984 625 1023 670 a
1043 598 1308 696 quibus
1328 596 1788 668 Marcellinus
1812 604 1897 682 ¹²,
1933 601 2059 692 qui
2090 611 2242 668 erat
2277 597 2785 694 cupidissimus

656 713 834 795 mei,
874 708 1298 779 sententiam
1327 707 1602 803 primus
1629 720 1947 801 rogatus,
1972 707 2325 802 quaesivit,
2343 706 2518 804 quid
2543 723 2787 780 essent

656 832 728 896 in
767 820 1222 895 decernendo
1252 823 1541 918 sequuti
1580 816 1662 890 ¹³.
1690 824 1873 890 Tum
1905 822 2005 890 M.
2044 821 2388 892 Lucullus
2408 823 2468 872 ¹⁴
2499 821 2587 892 de
2615 846 2786 891 om-

657 939 857 1006 nium
876 932 1307 1027 collegarum
1332 929 1686 1000 sententia
1702 928 2108 1027 respondit,
2124 929 2494 1033 religionis
2505 929 2790 1026 judices

655 1042 1035 1144 pontifices
1059 1039 1306 1128 fuisse,
1343 1039 1519 1135 legis
1552 1054 1922 1125 senatum3
1961 1063 2035 1110 se
2073 1055 2145 1111 et
2169 1039 2478 1136 collegas
2502 1063 2668 1110 suos
2686 1039 2786 1111 de

652 1155 994 1251 religione
1056 1150 1382 1220 statuisse
1404 1202 1423 1236 ‚
1475 1152 1552 1218 in
1612 1162 1863 1219 senatu
1928 1147 2019 1220 de
2074 1146 2230 1246 lege
2253 1145 2316 1192 ¹⁵
2368 1162 2782 1219 statuturos.

656 1265 981 1358 Quisque
1019 1257 1327 1338 horum.
1373 1257 1536 1328 loco
1579 1259 2009 1328 sententiam
2039 1273 2369 1354 rogatus,
2402 1247 2630 1327 multa
2670 1283 2787 1328 se-

656 1369 975 1442 cundum
998 1391 1279 1439 causam
1303 1381 1619 1438 nostram
1641 1366 2048 1463 disputavit.
2076 1359 2321 1455 Quum
2340 1362 2429 1436 ad
2447 1363 2786 1436 Clodium

654 1495 954 1552 ventum
993 1492 1136 1566 est,
1171 1478 1397 1575 cupiit
1442 1475 1633 1547 diem
1662 1499 2091 1547 consumere
2117 1473 2220 1566 ¹⁶3
2255 1501 2495 1573 neque
2529 1479 2597 1547 ei
2624 1474 2791 1546 finis

657 1606 766 1665 est
790 1588 1019 1661 factus
1048 1615 1064 1658 :
1107 1586 1232 1659 sed
1260 1602 1537 1671 tamen,
1575 1607 1804 1681 quum
1833 1585 2048 1656 horas
2085 1601 2228 1656 tres
2264 1582 2413 1656 fere
2458 1583 2788 1667 dixisset,

659 1703 828 1772 odio
873 1713 948 1772 et
996 1698 1301 1795 strepitu
1350 1708 1637 1766 senatus
1673 1709 1960 1766 coactus
2005 1710 2113 1766 est
2147 1694 2533 1792 aliquando
2572 1718 2789 1793 pero-

654 1835 834 1883 rare.
887 1810 1133 1897 Quum
1186 1803 1390 1875 fieret
1453 1804 2153 1900 senatusconsultum
2221 1807 2296 1874 in
2360 1806 2789 1875 sententiam

657 1918 1088 2002 Marcellini;
1145 1912 1488 1986 omnibus
1527 1930 1783 2011 praeter
1820 1926 1877 1973 ¹⁷
1922 1938 2148 1985 unum
2200 1907 2790 2000 assentientibus,

655 2022 1083 2101 Serranus¹⁸
1114 2025 1539 2095 intercessit.
1586 2027 1696 2095 De
1737 2027 2248 2097 intercessione
2284 2025 2525 2094 statim
2571 2021 2788 2092 ambo

654 2196 725 2242 M.
767 2190 925 2239 Fulvii
953 2189 1113 2236 Flacci
1147 2204 1309 2236 eversa
1349 2187 1410 2236 de
1449 2187 1680 2236 Cimbrici

656 2271 895 2322 msnubiis
916 2287 942 2318 a
969 2271 1032 2332 Q.
1057 2268 1252 2316 Lutatio
1277 2267 1453 2315 Catulo
1477 2266 1677 2323 factam,

659 2358 713 2404 P.
737 2349 940 2402 Clodius
963 2364 1073 2397 cum
1097 2346 1345 2397 Ciceronis
1368 2345 1518 2395 domo
1539 2361 1676 2395 ever-

659 2443 796 2481 terat.
824 2434 922 2479 Pro
947 2431 1109 2476 Domo
1137 2441 1255 2485 sus;
1278 2425 1502 2473 Vslerius
1535 2427 1674 2473 Max.

661 2512 758 2569 VI,
787 2510 835 2557 3.
859 2508 1010 2556 Mne.

736 2606 755 2636 ι
770 2603 817 2637 ι.
854 2583 950 2647 Qui
975 2593 1119 2631 erant
1142 2592 1399 2630 senatores.
1432 2581 1498 2629 Iis
1520 2580 1648 2628 enim
1662 2615 1676 2639 ,

660 2670 746 2732 qui
762 2675 1007 2714 senatores
1028 2677 1128 2709 non
1148 2670 1310 2718 erant,
1334 2660 1525 2723 ingredi
1542 2675 1682 2707 sens-

659 2759 764 2795 tum
789 2760 889 2792 non
914 2741 1111 2789 lIcebst.
1139 2742 1200 2788 Et
1222 2738 1507 2804 pontificum
1533 2739 1681 2786 colle·

605 2877 619 2895 ·
659 2827 792 2890 gimn
809 2831 1010 2887 apparet
1027 2835 1129 2868 non
1150 2819 1295 2867 fuisse
1316 2829 1474 2867 totum
1492 2818 1681 2866 ordinis

660 2903 918 2960 senatorii,
943 2916 1096 2964 quum
1118 2897 1435 2963 pontificiam
1466 2897 1680 2960 dignita-

662 2996 757 3033 tem
777 3018 793 3044 ,
835 2981 979 3030 etism
1017 2980 1104 3043 qui
1146 2990 1343 3027 senator
1383 2993 1482 3025 non
1529 2986 1680 3033 esset,

662 3060 895 3125 consequi
939 3068 1105 3123 posset
1135 3071 1148 3106 ε
1186 3067 1241 3105 ut
1276 3058 1328 3104 in
1365 3056 1585 3103 oratione
1619 3053 1681 3101 de

665 3145 877 3205 Hsrusp.
901 3153 1028 3202 resp.
1054 3139 1206 3185 Inus.

737 3235 818 3269 η.
839 3215 1166 3266 Marcellinus.
1186 3213 1276 3261 Cn.
1294 3211 1553 3260 Cornelius
1567 3211 1684 3258 Len·

664 3300 795 3348 tulus
837 3293 1151 3344 Marcellinus
1166 3326 1181 3350 ,
1226 3291 1414 3339 ordinis
1461 3290 1683 3354 patricii,

667 3375 837 3427 consul
857 3373 1132 3437 designatus
1154 3385 1265 3418 eum
1284 3374 1341 3418 L.
1362 3370 1552 3417 Marcio
1573 3370 1685 3418 Phi·

669 3458 806 3522 lippo
823 3489 838 3513 ‚
876 3452 962 3517 qui
995 3449 1197 3503 Caesaris
1236 3449 1448 3513 Augusti
1484 3449 1685 3496 vitricus

672 3537 785 3585 t'uit.
803 3532 918 3581 vid.
936 3531 1000 3580 sd
1020 3532 1081 3591 Q.
1104 3529 1182 3577 Fr.
1204 3531 1278 3586 11,
1308 3528 1527 3586 153v21.
1549 3529 1684 3576 Max.

672 3616 744 3661 VI
758 3646 775 3673 ‚
802 3628 853 3661 s.

749 3694 827 3741 13.
856 3689 1110 3755 Qnoesivie,
1133 3687 1256 3753 quid
1274 3687 1496 3735 essentia
1524 3686 1687 3734 decer-

673 3770 834 3820 nendo
854 3769 1061 3835 sequuti.
1085 3768 1289 3816 Pulchra
1317 3765 1510 3814 dicendi
1533 3765 1657 3813 rstio
1671 3801 1687 3826 ,

674 3851 909 3913 plsneque
951 3848 1113 3897 saeculi
1163 3847 1291 3896 illius
1336 3847 1495 3902 aurei,
1540 3843 1686 3893 finem

671 3926 960 3993 significans.
999 3951 1025 3971 ιι
1045 3929 1310 3991 Quaesivit,
1345 3926 1530 3992 inquit,
1566 3924 1687 3988 quid

672 4017 830 4055 essent
861 4007 915 4053 in
945 4006 1249 4056 decernendo
1284 4006 1556 4071 sequuti-2
1590 4005 1685 4052 hoc

671 4098 768 4147 est,
792 4086 876 4148 qui
901 4100 1092 4143 sensus,
1116 4085 1252 4147 quod
1268 4086 1553 4143 consilium,
1576 4097 1686 4146 que

1767 2187 2001 2251 cogitatio
2037 2186 2181 2234 suerit
2215 2185 2436 2244 illorum,
2472 2201 2625 2248 quum
2658 2183 2788 2232 dixe-

1766 2266 2075 2325 runt‚Videri
2089 2267 2193 2314 sine
2207 2265 2442 2329 religione
2460 2277 2649 2329 partem
2666 2279 2788 2311 ιτα

1765 2362 1909 2411 posse
1947 2346 2154 2395 restitui.
2189 2345 2359 2395 videri
2387 2329 2529 2393 'enim
2563 2353 2791 2411 poterant

1765 2426 2045 2482 nonnullis,
2059 2426 2300 2488 judicasse
2326 2425 2517 2474 restitui
2543 2436 2789 2489 oportere.

1766 2508 1936 2569 Itaque
1966 2505 2197 2553 Lucullus
2223 2504 2286 2551 sd
2321 2518 2406 2552 es:
2440 2502 2705 2551 Pontifices
2731 2503 2789 2551 de

1766 2583 2001 2649 religione
2011 2621 2024 2643 ‚
2040 2584 2176 2648 quod
2188 2585 2262 2632 sui
2273 2584 2365 2632 suit
2377 2582 2530 2631 officii
2544 2585 2792 2631 statuisse:

1766 2680 1939 2729 nempe
1961 2680 2147 2723 aream,
2169 2664 2305 2713 omui
2326 2663 2566 2727 religione
2587 2652 2804 2711 liber-sd

1767 2759 1900 2792 esse:
1928 2743 1989 2791 de
2023 2743 2127 2806 lege
2162 2742 2327 2793 Clodii
2364 2744 2696 2803 constituere,
2728 2742 2789 2790 sd

1768 2834 1983 2871 senatum
2002 2824 2259 2886 pertinere.
2287 2823 2518 2869 Maur.

1844 2910 1922 2957 πή.
1954 2902 2190 2949 Lucullus.
2217 2903 2291 2949 M.
2319 2900 2534 2948 Licinius
2560 2899 2792 2947 Lucullus

1769 2981 1993 3045 pontifex
2034 2980 2331 3038 consularis,
2374 2990 2424 3028 et
2464 2980 2793 3043 u-iumphalh.

1770 3059 1952 3109 Consul
1977 3060 2134 3111 fuerat
2157 3074 2272 3108 ann.
2300 3058 2422 3107 680.

1847 3139 1926 3185 15.
1973 3137 2209 3186 Tunstsll.
2254 3153 2308 3201 p.
2360 3138 2423 3185 88
2441 3170 2456 3193 ‚
2499 3136 2640 3184 addit
2681 3153 2794 3184 enus

1768 3217 2069 3265 senatoribus
2084 3251 2098 3274 ‚
2120 3233 2147 3263 e
2171 3216 2328 3276 libro,
2353 3216 2439 3279 qui
2466 3216 2666 3263 haben-et
2683 3232 2794 3263 aaa

1769 3307 1961 3345 senam.
1992 3294 2087 3345 Sed
2112 3294 2164 3341 id
2182 3292 2357 3357 frigide
2374 3292 2648 3342 redundare
2664 3304 2795 3342 reete

1772 3377 1958 3424 Ernest.
1976 3373 2180 3435 judicat.
2207 3374 2239 3421 J
2246 3409 2259 3422 .
2275 3376 2341 3422 V.
2363 3375 2416 3422 11.

1849 3455 1928 3503 16.
1957 3452 2101 3500 Diem
2139 3460 2432 3500 consumere.
2473 3452 2551 3499 Ne
2576 3462 2797 3499 senatus-

1775 3532 2047 3581 consultum
2080 3529 2233 3579 fieret.
2262 3530 2460 3579 Licebat
2487 3532 2618 3578 enim
2656 3547 2797 3578 sem-

1774 3613 1895 3670 tori‚
1922 3620 1971 3658 et
1995 3607 2227 3672 quandlu
2257 3606 2426 3666 vellet,
2451 3618 2501 3655 et
2527 3624 2624 3671 qus
2652 3608 2712 3656 de
2740 3625 2794 3656 re

1773 3690 1944 3748 vellet,
1960 3688 2137 3737 dicere.
2157 3686 2468 3744 Gellius‚lib.
2483 3688 2690 3750 1V,csp.
2712 3703 2794 3735 so.

1773 3770 1919 3815 Mu«.
1940 3793 2007 3803 —
2030 3768 2138 3813 Hoc
2160 3776 2232 3814 est
2258 3765 2397 3829 quod
2423 3765 2651 3815 ciceroni
2674 3764 2796 3812 diei·

1774 3858 1855 3895 tur
1869 3845 2045 3910 passim
2065 3844 2317 3892 calumnia
2337 3843 2547 3893 dieende'.
2565 3845 2661 3893 En.

1816 3915 1821 3920 ’
1850 3941 1928 3986 ¹7·
1957 3926 2156 3972 Pru-cer.
2176 3924 2354 3971 Prmer
2371 3922 2530 3987 ipsum
2550 3922 2796 3971 Clodium.

1850 4005 1932 4051 18.
1978 4006 2230 4049 Servaeum.
2272 4003 2382 4050 Sex.
2417 4002 2600 4050 Atilius
2632 4003 2797 4050 Serra·

1775 4100 1892 4144 nus,
1916 4082 2142 4131 tribunus
2169 4081 2340 4144 plebis.
2364 4081 2506 4128 Mus.
