3023 4773
534 421 1045 495 EPISTOLAE
1093 425 1225 491 AD
1277 423 1778 512 ATTICUM,
1826 429 1946 513 11,
2000 427 2111 510 24.
2247 430 2385 523 417

246 548 511 632 ¹rione,
547 549 627 617 in
671 572 818 643 qua
857 541 1185 616 Paullus⁸
1221 546 1479 616 initio9
1517 544 1799 634 fuisset,
1836 563 1906 618 et
1941 551 2029 638 Q.
2070 523 2393 645 Caepiom

274 657 394 728 hic
422 663 717 739 Brutus,
747 670 819 726 et
852 655 1199 726 Lentulus
1217 710 1235 743 ,
1261 654 1572 726 flaminis
1599 655 1820 745 filius,
1847 662 2138 753 conscio
2161 674 2387 757 patre.

272 772 523 838 Postea
566 770 641 836 C.
682 765 1141 861 Septimium,
1177 764 1479 837 scribam
1514 763 1787 853 Bibuli,
1828 768 2217 863 pugionem
2257 768 2395 839 sibi

274 901 315 946 a
344 876 601 946 Bibulo
627 873 983 945 attulisse:
1010 874 1212 970 quod
1240 889 1474 946 totum
1510 876 1794 945 irrisum
1831 891 1974 962 est,
2006 879 2245 947 Vettio
2270 901 2402 974 pu·-

272 986 562 1080 gionem
600 982 943 1072 defuisse,
981 986 1116 1055 nisi
1147 984 1213 1055 ei
1241 984 1495 1056 consul
1526 983 1873 1072 dedisset3
1902 1010 2138 1082 eoque
2173 991 2397 1084 magis

273 1094 351 1164 id
391 1095 705 1189 ejectum
734 1109 878 1181 est,
926 1093 1126 1189 quod
1167 1118 1228 1164 a.
1274 1093 1345 1163 d.
1387 1119 1467 1164 111
1505 1093 1600 1164 id.
1644 1095 1808 1163 mai.
1852 1092 2151 1164 Bibulus
2194 1099 2400 1164 Pom·

273 1208 521 1302 peium
565 1202 828 1276 fecerat
865 1205 1286 1289 certiorem,
1328 1217 1412 1273 ut
1443 1216 1724 1277 caveret
1763 1200 2074 1274 insidias.
2122 1207 2206 1273 In
2244 1228 2396 1299 quo

272 1317 338 1385 ei
376 1316 759 1413 Pompeius
796 1315 1055 1411 gratias
1098 1328 1362 1410 egerat.
1400 1311 1866 1382 Introductus
1906 1314 2127 1383 Curio
2164 1310 2394 1399 filius,

274 1423 453 1493 dixit
487 1423 576 1493 ad
631 1447 751 1509 ea,
808 1446 969 1518 quae
1011 1423 1290 1493 Vettius
1325 1420 1660 1492 dixerat.:
1706 1422 2158 1517 maximeque
2191 1425 2267 1492 in
2306 1446 2396 1493 eo

273 1547 433 1601 tum
478 1531 772 1628 quidem
816 1532 1098 1601 Vettius
1140 1545 1249 1601 est
1282 1529 1799 1626 reprehensuS,
1851 1528 2054 1626 quod
2091 1530 2397 1618 dixerat,

275 1641 837 1712 adolescentium
861 1641 1275 1726 consilium,
1307 1654 1389 1710 ut
1416 1641 1493 1709 in
1511 1636 1673 1709 foro
1694 1663 1861 1709 cum
1885 1638 2398 1736 gladiatoribus

274 1751 564 1821 Gabinii
584 1751 1007 1847 Pompeium
1027 1750 1519 1836 adorirentur;
1546 1750 1623 1817 in
1650 1773 1739 1819 eo
1777 1750 2180 1845 principem
2200 1749 2400 1819 Paul-

274 1863 427 1931 lum
459 1860 705 1946 suisse,
732 1884 951 1955 quem
980 1857 1352 1930 constabat
1387 1883 1474 1929 eo
1515 1873 1843 1957 tempore
1879 1860 1953 1928 in
1981 1857 2402 1931 Macedonia

273 1970 518 2041 fuisse.
559 1973 668 2039 Fit
713 1967 1455 2055 senatusconsultum,
1513 1982 1595 2038 ut
1629 1972 1946 2055 Vettius,
1986 1970 2186 2065 quod
2224 1994 2402 2040 con-

272 2078 507 2148 fessus
543 2090 763 2163 esset,
800 2100 875 2146 se
915 2099 1078 2145 cum
1118 2076 1335 2146 telo¹¹
1381 2073 1622 2164 fuisse,
1645 2079 1718 2147 in
1755 2079 2044 2151 vincula
2086 2080 2400 2173 conjice-

276 2202 514 2273 retur;
558 2189 687 2283 qui
732 2209 895 2256 eum
944 2186 1326 2272 emisisset,
1374 2199 1628 2256 contra
1672 2186 2195 2283 rempublicam
2247 2213 2402 2260 esse

275 2295 662 2367 facturum.
686 2300 826 2365 Res
855 2308 1006 2365 erat
1034 2295 1108 2363 in
1142 2319 1226 2365 ea
1257 2295 1636 2394 opinione,
1677 2310 1757 2365 ut
1791 2311 2128 2393 putarent
2149 2297 2221 2369 id
2250 2323 2401 2370 esse

276 2418 624 2495 actumst,
682 2421 764 2477 ut
809 2408 1090 2477 Vettius
1133 2407 1210 2475 in
1261 2404 1421 2476 foro
1476 2430 1642 2477 cum
1698 2407 2054 2502 pugione,
2107 2423 2179 2479 et
2231 2412 2406 2480 item

278 2519 460 2587 servi
488 2518 642 2612 ejus
679 2514 1475 2614 comprehenderentur
1513 2512 1675 2587 cum
1735 2517 1930 2606 telis,
1975 2516 2236 2589 deinde
2288 2519 2405 2590 ille

279 2652 355 2698 se
399 2625 667 2697 diceret
708 2624 1230 2714 indicaturum3
1298 2626 1521 2723 idque
1566 2631 1665 2696 ita
1713 2642 1952 2698 actum
2001 2643 2219 2717 esset,
2267 2630 2406 2701 nisi

280 2738 629 2808 Curiones
683 2761 838 2806 rem
881 2746 1047 2806 ante
1106 2735 1196 2806 ad
1251 2736 1680 2834 Pompeium
1728 2737 2170 2809 detulissent.
2222 2745 2406 2810 Tum

279 2845 978 2916 senatusconsultum
1021 2850 1093 2914 in
1139 2848 1491 2919 concione
1529 2850 1904 2920 recitatum
1945 2865 2072 2921 est.
2111 2855 2407 2922 Postero

284 2968 521 3024 autem
562 2956 679 3025 die
726 2957 989 3040 Caesar,
1045 2956 1138 3044 is,
1185 2960 1311 3054 qui
1358 2959 1565 3047 olim,
1619 2973 1879 3053 praetor
1924 2985 2153 3055 quum
2195 2976 2410 3051 esset,

280 3068 369 3157 Q.
426 3066 760 3137 Catulum
793 3061 853 3108 ¹3
914 3090 1004 3136 ex
1058 3065 1397 3140 inferiore
1450 3069 1614 3139 loco
1669 3070 1977 3164 jusserat
2005 3070 2064 3118 ¹⁴
2127 3068 2403 3158 dicere,

351 3255 1298 3320 8.Paullus.L.AEmil1usPaullns,qui
1463 3275 1543 3306 η.
1587 3259 1657 3306 Id
1694 3275 1794 3306 esso
1837 3269 2015 3305 aonam.
2056 3260 2130 3306 Ita
2166 3275 2266 3306 rem
2302 3276 2405 3309 esse

277 3336 616 3385 Macedoniam
626 3346 837 3399 quator
845 3334 1299 3384 obtinebat.Po⁸tea
1387 3339 1708 3404 compositam
1726 3353 1753 3384 a
1774 3340 1957 3387 Caesare
1975 3349 2022 3385 et
2039 3338 2230 3386 Vettio.
2252 3342 2275 3385 1
2281 3355 2405 3387 nnn.

278 3416 451 3465 consul
472 3416 562 3463 suit
582 3432 692 3463 cum
716 3416 776 3464 C.
795 3414 1047 3462 Marcello.
1070 3415 1217 3462 Mau.
1466 3420 1543 3464 13.
1573 3419 1629 3479 Q.
1653 3415 1892 3465 Catulum.
1918 3417 2007 3479 Ep.
2036 3432 2095 3463 ιο
2111 3449 2129 3474 ,
2151 3416 2235 3462 lib.
2265 3419 2319 3476 1,
2345 3434 2407 3465 ex

350 3512 405 3558 9.
423 3495 585 3543 Initio.
614 3498 778 3556 Quum
805 3497 976 3542 Romae
1001 3504 1152 3555 esset,
1176 3509 1299 3542 non·
1386 3496 1623 3559 petitione
1651 3493 1964 3559 pontificatus
1992 3494 2110 3542 odio
2139 3494 2406 3544 incensum.

277 3574 393 3622 dnm
410 3575 458 3621 in
476 3573 812 3621 Macedoniam
832 3573 1095 3638 profectus.
1116 3575 1262 3621 lunt.
1389 3573 1502 3621 Sall.
1526 3576 1577 3620 in
1596 3574 1740 3622 Catil.
1768 3575 1931 3623 Coun.

357 3668 436 3701 xo.
477 3654 536 3715 Q.
572 3652 749 3716 Capio.
782 3653 855 3699 M.
879 3652 1059 3700 Junius
1088 3654 1293 3710 Brutus,
1463 3662 1548 3708 14.
1574 3656 1792 3700 Iusserat
1817 3652 1997 3701 dicero.
2030 3651 2243 3714 Quando
2266 3653 2401 3702 inum

275 3734 361 3781 ille
384 3732 670 3780 interfector
695 3728 895 3782 Caesaris
911 3766 926 3790 ,
951 3731 1212 3795 adoptatus
1235 3730 1298 3778 ab
1387 3730 1448 3779 de
1472 3732 1736 3779 resectione
1762 3730 1992 3795 Capitolii
2019 3731 2082 3779 ad
2109 3730 2403 3795 disquisitio-

275 3810 521 3859 avunculo
560 3811 765 3859 Servilio
798 3811 1057 3874 Caepione,
1093 3812 1187 3861 fuit
1207 3827 1297 3875 ap·
1386 3827 1497 3857 nem
1532 3809 1705 3874 populi
1740 3808 1958 3868 vocavit,
1993 3810 2247 3871 rogatione
2288 3828 2404 3875 pro-

276 3891 486 3955 pellatus
529 3891 586 3953 Q.
626 3888 786 3953 Coepio
821 3892 1012 3938 Brutus.
1065 3890 1190 3940 Phil.
1225 3893 1295 3939 X.
1386 3888 1735 3952 mulgata,qua
1754 3887 2052 3935 curationem
2071 3891 2241 3939 camin
2261 3892 2409 3938 Pom-

280 3972 475 4018 l’orm.
496 3996 568 4005 —
583 3968 707 4028 Alii,
732 3968 821 4017 Cn.
844 3968 1023 4033 Capio.
1050 3970 1098 4017 J.
1119 3971 1180 4015 V.
1206 3973 1261 4019 1..
1388 3970 1552 4033 peium
1572 3965 1903 4015 transferebat.
1924 3967 2248 4017 Confer-antur
2268 3966 2403 4017 Suet.

362 4062 440 4107 ¹⁷¹·
480 4047 599 4095 Cum
638 4047 751 4095 telo.
793 4047 944 4109 Quod
975 4047 1052 4095 lex
1090 4048 1298 4097 vetabat.
1387 4048 1443 4096 in
1489 4048 1709 4104 Cesar-e,
1754 4062 1863 4110 cap.
1905 4048 1995 4105 15,
2031 4060 2078 4096 et
2126 4048 2275 4098 Dion.
2318 4048 2405 4097 lib.

278 4126 428 4175 Man.
1389 4126 1659 4176 xxxvn.
1686 4128 1835 4173 Inut-

482 4212 573 4281 ῘῙ.
630 4226 725 4274 Cic.
745 4241 861 4292 pars
885 4236 1069 4292 quarta.
2129 4233 2216 4303 27
