3023 4773
873 474 1438 559 EPISTOLAE,
1470 476 1638 560 XV,
1681 499 1786 545 10.
2272 482 2400 571 1247

277 595 800 695 supplicatione
844 589 1331 683 decernenda,
1382 611 1455 666 et
1494 597 1573 666 in
1610 598 1866 669 ceteris
1902 596 2124 670 rebus
2161 600 2401 678 existi-

275 709 668 777 mationem
697 708 864 776 satis
892 704 1025 776 tibi
1057 730 1210 777 esse
1239 706 1820 778 commendatam
1857 724 2090 806 putes.

281 917 932 939 mmmm
937 899 1485 939 mmmm

1859 919 2407 942 mmmmm

926 1093 1541 1176 EPISTOLA
1592 1095 1744 1175 XI.

265 1260 716 1341 Supplicatione
743 1258 855 1318 sibi
888 1259 1151 1332 decreta,
1184 1260 1396 1339 gratias
1437 1260 1558 1336 agit
1589 1260 1843 1331 consuli,
1881 1271 1941 1318 et
1973 1261 2314 1339 propediem
2349 1282 2412 1321 se

333 1358 423 1417 ad
457 1356 683 1417 Urbem
716 1356 843 1414 sore
873 1356 1176 1433 significat.
1222 1356 1330 1436 (Ex
1364 1355 1595 1428 Cilicia,
1641 1375 1795 1415 anno
1823 1360 1897 1416 U.
1934 1359 1998 1416 C.
2027 1359 2172 1430 703,
2215 1379 2410 1438 mense

341 1453 590 1532 sextili.)

491 1626 586 1691 M.
612 1623 690 1689 T.
729 1625 807 1689 C.
847 1623 1025 1688 IMP.
1067 1624 1138 1687 C.
1176 1621 1643 1688 MARCELLO
1691 1623 1866 1689 COS.
1902 1624 1964 1689 S.
2002 1625 2075 1690 P.
2112 1629 2195 1691 D.

362 1779 697 1866 Qum-rm.
737 1797 926 1862 curae
953 1770 1085 1842 tibi
1111 1795 1316 1842 meus
1344 1770 1582 1841 honos
1604 1768 1852 1860 fuerit,
1883 1788 1955 1843 et
1978 1799 2198 1871 quam
2223 1776 2415 1848 idem

263 1889 631 1959 exstiteris
676 1883 933 1955 consul
966 1884 1043 1952 in
1073 1906 1189 1952 me
1227 1879 1562 1951 ornando
1594 1894 1666 1951 et
1707 1881 2250 1980 amplificandO,
2287 1894 2413 1984 qui

262 1997 509 2069 fueras
566 2018 855 2092 semper
914 2016 1081 2063 cum
1136 1989 1562 2089 parentibus
1585 2003 1607 2033 ¹
1668 1994 1847 2081 tuis,
1916 2008 1989 2064 et
2038 2019 2209 2066 cum
2264 2013 2419 2069 tota

264 2109 542 2192 domo,
597 2107 732 2175 etsi
792 2127 910 2173 res
945 2105 1123 2199 ·ipsa
1174 2099 1638 2197 loquebatur,
1686 2105 1991 2198 cognovi
2041 2120 2283 2179 tamen
2330 2135 2419 2180 ex

264 2242 607 2292 meorum
632 2217 961 2286 omnium
984 2213 1222 2284 literis.
1258 2217 1514 2309 Itaque
1535 2211 1717 2283 nihil
1739 2227 1845 2283 est
1869 2228 2153 2324 tantum
2169 2220 2416 2315 ,quod

263 2356 408 2431 ego
456 2353 614 2400 non
651 2342 777 2398 tua
828 2350 1043 2397 causa
1094 2322 1440 2409 debeam,
1494 2320 1963 2421 facturusque
2010 2317 2143 2397 sim
2203 2342 2412 2400 tum²

260 2441 598 2513 studiose
624 2454 784 2509 tum
804 2436 1134 2507 libenter.
1154 2438 1340 2506 Nam
1367 2436 1603 2531 magni
1624 2435 1956 2523 interest,
1978 2440 2094 2507 cui
2124 2437 2411 2512 debeas.

259 2552 558 2624 Debere
585 2564 829 2620 autem
854 2546 1132 2617 nemini
1164 2543 1421 2632 malui,
1445 2567 1667 2639 quam
1696 2542 1862 2633 tibi,
1888 2546 2005 2615 cui
2037 2571 2153 2619 me
2183 2574 2413 2645 quum

260 2663 509 2735 studia
539 2658 989 2745 communia,
1022 2652 1377 2726 beneficia
1406 2667 1734 2751 paterna,
1773 2668 2045 2752 tuaque
2066 2657 2214 2751 jam
2246 2683 2333 2729 an
2346 2675 2411 2730 te

259 2773 843 2877 conjunxerant;
902 2781 1061 2837 tum
1099 2763 1414 2850 accedit,
1474 2788 1636 2834 mea
1674 2764 1970 2860 quidem
2013 2775 2367 2840 sententia
2392 2825 2411 2858 ,

262 2886 671 2954 maximum
705 2876 1117 2964 vinculum,
1163 2873 1364 3001 quod
1403 2877 1500 2944 ita
1533 2874 2054 2972 rempublicam
2094 2884 2279 2976 geris
2311 2896 2412 2952 at-

263 3018 413 3091 que
451 2990 776 3090 gessisti,
813 3012 958 3086 qua
998 2985 1179 3056 mihi
1215 2988 1447 3056 carius
1482 2984 1665 3055 nihil
1699 2999 1842 3071 est,
1886 3002 2005 3072 ut,
2051 3007 2409 3086 quantum

261 3103 397 3175 tibi
429 3124 694 3174 omnes
729 3099 909 3171 boni
943 3094 1295 3186 debeant,
1333 3121 1483 3194 quo
1514 3097 1756 3166 minus
1791 3100 2241 3170 tantumdem
2275 3127 2412 3199 ego

263 3240 461 3286 unus
507 3211 857 3299 debeam,
894 3234 1049 3280 non
1082 3231 1432 3280 recusem.
1489 3205 1988 3298 Quamobrem
2027 3206 2158 3280 tibi
2196 3212 2410 3284 velim

261 3324 345 3396 hi
366 3327 515 3398 sint
543 3325 802 3409 exitus,
824 3345 1010 3419 quos
1041 3323 1336 3390 mereris
1354 3373 1373 3408 ,
1402 3332 1473 3390 et
1500 3344 1688 3416 quos
1705 3316 1862 3391 fore
1880 3317 2194 3392 confido.
2228 3329 2406 3422 Ege,

262 3442 328 3509 si
366 3462 490 3509 me
534 3433 899 3532 navigatio
943 3456 1093 3501 non
1152 3427 1595 3518 morabitur,
1638 3455 1799 3527 quae
1854 3431 2267 3505 incurrebat
2329 3436 2407 3525 in

262 3550 467 3647 ipsos
504 3546 763 3618 etesias
781 3538 836 3628 ³,
881 3539 1307 3639 propediem
1343 3553 1415 3612 te
1437 3592 1458 3627 ,
1493 3554 1577 3612 ut
1612 3565 1859 3638 spero,
1901 3540 2189 3615 videbo.

349 3745 393 3778 1.
415 3726 734 3779 Parentibus.
753 3726 914 3774 Etiam
947 3733 1113 3771 matre.
1143 3721 1299 3788 Supra
1387 3723 1440 3770 in
1467 3723 1710 3770 orientem
1733 3721 1937 3783 flantes,
1959 3739 2154 3773 cursum
2175 3727 2408 3793 impedie-

263 3809 411 3874 epist.
439 3811 491 3858 8.
1388 3802 1506 3850 bant
1534 3801 1786 3850 Ciceronis
1809 3803 1864 3849 in
1885 3803 2073 3852 Italiam
2099 3822 2163 3854 ex
2180 3809 2298 3857 Asia
2324 3827 2408 3859 na-

348 3905 395 3939 „
415 3888 542 3948 Alii,
557 3901 734 3951 quum,
758 3896 807 3933 et
824 3894 968 3949 post,
994 3898 1055 3930 ac
1081 3881 1297 3931 libenter.
1386 3883 1615 3946 vigantis.
1645 3881 1781 3928 Flare
1814 3882 2058 3949 incipiunt
2084 3886 2156 3933 VI
2202 3887 2274 3935 id.
2305 3891 2400 3950 jul.

266 3969 398 4018 LV·
420 3970 477 4016 L·
1388 3961 1559 4010 diebus
1584 3971 1701 4009 octo
1728 3971 1840 4009 ante
1866 3964 2110 4013 Caniculae
2138 3978 2329 4027 ortum,
2349 3981 2407 4017 ut

354 4047 399 4095 3.
429 4051 490 4095 In
515 4046 646 4112 ipsos
668 4044 860 4093 etesias.
888 4041 1061 4090 Etesiae
1098 4043 1231 4088 venti
1270 4057 1299 4087 a
1385 4041 1455 4089 ait
1480 4040 1776 4098 Columella,
1804 4058 1894 4091 nec
1920 4042 2152 4093 desinunt
2177 4047 2271 4094 nisi
2294 4057 2411 4112 post

272 4128 621 4188 septemtrione
682 4126 746 4174 ad
800 4121 1130 4177 occidentem,
1170 4120 1298 4168 ‘inde
1390 4119 1493 4179 dies
1506 4122 1619 4178 XL,
1644 4131 1844 4170 auctore
1869 4123 2048 4173 Plinio.
2067 4126 2217 4173 Mau.

2110 4297 2213 4342 10.
