3023 4773
636 375 767 461 ι84
1262 378 1358 444 Μ.
1411 378 1489 444 Τ.
1543 377 2108 448 CICERONIS

621 512 707 569 ut
734 510 1100 568 removeat
1134 493 1462 594 praesidia
1493 521 1582 566 ex
1614 495 1726 566 his
1758 496 1935 567 locis
1956 551 1975 585 ,
2016 521 2176 595 quae
2211 503 2626 597 occupavit,
2661 519 2750 575 ut

622 609 778 679 sine
811 622 1009 678 metu
1039 606 1127 678 de
1155 607 1239 678 iis
1266 607 1437 703 ipsis
1465 605 2003 678 conditionibus
2028 614 2275 679 Romae
2311 627 2595 684 senatus
2627 614 2755 686 ha-

619 717 778 789 beri
799 721 1043 816 possit.
1062 715 1141 787 Id
1165 716 1285 788 ille
1303 719 1360 787 si
1392 715 1673 806 fecerit,
1691 741 1856 816 spes
1875 733 1982 789 est
2005 720 2198 817 pacis
2217 745 2369 791 non
2389 721 2750 813 honestae3

620 825 814 924 leges
842 828 1038 897 enim
1063 827 1563 924 imponuntur.
1603 826 1744 899 Sed
1772 827 2059 925 quidvis
2085 845 2194 902 est
2227 831 2508 921 melius,
2526 858 2751 931 quam

622 940 723 1009 sic
759 961 950 1026 esse,
991 951 1077 1008 ut
1111 961 1379 1007 sumus».
1414 939 1542 1008 Sin
1578 951 1814 1009 autem
1856 938 1975 1011 ille
2017 941 2165 1011 suis
2206 940 2750 1016 conditionibus

616 1062 804 1119 stare
837 1047 1193 1118 nolueritz
1228 1044 1502 1117 bellum
1537 1062 1867 1144 paratum
1904 1063 2051 1138 est;
2081 1049 2439 1143 ejusmodi
2465 1067 2749 1141 tamen,

620 1156 820 1255 quod
844 1158 1195 1227 sustinere
1221 1155 1340 1228 ille
1371 1181 1523 1227 non
1555 1159 1821 1255 possit,
1841 1160 2232 1256 praesertim
2266 1183 2498 1255 quum
2533 1186 2576 1234 a
2600 1165 2756 1232 suis

621 1264 1163 1338 conditionibus
1207 1269 1361 1363 ipse
1398 1264 1665 1364 fugerit
1699 1294 1715 1337 ε
1766 1268 2269 1340 tantummodo
2305 1284 2391 1341 ut
2430 1295 2596 1342 eum
2631 1272 2755 1342 in-

621 1374 1140 1464 tercludamus,
1199 1401 1294 1447 ne
1343 1375 1434 1447 ad
1486 1376 1759 1449 Urbem
1815 1379 2040 1475 possit
2091 1376 2433 1450 accedere
2477 1407 2493 1457 ς
2546 1379 2755 1476 quod

619 1485 1083 1583 sperabamus
1110 1483 1267 1566 fieri
1310 1511 1539 1585 posse.
1578 1487 1916 1558 Delectus
1953 1489 2149 1564 enim
2186 1513 2487 1586 magnos
2528 1488 2757 1561 habe-

619 1593 876 1683 bamus
895 1620 913 1682 ;
934 1593 1514 1692 putabamusque
1543 1596 1746 1667 illum
1775 1612 2121 1685 metuere,
2155 1600 2213 1669 si
2241 1598 2333 1669 ad
2351 1598 2622 1670 Urbem
2644 1600 2754 1672 ire

625 1707 990 1801 coepisset,
1022 1729 1114 1776 ne
1146 1704 1409 1775 Gallias
1431 1706 1825 1793 amitteret,
1861 1731 2040 1803 quas
2075 1707 2322 1779 ambas
2352 1706 2575 1778 habet
2611 1712 2755 1778 ini·

624 1815 1063 1902 micissimae,
1091 1828 1351 1910 praeter
1362 1814 1909 1914 Transpadanos
1928 1828 1953 1872 ‘7
1973 1841 2097 1905 ;ex
2115 1820 2600 1915 Hispaniaque
2625 1842 2761 1889 sex

620 1924 942 2021 legiones
959 1978 980 2011 ‚
1005 1938 1080 1995 et
1104 1947 1360 2021 magna
1388 1923 1670 2014 auxilia,
1698 1923 1995 1997 Afranio
2016 1940 2087 1997 et
2110 1927 2390 1998 Petreio
2420 1925 2760 2015 ducibu5‚

625 2033 847 2106 habet
892 2060 934 2106 a
983 2049 1209 2132 terge.
1262 2034 1590 2122 Videtur,
1633 2041 1693 2107 si
1747 2038 2097 2123 insaniet,
2134 2062 2346 2135 posse
2393 2038 2758 2135 opprimi,

626 2143 852 2216 modo
877 2159 959 2216 ut
977 2144 1176 2219 Urbe
1210 2143 1416 2217 salva.
1444 2146 1830 2217 Maximam
1864 2162 2104 2219 autem
2136 2148 2419 2247 plagam
2445 2150 2761 2246 accepit,

625 2255 829 2352 quod
870 2259 966 2345 ia,
992 2258 1122 2352 qui
1165 2280 1528 2327 summam
1565 2259 2064 2330 auctoritatem
2100 2263 2178 2330 in
2213 2259 2405 2329 illius
2431 2262 2762 2330 exercitu

626 2362 982 2453 habebat,
1040 2371 1117 2439 T.
1167 2364 1530 2439 Labienus
1545 2363 1601 2455 ⁸,
1648 2372 1884 2441 socius
1924 2369 2212 2441 sceleris
2264 2393 2419 2441 esse
2465 2369 2756 2441 noluit:

621 2476 918 2575 reliquit
948 2476 1153 2554 illum
1176 2530 1195 2563 ‚
1216 2490 1289 2546 et
1313 2476 1698 2549 nobiscum
1728 2494 1873 2567 est;
1899 2479 2252 2577 multique
2278 2479 2471 2552 idem
2499 2478 2761 2551 facturi

620 2598 774 2658 esse
824 2584 1189 2656 dicuntur.
1242 2589 1392 2684 Ego
1437 2586 1679 2666 adhuc
1735 2613 1877 2660 orae
1933 2591 2304 2661 maritimae
2347 2613 2656 2688 praesum
2711 2614 2758 2661 a

616 2696 942 2768 Formiis.
968 2695 1270 2766 Nullum
1298 2697 1435 2792 maj
1446 2722 1529 2768 us
1557 2702 1929 2794 negotium
1958 2699 2320 2796 suscipere
2347 2698 2569 2786 volui,
2599 2723 2754 2795 quo

622 2806 786 2903 plus
828 2802 1024 2904 apud
1048 2805 1269 2885 ‚illum
1309 2831 1483 2878 meae
1519 2807 1742 2878 literae
1779 2792 2462 2904 cohortationesque
2500 2806 2590 2877 ad
2623 2831 2753 2905 pa·

622 2938 781 2985 cem
806 2912 1147 2985 valerent.
1173 2916 1298 2985 Sin
1319 2930 1562 2989 autem
1587 2917 1724 2986 erit
1754 2914 2026 2994 bellum
2047 2971 2067 3005 ‚
2104 2914 2317 2994 video
2352 2941 2470 2988 me
2502 2921 2759 2990 castris

621 3038 697 3095 et
736 3027 947 3095 certis
988 3024 1396 3122 legionibus
1435 3022 1931 3122 praefuturum.
1994 3025 2244 3098 Habeo
2293 3030 2511 3099 etiam
2557 3028 2755 3099 illam

623 3135 1053 3222 molestiam,
1080 3134 1281 3232 quod
1307 3133 1682 3211 Dolabella
1709 3149 1959 3208 noster
1994 3136 2191 3235 apud
2220 3141 2568 3212 Caesarem
2597 3152 2728 3209 est.

720 3250 884 3316 Haec
926 3243 1059 3321 tibi
1101 3258 1274 3324 nota
1319 3268 1473 3316 esse
1519 3245 1764 3317 volui:
1809 3270 1972 3345 quae
2011 3269 2179 3318 cave
2221 3271 2316 3317 ne
2357 3261 2430 3318 te
2466 3261 2760 3346 pertur-

624 3501 929 3564 mulgabstur
946 3501 1097 3566 prius,
1117 3513 1175 3550 ut
1191 3518 1278 3568 per
1295 3503 1441 3552 trium
1459 3504 1638 3553 nundi·
1728 3502 2060 3553 &nundinum
2072 3539 2091 3562 ,
2140 3514 2234 3568 pro
2278 3501 2554 3553 “hundini
2593 3505 2762 3568 spatio

624 3596 794 3628 nerum
827 3581 1036 3644 spatium
1074 3582 1262 3648 populo
1298 3594 1508 3648 patei-eu
1539 3599 1641 3648 quo
1729 3583 1915 3632 dictum
1941 3596 2085 3648 puto.
2113 3587 2258 3634 Mu.

623 3670 791 3721 posset
805 3692 819 3717 ,
861 3659 967 3724 lege
1004 3660 1119 3709 satis
1155 3662 1454 3729 consideran
1469 3700 1485 3726 ‚
1519 3663 1642 3727 quid
1805 3680 1852 3724 7.
1893 3666 2082 3711 Proeeer
2125 3661 2518 3728 fflmpadanos.
2566 3661 2768 3724 Quibus

621 3736 850 3795 sentiret,
877 3739 1116 3803 suffragiis
1138 3740 1409 3802 ostendere.
1436 3742 1641 3802 Eadem,
1731 3744 1890 3792 Cesar
1914 3752 1964 3789 et
1990 3740 2145 3793 edilis
2178 3754 2229 3792 et
2253 3740 2427 3790 consul
2448 3739 2563 3788 dere
2590 3740 2767 3789 eivita-

601 3815 818 3879 ,opiuon
833 3815 884 3862 in
909 3818 1264 3881 magistratibus
1280 3819 1500 3869 creandis
1519 3821 1641 3869 ratio
1731 3831 1828 3868 tem
1859 3821 2121 3884 cogitarat,
2163 3822 2299 3888 quod
2337 3807 2506 3885 postea
2547 3818 2768 3868 dictator

624 3892 748 3951 fuit,
784 3892 1101 3958 promulgatis
1141 3913 1230 3961 per
1266 3909 1364 3947 tres
1397 3897 1643 3947 nundinas
1730 3900 1910 3950 effecit.
1938 3902 2190 3951 Coloniam
2226 3919 2422 3968 quoque
2444 3900 2767 3951 Novum-co·

626 3987 795 4019 eorum
834 3973 1141 4036 nominibus,
1174 3978 1260 4040 qui
1296 3978 1559 4043 petebant:
1586 3990 1642 4027 ut
1730 3996 1863 4027 mum
1895 3979 2178 4030 deduxerat.
2197 3982 2325 4029 Vide
2356 3982 2422 4030 nd
2439 3980 2678 4039 Attio-V,
2706 3994 2767 4038 ²3

620 4050 863 4116 populus,
886 4049 947 4097 de
967 4051 1144 4113 quibus
1160 4056 1438 4120 suffragium
1456 4057 1644 4105 laturus
1735 4060 1832 4107 'vn
1845 4094 1859 4117 ,
1893 4075 1939 4119 7.
1959 4061 2053 4107 En.

621 4142 746 4180 esset
766 4165 780 4192 ,
828 4141 965 4179 tanto
1001 4141 1113 4179 ante
1154 4146 1333 4184 nosset.
1368 4137 1533 4200 Atque
1560 4137 1642 4185 hic
1805 4138 1856 4187 8.
1884 4139 1938 4187 T.
1961 4139 2214 4189 Labienus.
2239 4140 2395 4205 Epist.
2417 4146 2476 4194 ιΙ.
2508 4139 2592 4188 lib.
2613 4141 2757 4190 xlv.
