3023 4773
631 387 769 510 '274
1269 412 1361 482 M.
1415 415 1491 479 T.
1541 408 2089 482 chERole

624 558 853 635 quum
883 536 940 604 is
973 533 1212 603 omnia
1241 556 1366 603 sua
1389 531 1622 605 studia
1648 546 1718 602 et
1747 530 1981 603 officia
2022 534 2097 602 in
2145 558 2258 604 me
2297 537 2735 611 contulisset.

622 644 837 738 Quod
874 644 931 712 si
964 641 1160 711 voles
1187 642 1263 709 in
1290 664 1407 711 me
1440 665 1593 712 esse
1627 639 1899 728 durior,
1941 641 2405 714 ambitionem
2448 649 2738 743 putabis

619 756 795 826 mihi
847 752 1226 822 obstitisse.
1286 754 1434 845 Ego
1488 765 1723 820 autem
1777 748 2106 837 arbitror,
2163 754 2434 825 etiamsi
2477 756 2549 826 id
2601 761 2735 847 sit,

619 861 799 932 mihi
833 854 1350 955 ignoscendum
1390 881 1542 925 esse
1578 883 1594 924 :
1638 858 1767 925 ἐπεὶ
1799 863 1913 951 οὐχ
1946 861 2154 953 ἱερηῗον
2178 914 2194 939 ,
2244 854 2389 928 οὐδὲ
2435 865 2728 947 βοείην47.

613 971 830 1041 Vides
873 967 1100 1046 enim,
1147 966 1222 1034 in
1280 989 1430 1061 quo
1481 988 1697 1035 cursu
1765 966 2027 1051 simus,
2064 983 2138 1038 et
2197 993 2416 1065 quam
2476 995 2728 1045 omnes

612 1083 869 1181 gratias
905 1101 1050 1145 non
1089 1071 1309 1143 modo
1345 1073 1792 1160 retinenda5‚
1819 1099 2069 1144 verum
2101 1079 2314 1147 etiam
2352 1082 2726 1174 acquiren-

612 1194 738 1263 ‹las
778 1203 1138 1287 putemus.
1177 1187 1403 1281 Spero
1448 1184 1578 1256 tibi
1616 1208 1733 1253 me
1772 1208 2057 1255 causam
2095 1186 2471 1283 probasse3
2508 1196 2723 1288 cupio

610 1299 901 1398 quidem
920 1313 1132 1369 certe.
1159 1293 1636 1364 Hermathena
1659 1309 1781 1364 tua
1796 1290 1860 1343 ⁴⁸
1887 1293 2093 1365 valde
2120 1320 2236 1366 me
2273 1296 2580 1368 delectat
2600 1354 2619 1385 ‚
2648 1319 2724 1373 et

611 1408 841 1506 posita
866 1407 963 1473 ita
988 1401 1177 1473 belle
1197 1415 1327 1487 est,
1348 1414 1431 1470 ut
1463 1412 1696 1468 totum
1717 1402 2166 1495 gymnasium
2185 1403 2356 1479 ἡλίου
2371 1406 2722 1499 &viennam

605 1542 756 1589 esse
786 1513 1126 1584 videatur.
1163 1511 1473 1583 Multum
1511 1523 1584 1579 te
1617 1532 1959 1578 amamus.

602 1669 683 1700 ma
716 1650 1012 1700 existimatio
1050 1661 1123 1697 est
1162 1665 1237 1696 res
1265 1663 1293 1695 a
1325 1662 1418 1710 qna
1454 1647 1613 1693 omnis
1700 1643 1836 1708 quod
1891 1645 2163 1692 Mercurius
2216 1646 2336 1695 deus
2380 1660 2453 1697 est
2500 1652 2720 1699 emulum

595 1734 702 1792 eius
728 1728 1019 1777 existimatio
1045 1726 1255 1791 pendet,
1296 1735 1344 1773 et
1368 1726 1421 1771 in
1442 1724 1613 1771 discri-
1696 1726 2061 1787 gymnasiorum
2097 1730 2397 1785 communis,
2425 1739 2520 1775 tam
2547 1744 2717 1777 eornm

601 1826 708 1857 men
734 1809 908 1856 venit:
946 1822 1170 1853 «summa
1200 1802 1506 1867 respublica·
1541 1808 1614 1850 est
1699 1818 1808 1865 quae
1846 1804 1993 1849 animi
2033 1815 2177 1865 sunt,
2216 1821 2363 1868 quam
2402 1822 2571 1855 eorum
2607 1825 2720 1872 quae

1699 1882 1937 1945 corporis.
1967 1882 2186 1928 Minerva
2215 1894 2374 1931 autem
2399 1884 2654 1947 singularis
2667 1899 2720 1935 et

1697 1962 1894 2025 propria
1922 1972 2025 2008 erat
2042 1963 2303 2024 gymnasii,
2327 1963 2463 2026 quod
2488 1965 2719 2014 institue-

595 2048 701 2095 Liv.
721 2047 920 2099 XXVI,
957 2060 1033 2091 ιο.
1053 2041 1508 2105 Gna—Nempe
1537 2043 1609 2088 in·
1696 2050 1768 2087 rat
1810 2039 1873 2086 ad
1913 2039 2094 2085 cultum
2137 2041 2287 2087 animi
2312 2052 2531 2103 tantum,
2570 2054 2619 2091 et
2649 2045 2715 2093 ad

592 2126 735 2173 famia
771 2124 1061 2172 notabantur
1095 2122 1184 2185 qui
1220 2121 1280 2168 de
1324 2120 1442 2167 dolo
1476 2121 1605 2167 malo
1694 2118 2044 2182 disputationes
2096 2121 2615 2185 commentationesque
2652 2123 2717 2172 de

592 2204 903 2252 condemnati
931 2213 1094 2259 erant,
1129 2210 1213 2248 aut
1247 2201 1449 2264 praemio
1473 2201 1603 2263 pacti
1691 2197 2013 2260 philosopbiae
2039 2197 2236 2256 studiis,
2265 2215 2416 2262 quum
2438 2199 2712 2250 liberalium

588 2284 747 2341 erant,
791 2300 852 2330 ne
897 2298 1057 2329 secum
1102 2290 1338 2343 ageretur.
1380 2278 1507 2325 vide
1551 2278 1603 2325 in
1690 2278 1864 2323 artium
1886 2291 2063 2340 praeses
2081 2277 2160 2325 sit.
2181 2279 2405 2326 Tunicas.

587 2363 762 2411 Edicto
782 2361 1026 2426 praetoris,
1061 2357 1198 2422 quod
1216 2357 1404 2422 profert
1420 2356 1599 2405 Julian.
1761 2363 1843 2417 49.
1875 2341 2013 2402 Ἡλίου
2036 2351 2271 2421 ἀνάθημα.
2294 2357 2417 2404 Solis
2436 2357 2635 2408 donum.
2656 2361 2711 2409 Si

580 2442 673 2489 lib.
692 2442 737 2496 1,
767 2442 833 2488 D.
854 2440 913 2487 de
934 2439 1052 2486 dolo
1072 2438 1214 2484 malo.
1250 2439 1344 2484 En.
1687 2434 1824 2480 locus
1841 2449 1986 2480 sanus
2003 2444 2092 2491 est,
2105 2434 2234 2491 haec,
2247 2435 2530 2483 auctoribus
2547 2436 2711 2488 doctis

655 2508 954 2581 47Έπεὶούχ
969 2510 1278 2583 ἱερήϊον,οὐὸὲ
1293 2512 1598 2578 &tim-Quia
1684 2512 1989 2570 hominibus,
2011 2515 2246 2560 sententia
2272 2525 2342 2561 est
2363 2526 2480 2562 :tua
2505 2517 2710 2567 Herma-

597 1904 673 1936 res
698 1889 750 1935 in
778 1903 872 1951 qua
899 1886 1102 1933 vertitur
1125 1883 1252 1931 salus
1281 1884 1429 1930 totius
1447 1883 1611 1946 reipu-

594 1962 752 2025 blicae,
775 1977 830 2012 ut
847 1964 1068 2029 pluribus
1088 1963 1230 2011 docet
1249 1962 1530 2009 Gronovius
1548 1961 1609 2008 ad

583 2615 681 2647 non
712 2610 933 2652 taurum,
967 2611 1124 2658 neque
1147 2607 1310 2659 tergus
1341 2594 1592 2649 bubulum,

581 2677 778 2742 supple,
805 2687 950 2738 capto
968 2691 986 2721 .·
1005 2690 1116 2720 uam
1146 2691 1206 2720 ex
1237 2675 1453 2720 Homero
1472 2673 1598 2720 sumi

581 2757 725 2805 debet
760 2753 979 2822 ἄρνυμαι.
1005 2756 1276 2809 Homerus,
1309 2751 1487 2800 Iliados
1519 2753 1594 2808 X,

587 2856 604 2885 ι
618 2839 706 2901 ⁵9·
718 2834 1004 2901 pronuntiat
1020 2832 1112 2879 hos
1129 2847 1294 2878 versus
1314 2829 1375 2877 de
1384 2828 1596 2888 Achille,

577 2917 664 2981 qui
691 2918 949 2963 Hectorem
977 2922 1209 2960 contento
1252 2926 1397 2957 cursu
1421 2925 1594 2972 seque-

574 2998 731 3044 batur.
751 2993 922 3056 virgil.
947 2989 1140 3040 AEneid.
1159 2991 1260 3038 ΧΗ
1273 3022 1288 3046 ,
1306 2990 1406 3054 761.
1430 2988 1592 3036 εαΝσ-

575 3091 669 3138 que
707 3073 834 3120 enim
861 3070 983 3117 levia
999 3104 1013 3126 ,
1039 3081 1122 3117 aut
1146 3067 1336 3116 ludicra
1354 3077 1591 3130 petuntur

574 3152 773 3201 Praemia
791 3161 914 3208 ,etc.
927 3169 952 3189 n
969 3150 1143 3196 Sensus
1161 3156 1256 3195 est:
1273 3144 1424 3207 Quod
1436 3161 1590 3191 avun-

500 3243 508 3250 ·
572 3231 686 3277 culo
713 3241 802 3277 tuo
828 3244 930 3275 non
955 3225 1288 3281 satisfecerim,
1316 3235 1364 3272 et
1394 3240 1586 3271 causam

563 3311 723 3357 fateor
747 3306 1060 3355 ambitionem
1086 3304 1253 3362 fuisse,
1289 3315 1337 3351 et
1369 3302 1489 3351 mihi
1521 3316 1587 3352 ta-

568 3405 678 3435 men
704 3387 914 3434 arbitror
930 3400 1029 3432 esse
1046 3384 1412 3447 ignoscendum,
1429 3383 1586 3446 quod,

567 3481 621 3517 ut
645 3467 805 3521 vides,
833 3465 937 3511 baec
959 3479 1034 3510 me
1060 3463 1288 3519 ambitio,
1319 3463 1457 3525 quasi
1473 3478 1584 3510 cur-

567 3563 648 3591 sus
684 3544 907 3608 quidam,
946 3557 1044 3588 non
1085 3541 1148 3589 ad
1195 3539 1461 3597 ludicrum,
1498 3549 1582 3591 aut

567 3627 706 3670 inane
753 3622 1001 3685 praemium
1018 3656 1034 3681 ‚
1074 3619 1160 3668 sed
1186 3619 1248 3667 ad
1275 3620 1581 3669 consulatum

560 3704 702 3750 ferat.
728 3703 871 3748 Man.
895 3702 1160 3747 —Sumus.
1178 3699 1306 3757 Alii,
1327 3699 1489 3747 simus.

635 3778 717 3833 48.
757 3777 1083 3825 Hermathena
1113 3790 1217 3825 tua.
1243 3778 1443 3842 Signum
1474 3790 1577 3826 erat

562 3862 610 3906 in
634 3874 727 3904 una
757 3856 858 3903 basi
880 3872 1132 3905 commune
1147 3858 1391 3905 Mercurio
1413 3869 1461 3904 et
1479 3859 1576 3905 Mi-

561 3951 720 3984 nervae
741 3948 752 3981 :
776 3936 942 3996 posuit
957 3945 1112 3982 antem
1132 3936 1263 3983 istud
1281 3937 1470 3999 signum
1492 3937 1574 3984 Ci-

555 4032 668 4065 cero
698 4016 746 4059 in
775 4013 1027 4076 gymnasio
1040 4030 1130 4061 suo
1148 4049 1163 4071 ‚
1193 4015 1244 4062 id
1265 4026 1366 4071 est,
1393 4016 1443 4063 in
1463 4034 1574 4064 aca-

555 4097 708 4144 ‹lemia
736 4091 864 4138 villae
883 4091 1165 4139 Tusculanae
1181 4098 1312 4158 (non
1344 4095 1395 4140 in
1422 4096 1535 4142 villa
1554 4131 1569 4154 ,

547 4192 654 4242 quae
683 4170 943 4222 Academia
981 4168 1283 4234 dicebatur),
1310 4185 1569 4236 propterea

1687 2591 1829 2638 thena
1848 2594 2100 2657 gymnasio
2132 2604 2300 2641 nostro
2327 2604 2515 2642 tantum
2543 2599 2710 2660 splen·

1686 2669 1817 2717 doris
1844 2682 1893 2718 et
1919 2671 2190 2719 ornamenti
2215 2673 2380 2732 affert,
2416 2684 2471 2720 ut
2499 2690 2707 2739 gymna-

1684 2750 1807 2796 sium
1828 2760 2047 2797 nostrum
2072 2750 2449 2814 pulcherrimum
2462 2753 2707 2807 videatur.

1685 2828 1782 2875 Sed
1821 2844 1923 2876 non
1962 2830 2180 2893 negabo,
2218 2831 2336 2878 mihi
2378 2844 2531 2880 comm
2574 2836 2703 2885 illud

1681 2907 1797 2954 huic
1810 2908 2217 2972 interpretationi,
2231 2921 2375 2973 atque
2393 2912 2515 2959 adeo
2534 2913 2703 2964 lectio-

1682 2987 1732 3033 ni
1782 3003 1882 3036 non
1935 2992 2048 3037 satis
2095 2992 2371 3039 consentire
2420 2992 2590 3042 videri.
2646 2999 2699 3044 Si

1680 3065 1903 3117 dixisset:
1923 3071 2226 3133 gymnasium
2243 3071 2362 3118 mihi
2382 3071 2573 3121 videtur
2588 3076 2700 3139 pul-

1677 3145 1968 3194 cherrimum
2009 3145 2137 3201 ἡλίου
2175 3146 2416 3215 ἀνάθημαρ
2453 3152 2696 3200 concede·

1674 3240 1795 3275 rem.
1819 3227 1965 3276 Nunc
1984 3243 2135 3289 quum
2180 3227 2301 3275 dicit
2325 3240 2495 3284 tottam,
2536 3235 2692 3279 mani-

1675 3305 1844 3352 festum
1872 3307 1988 3354 mihi
2007 3324 2107 3355 esse
2121 3307 2336 3364 videtur,
2357 3308 2456 3355 ludi
2469 3309 2522 3356 in
2533 3320 2692 3359 cotum

1667 3386 1975 3447 gymnasium
2000 3397 2049 3433 et
2089 3385 2323 3454 ἀνάθημα.
2365 3389 2690 3438 Hermathena

1671 3465 1714 3512 si
1753 3462 1969 3531 ἀνάθημα
2011 3466 2310 3530 appellatur,
2349 3467 2471 3515 nihil
2511 3470 2690 3519 mirum

1670 3557 1813 3595 esset.
1827 3545 1922 3592 Sed
1934 3545 2062 3592 illius
2077 3556 2258 3593 tantam
2275 3546 2689 3610 pulchritudinem

1669 3624 1815 3682 dicit,
1848 3636 1904 3672 ut
1936 3624 2078 3688 longe
2107 3625 2359 3688 gymnasio
2379 3626 2475 3688 ipsi
2511 3630 2687 3691 praese-

1665 3704 1812 3751 renda
1839 3706 1923 3761 sit,
1941 3714 1988 3750 et
2004 3714 2158 3750 totum
2177 3704 2343 3766 potius
2359 3707 2686 3768 gymnasium,

1665 3799 1808 3845 quam
1835 3794 1990 3830 statua
2008 3782 2119 3838 illa,
2157 3779 2377 3849 ἀνάθημα,
2410 3785 2688 3847 putandum

1664 3862 1739 3909 sit.
1771 3864 1940 3925 Itaque
1979 3872 2063 3909 aut
2088 3862 2392 3924 probandam
2417 3846 2594 3910 censeo
2623 3865 2690 3911 le·

1664 3942 1870 3988 ctionem
1882 3975 1895 3997 ‚
1917 3958 2060 4005 quam
2079 3943 2129 3989 in
2148 3942 2482 4006 manuscripto
2496 3943 2686 3992 invenit

1662 4016 1912 4073 Graevius,
1966 4019 2068 4085 ejus
2108 4018 2328 4086 ἀνάθημα
2361 4035 2374 4067 :
2405 4032 2523 4079 aut,
2573 4039 2685 4085 qnae

1662 4100 1860 4162 propius
1899 4098 2084 4144 accedit
2120 4099 2183 4145 ad
2205 4097 2364 4153 ἡλίου,
2405 4099 2683 4148 casauboni

1661 4179 2009 4238 conjecturam,
2036 4175 2164 4225 illius
2193 4174 2427 4240 ἀνάθημα.
2451 4177 2588 4224 Ean.
2684 4175 2689 4180 “
