3023 4773
638 409 770 481 160
1274 411 1371 477 M.
1423 410 1499 476 T.
1554 410 2112 478 CICERONIS

630 534 801 604 novi
863 528 1041 601 nihil
1067 585 1086 615 ‚
1134 526 1263 600 sed
1321 530 1756 626 exspectatio
1812 528 2017 600 valde
2059 550 2320 626 magna
2371 557 2387 599 ε
2437 553 2772 603 rumores

627 640 982 710 tristiores
1005 647 1067 722 ⁷,
1123 633 1250 706 sed
1286 628 1696 706 ἀδέσποτοιθ.
1729 638 1958 706 Pansa
1994 649 2243 706 noster
2277 635 2658 734 paludatus
2695 660 2764 708 a.

629 750 700 822 d.
730 774 810 820 111
845 745 1128 819 kalend.
1156 746 1303 841 jan.
1341 744 1755 844 profectus⁹
1785 761 1932 834 est,
1975 761 2058 817 ut
2098 747 2332 843 quivis
2366 747 2768 845 intelligere

629 867 873 954 posset
907 852 1017 938 id,
1046 849 1249 949 quod
1289 866 1368 921 tu
1407 876 1644 949 nuper
1681 849 2014 924 dubitare
2048 852 2328 950 coepisti
2349 863 2437 937 ¹⁰,
2467 858 2544 924 τὸ
2579 859 2766 924 καλὸν

632 957 887 1032 διἀὑτὸ
918 958 1150 1055 αἱρετὸν
1174 967 1229 1001 ¹¹
1264 981 1442 1028 esse.
1476 962 1659 1029 Nam
1695 956 1901 1056 quod
1930 958 2199 1029 multos
2239 957 2538 1030 miseriis
2573 959 2766 1031 leva-

626 1075 836 1159 vit12,
883 1085 957 1142 et
994 1066 1195 1167 quod
1246 1091 1322 1138 se
1376 1068 1452 1137 in
1498 1067 1612 1139 his
1668 1068 1870 1140 malis
1922 1057 2375 1139 hominem¹3
2417 1069 2767 1168 praebuit,

625 1181 968 1254 mirabilis
1001 1205 1169 1251 eum
1207 1182 1529 1250 virorum
1571 1179 1944 1251 bonorum
1981 1177 2473 1252 benivolentia
2515 1204 2766 1278 prose-

680 1308 859 1364 uuta
899 1305 1031 1363 est.

626 1320 676 1391 q
718 1406 826 1472 Tu
853 1401 1058 1498 quod
1084 1399 1323 1472 adhuc
1345 1396 1703 1471 Brundisii
1740 1413 2065 1471 moratus
2097 1422 2215 1489 e8‚
2246 1395 2454 1471 valde
2490 1397 2765 1497 prob0‚

623 1527 697 1584 et
724 1512 1004 1609 gaudeo
1037 1539 1053 1579 ε
1099 1524 1172 1581 et
1195 1507 1614 1582 mehercule
1645 1524 1826 1606 puto
1866 1525 1938 1581 te
1970 1512 2332 1609 sapienter
2365 1507 2722 1580 facturum
2744 1562 2766 1596 ‚

623 1620 683 1689 si
729 1612 1177 1698 ἄκενόσπουδος
1203 1620 1263 1669 ¹4
1317 1615 1564 1688 fueris.
1612 1614 1840 1686 Nobis
1890 1613 2220 1712 quidem,
2287 1616 2416 1713 qui
2461 1628 2532 1686 te
2577 1640 2771 1686 ama-

622 1754 820 1818 mus,
853 1731 992 1800 erit
1033 1741 1341 1825 gratum.
1381 1731 1502 1815 Et,
1557 1723 1816 1797 amabo
1856 1738 1970 1814 te,
2028 1751 2262 1824 quum
2305 1724 2511 1797 dabis
2561 1740 2767 1823 post-

617 1841 755 1911 hac
798 1838 1072 1937 aliquid
1115 1839 1416 1910 domum
1463 1839 1873 1927 literarum,
1931 1842 2078 1909 mei
2121 1837 2563 1908 memineris
2611 1841 2770 1933 Ego

622 1974 1031 2048 numquam
1067 1973 1515 2047 quemquam
1553 1948 1641 2019 ad
1679 1961 1790 2036 te,
1833 1972 2063 2045 quum
2101 1950 2355 2037 sciam,
2391 1950 2547 2018 sine
2588 1947 2770 2019 meis

626 2062 851 2132 literis
895 2062 999 2131 ire
1035 2061 1286 2158 patiar.

520 2255 525 2262 ·
625 2221 911 2286 peianorum
923 2220 1309 2286 proscriptorum
1324 2219 1483 2269 bouis.
1503 2217 1651 2268 Mn«.

702 2318 750 2362 7.
789 2300 1047 2348 mlieres.
1084 2298 1316 2348 Adversis
1341 2298 1544 2348 caesaris
1575 2314 1649 2345 re-

626 2381 736 2429 bus.
761 2379 954 2444 Nempe
981 2390 1093 2428 aute
1115 2382 1354 2443 Ateguam
1389 2389 1580 2444 ceptam
1600 2377 1650 2426 d.

624 2462 752 2508 xlx
771 2460 892 2509 febr.
906 2458 959 2510 h.
975 2476 1022 2507 a.
1050 2459 1148 2508 Sed
1164 2458 1387 2522 ambigue
1409 2459 1649 2522 loquitur.

622 2542 823 2589 Poteret
840 2539 970 2586 euim
993 2538 1199 2602 intelligi
1224 2538 1285 2586 de
1300 2538 1518 2604 Pompeii
1537 2536 1651 2586 filiis

623 2619 676 2666 in
707 2617 967 2666 discrimen
1000 2617 1242 2667 adductis.
1268 2618 1364 2666 En.

697 2698 747 2746 8.
776 2682 1063 2747 Ᾰὸίσποτοι.
1083 2697 1198 2744 Sine
1220 2706 1435 2744 auctore.

695 2792 746 2839 9.
785 2777 1045 2842 Profectus.
1089 2779 1148 2824 In
1193 2778 1496 2840 provinciam
1532 2775 1650 2825 Gal-

622 2856 758 2903 liam.
805 2881 875 2893 -
910 2852 1181 2919 Profectus.
1207 2854 1323 2903 Non
1356 2854 1556 2919 quidem
1582 2872 1646 2904 ex

624 2933 790 2993 Urbe,
837 2933 924 2981 sed
962 2950 1022 2982 ex
1055 2933 1170 2982 villa
1207 2934 1414 2999 quadam
1456 2934 1509 2981 in
1548 2951 1644 2999 qun

621 3023 948 3062 commoratus
972 3024 1075 3061 erat
1095 3025 1354 3077 antequam
1373 3013 1425 3061 in
1444 3015 1646 3078 provin*

621 3093 748 3141 eiam
787 3095 900 3141 iret.
933 3092 1093 3142 Aliter
1125 3093 1257 3142 enim
1290 3093 1394 3140 haec
1436 3093 1642 3157 epistola

623 3189 730 3222 uon
753 3184 1042 3236 congrueret
1065 3188 1178 3221 cnm
1203 3172 1266 3220 ad
1291 3174 1393 3219 Att.
1410 3174 1511 3221 ΧΠ
1524 3207 1539 3232 ,
1561 3188 1643 3235 17,

617 3263 667 3302 et
690 3269 826 3318 seqq.
848 3253 940 3301 En.

612 3418 1807 3447 mmm-mmmmm

1816 2234 1897 2268 xo.
1916 2217 2155 2267 Dubitare
2176 2217 2375 2283 eoepim’.
2393 2220 2560 2283 Quum
2577 2213 2632 2266 in
2651 2219 2773 2283 Epi*

1737 2298 1846 2346 curi
1872 2298 2092 2347 scholam
2113 2299 2375 2347 transieris.
2397 2299 2517 2348 Seu.

1815 2395 1833 2425 ι
1851 2394 1896 2426 ι.
1922 2375 1986 2427 Τὸ
2018 2376 2161 2427 καλὸν
2186 2371 2256 2425 δι’
2283 2377 2399 2428 αὐτὸ
2427 2377 2628 2445 αἱρετὸν.
2662 2380 2778 2428 110-

1738 2466 1930 2505 uestum
1952 2469 2156 2522 propter
2175 2474 2226 2505 se
2252 2458 2596 2522 expetendum.
2615 2458 2778 2521 Quod

1738 2546 1842 2585 erat
1867 2536 2045 2602 dogma
2070 2537 2365 2587 Stoicorum.
2389 2539 2483 2588 En.

1816 2632 1894 2665 ω.
1938 2617 2144 2665 Miser-iis
2180 2615 2366 2665 levavit.
2392 2617 2598 2665 valebat
2634 2616 2777 2666 euim

1738 2695 1871 2760 apud
1884 2695 2122 2744 Caesarem
2143 2696 2454 2745 auctoritate.
2473 2697 2620 2745 Mn«.

1816 2776 1896 2822 13.
1937 2774 2193 2824 Hominem
2228 2775 2463 2840 proebm‘t.
2503 2775 2776 2825 Humanis-

1732 2854 1850 2901 sime
1868 2870 1919 2902 se
1941 2854 2111 2919 Βοκίας
2137 2853 2333 2903 afflictis
2359 2870 2501 2920 opem
2527 2854 2658 2904 tulit.
2681 2857 2775 2904 Sic

1732 2934 1930 2983 Terent.
1963 2934 2019 2980 in
2053 2938 2231 2984 Heaut.
2267 2936 2472 2982 «Homo
2499 2949 2632 2983 sum:
2663 2933 2766 2983 hu-

1730 3015 1862 3061 mani
1885 3013 2008 3062 nihil
2035 3029 2065 3061 a
2091 3030 2170 3061 me
2195 3014 2406 3062 alienum
2428 3026 2553 3079 puto
2565 3035 2607 3061 a.
2637 3015 2727 3062 In.

1806 3100 1886 3149 η.
1903 3080 2275 3151 Ᾱκενόσπουὸος.
2292 3095 2497 3143 Minime
2515 3094 2767 3154 curiosus,

1731 3172 1947 3221 inanium
1986 3190 2147 3222 rerum
2177 3174 2341 3222 studio
2366 3178 2571 3231 vacatis,
2593 3188 2769 3222 rumu-

1730 3252 1895 3303 sculos
1919 3256 2153 3319 cujusque
2177 3254 2251 3302 rei
2269 3270 2375 3303 non
2392 3264 2609 3319 captans.
2626 3255 2705 3303 In.

2179 3428 2741 3450 mmm

1166 3588 1778 3671 EPISTOLA
1850 3594 2192 3674 XVIII.

612 3736 886 3816 Epistolae
913 3737 1257 3799 brevitatem
1285 3755 1558 3801 excusatz
1609 3742 1897 3804 tristitiam
1929 3756 2260 3825 temporum
2295 3760 2558 3806 accusat:
2609 3750 2763 3810 nihil

788 3855 862 3893 ex
884 3837 1166 3915 Hispania
1193 3837 1392 3896 afferri
1418 3839 1719 3917 significat.
1751 3840 2002 3921 (Romae‚
2036 3858 2191 3903 anno
2217 3849 2290 3904 U.
2318 3849 2382 3904 C.
2414 3843 2574 3923 708.)

1144 3980 1237 4046 M.
1261 3980 1339 4047 Τ.
1379 3983 1453 4047 C.
1488 3984 1562 4048 C.
1596 3983 1888 4048 CASSIO
1933 3985 1997 4051 S.
2031 3986 2105 4052 P.
2139 3988 2219 4051 D.

705 4112 1035 4227 Lonmon
1066 4110 1367 4208 epistola
1396 4110 1676 4205 fuisset,
1703 4115 1841 4189 nisi
1861 4141 1949 4188 eo
1976 4118 2136 4217 ipso
2167 4133 2499 4218 tempore
2524 4121 2773 4217 petita
