3023 4773
669 399 802 480 ¹¹4
1286 392 1380 460 M.
1432 392 1513 458 T.
1566 390 2131 460 CICERONIS

656 569 1851 597 mmmmmmmmmm

2221 570 2403 591 m
2406 570 2776 592 mmm

1220 753 1829 836 EPISTOLA
1901 755 2245 835 XVIII.

663 928 936 1010 Ejusdem
974 927 1300 1006 argumenti
1346 937 1433 985 est
1456 967 1475 997 ‚
1521 924 1684 1002 cujus
1725 937 1850 983 erat
1890 925 2058 1003 epist.
2093 935 2162 996 ιι,
2189 969 2205 999 ,
2248 927 2469 1004 quippe
2508 928 2795 1005 permittit

738 1028 888 1098 suisa,
928 1024 1071 1104 quid
1102 1020 1431 1082 faciendum
1455 1021 1758 1095 videatur,
1795 1021 2139 1081 adventante
2172 1022 2247 1082 ad
2284 1022 2506 1084 Urbem
2551 1028 2795 1084 Caesare.

735 1121 1037 1202 (Formiis,
1068 1138 1221 1178 anno
1248 1123 1323 1179 U.
1349 1121 1412 1178 C.
1442 1126 1559 1190 704
1581 1160 1600 1190 ,
1630 1137 1823 1177 mense
1843 1117 2159 1197 januario.)

658 1315 1017 1382 TULLIUS
1052 1299 1525 1378 TERENTIAE
1560 1311 1775 1394 SUAE,
1807 1312 1919 1376 ET
1948 1312 2232 1378 PATER
2262 1315 2799 1383 SUAVISSIMAE

747 1421 1004 1487 FILIAE
1046 1417 1542 1502 TULLIOLAE‚
1598 1417 1913 1484 CICERO
1958 1419 2229 1485 MATRI
2273 1422 2389 1487 ET
2441 1422 2796 1508 SORORI,

745 1530 810 1595 S.
848 1528 921 1594 P.
954 1529 1034 1592 D.

752 1684 1373 1753 Consmnnmnum
1426 1675 1636 1748 vobis
1686 1677 1903 1747 etiam
1959 1690 2181 1773 atque
2229 1681 2480 1768 etiam,
2538 1684 2796 1752 animae

660 1816 873 1879 meze,
924 1789 1307 1886 diligenter
1351 1801 1572 1884 pum,
1621 1785 1797 1882 quid
1848 1784 2118 1859 faciatis
2159 1815 2175 1857 ε
2219 1792 2559 1862 Romaene
2601 1793 2794 1879 sitis,

660 1913 795 1973 an¹
833 1923 1120 1972 mecum
1155 1901 1229 1969 in
1263 1897 1509 1994 aliquo
1545 1911 1706 1968 tuto
1743 1897 1928 1968 loco.
1962 1897 2045 1969 Id
2083 1924 2234 1969 non
2273 1899 2508 1972 solum
2544 1926 2794 1973 meum

660 2001 1042 2085 consilium
1094 2022 1234 2095 est,
1288 2007 1417 2078 sed
1460 2008 1673 2078 etiam
1729 2022 2071 2079 vestrum.
2131 2009 2312 2082 Mihi
2366 2015 2673 2084 veniunt
2714 2014 2794 2085 in

660 2136 979 2195 mentem
1016 2119 1168 2191 haec
1208 2145 1224 2188 ε
1269 2122 1514 2190 Romae
1563 2141 1696 2190 vos
1739 2143 1893 2191 esse
1942 2133 2104 2192 tuto
2142 2145 2354 2221 posse
2402 2148 2535 2222 per
2569 2125 2794 2197 Dola-

656 2232 961 2320 bellam,
1006 2254 1312 2328 eamque
1346 2251 1503 2301 rem
1537 2248 1749 2326 posse
1787 2230 1999 2303 nobis
2033 2231 2458 2327 adjumento
2498 2260 2649 2309 esse
2671 2291 2690 2325 ‚
2730 2241 2794 2309 si

658 2367 803 2442 qua
841 2343 944 2413 vis
966 2396 985 2430 ‚
1018 2354 1144 2412 aut
1174 2340 1234 2411 si
1268 2363 1430 2438 quoe
1461 2341 1732 2438 rapinae
1758 2337 1914 2411 fieri
1945 2345 2321 2440 coeperint.
2371 2344 2509 2417 Sed
2541 2372 2796 2421 rursus

659 2452 843 2525 illud
890 2476 1007 2523 me
1058 2466 1339 2540 movet,
1384 2449 1588 2547 quod
1632 2451 1877 2536 video,
1929 2477 2184 2525 omnes
2240 2454 2477 2527 bonos
2543 2456 2796 2530 abesse

654 2569 921 2647 Roma,
957 2574 1030 2632 et
1066 2584 1190 2632 eos
1226 2557 1564 2632 mulieres
1610 2584 1775 2632 suas
1820 2584 2066 2632 secum
2111 2562 2400 2635 habere.
2455 2570 2621 2636 Haec
2661 2590 2794 2636 au-

656 2688 806 2746 tem
841 2671 1041 2770 regio
1054 2680 1109 2757 ²,
1143 2669 1221 2740 in
1248 2692 1391 2766 qua
1421 2694 1554 2768 ego
1579 2694 1773 2756 sum,
1804 2684 2227 2742 nostrorum
2255 2687 2361 2744 est
2393 2697 2625 2769 quum
2663 2698 2797 2772 op-

654 2782 1039 2882 pidorum,
1072 2794 1230 2851 tum
1265 2784 1480 2851 etiarn
1521 2780 1956 2878 praediorum
1991 2810 2007 2852 ε
2048 2796 2133 2853 ut
2176 2798 2248 2853 et
2285 2783 2595 2853 multum
2632 2809 2797 2858 esse

654 2916 982 2979 mecum,
1025 2904 1133 2977 et,
1170 2912 1401 2987 quum
1434 2888 1789 2978 abieritis,
1828 2890 2209 2962 commode
2251 2906 2322 2963 et
2358 2894 2434 2963 in
2474 2893 2793 2966 nostris³

653 3027 809 3075 esse
827 3001 1130 3101 possitis.
1148 2999 1326 3071 Mihi
1342 3000 1555 3097 plane
1572 3025 1721 3070 non
1749 3003 1917 3073 satis
1943 3015 2223 3072 constat
2239 3000 2513 3086 adbuc,
2539 3019 2795 3076 utrum

655 3116 744 3186 sit
778 3112 1053 3186 melius,
1087 3117 1236 3184 Vos
1272 3109 1545 3198 videte,
1589 3109 1770 3207 quid
1804 3110 1953 3182 aliae
1983 3109 2245 3183 faciant
2280 3115 2413 3183 isto
2437 3113 2647 3186 loco‘*
2681 3114 2796 3187 fe·

657 3228 906 3311 minae;
937 3237 1009 3294 et
1034 3245 1159 3308 ne,
1195 3243 1422 3316 quum
1458 3219 1733 3309 velitis,
1776 3222 1968 3293 exire
2001 3246 2150 3291 non
2183 3222 2413 3293 liceat.
2451 3222 2536 3293 Id
2573 3225 2793 3295 velim

657 3334 1034 3430 diligenter
1073 3331 1291 3400 etiam
1317 3341 1538 3423 atque
1568 3331 1782 3401 etiam
1819 3329 2197 3402 vobiscum
2235 3345 2309 3403 et
2342 3357 2508 3405 cum
2541 3337 2794 3407 amicis

659 3442 1145 3514 consideretis.
1184 3442 1467 3509 Domus
1514 3453 1595 3510 ut
1647 3441 2196 3539 propugnacula
2252 3456 2326 3513 et
2375 3444 2791 3541 praesidium

736 3650 779 3682 1.
801 3632 951 3681 Multi
969 3632 1115 3690 Mss,
1143 3641 1249 3683 aue.
1280 3629 1427 3678 Male.
1456 3631 1506 3679 J.
1522 3631 1586 3679 V.
1614 3634 1672 3679 1..
1764 3631 2020 3690 dominns,
2054 3641 2112 3678 ut
2130 3632 2421 3682 Cumanum.
2447 3636 2575 3683 Eun.
2595 3637 2791 3686 -Me-

730 3730 779 3761 α.
797 3711 958 3777 Regio.
976 3711 1220 3775 Campana
1242 3722 1292 3759 et
1312 3709 1552 3757 maritima
1573 3725 1673 3767 ore,
1762 3727 1887 3761 cum.
1917 3714 1973 3759 In
1998 3711 2215 3778 oppidis.
2236 3715 2325 3762 Eo.

655 3793 735 3841 cui
762 3806 872 3839 cnm
898 3790 1102 3853 imperio
1125 3790 1416 3855 prepositus
1437 3799 1557 3836 enit.
1583 3790 1673 3852 Ep.
1834 3792 1883 3840 3.
1923 3793 1981 3839 In
2015 3791 2213 3841 nostris.
2246 3793 2451 3842 Carolus
2477 3793 2756 3858 Stephanae
2774 3834 2789 3857 ‚

661 3873 753 3930 16,
776 3870 866 3918 lib.
890 3869 1029 3915 XVI.
1051 3869 1199 3916 Min.
1218 3894 1289 3904 —
1319 3868 1437 3928 Ejus
1464 3867 1675 3931 regionis
1761 3869 1939 3933 aliique
1979 3870 2266 3929 ediderunt,
2321 3871 2413 3918 «in
2446 3874 2626 3921 nostrie
2661 3893 2789 3941 prae-

655 3952 836 4018 oppida
867 3965 950 3996 sna
986 3947 1135 4007 dicit,
1159 3950 1363 4012 opinor,
1386 3965 1498 4012 qnae
1537 3959 1675 3996 erent
1762 3948 1858 3997 diis
1880 3971 1922 3997 ι.
1943 3949 2059 3999 Vox
2084 3962 2245 3999 tamen
2283 3950 2452 3999 ultim·
2488 3969 2592 4002 non
2624 3957 2788 4007 mimis

650 4033 703 4080 in
736 4032 841 4092 ejus
872 4026 1095 4077 clientela
1109 4061 1125 4085 ‚
1155 4026 1411 4092 ipsumque
1429 4026 1673 4076 habebant
1760 4027 2003 4093 eleganter
2029 4030 2290 4103 omigtimr.

650 4123 937 4178 pan-omum
951 4104 1175 4172 pradia,
1202 4121 1411 4170 qnorum
1437 4118 1542 4155 erat
1568 4108 1671 4170 ipse
1831 4116 1879 4163 4.
1894 4110 1995 4156 Iseo
2016 4109 2143 4157 loeo.
2168 4112 2264 4158 Iste
2284 4110 2533 4175 dignitate.
