3023 4773
589 380 678 449 62
995 472 1007 484 ·
1238 378 1335 444 Μ.
1387 377 1462 442 Τ.
1522 374 2095 445 CICERONIS

582 568 673 588 w·
687 560 1876 586 mmmmm-”mmmmm
1885 561 2442 581 mmmmm
2453 561 2739 581 mma

1285 735 1903 816 EPISTOLA
1967 736 2055 814 L.

585 886 684 943 Μ’.
716 882 956 943 Curium
984 878 1381 951 commendat,
1421 890 1489 937 ut
1521 878 1597 937 ab
1633 878 1795 937 omni
1826 874 2233 948 incommode,
2283 875 2629 935 detrimento
2660 891 2726 935 et

759 974 1026 1033 molestia
1053 973 1345 1050 integrum
1375 984 1703 1029 conservet.
1737 974 1992 1042 (Romae,
2025 984 2178 1026 anno
2198 972 2272 1029 U.
2299 972 2366 1030 C.
2390 967 2550 1046 7⁰9·)

1058 1141 1150 1204 M.
1176 1141 1253 1203 T.
1289 1140 1363 1204 C.
1399 1139 1693 1204 AUCTO
1718 1154 1739 1184 1
1788 1137 2044 1202 PROC.
2083 1136 2146 1200 S.
2186 1138 2264 1201 D.

679 1284 947 1351 Sums1
990 1274 1131 1345 hoc
1167 1273 1375 1362 mihi,
1409 1298 1544 1371 pro
1578 1287 1705 1364 tua
1740 1277 1816 1343 in
1858 1296 1977 1343 me
2013 1270 2490 1360 observantia,
2509 1298 2732 1369 quam

582 1390 873 1489 penitus
899 1386 1259 1484 perspexi,
1288 1382 1640 1482 quamdiu
1666 1382 2022 1455 Brundisii
2060 1380 2329 1453 fuimus
2347 1392 2404 1471 ²,
2423 1398 2508 1454 ut
2541 1383 2629 1453 ad
2659 1399 2733 1456 te

582 1498 1029 1570 familiariter
1048 1509 1121 1567 et
1138 1497 1345 1593 quasi
1378 1496 1513 1592 pro
1545 1519 1711 1565 meo
1738 1495 1900 1589 jure
1921 1491 2333 1581 scriberem,
2352 1494 2594 1590 siquae
2619 1519 2736 1565 res

583 1623 799 1694 esset,
841 1607 930 1679 de
962 1632 1111 1705 qua
1147 1605 1354 1677 valde
1388 1604 1816 1676 laborarem.
1857 1604 1975 1675 Μ’.
2000 1605 2261 1675 Curius
2283 1658 2303 1692 ,
2340 1605 2468 1700 qui
2508 1607 2736 1675 Patris

579 1723 1014 1818 negotiatur,
1057 1720 1155 1788 ita
1188 1716 1366 1788 mihi
1398 1714 1762 1787 familiaris
1796 1729 1938 1806 est,
1988 1731 2072 1787 ut
2100 1714 2283 1786 nihil
2317 1716 2540 1813 possit
2577 1740 2733 1787 esse

582 1831 1063 1925 conjunctius.
1102 1828 1332 1898 Multa
1362 1825 1554 1898 illius
1581 1827 1654 1897 in
1691 1851 1809 1897 me
1842 1824 2112 1912 officia,
2150 1825 2378 1896 multa
2413 1829 2489 1896 in
2526 1825 2732 1897 illum

580 1967 776 2028 mea3
814 1939 1165 2038 quodque
1188 1939 1583 2009 maximum
1614 1952 1725 2009 est
1748 1991 1767 2025 ,
1804 1960 2130 2041 summus
2153 1937 2343 2007 inter
2366 1961 2501 2007 nos
2527 1961 2736 2007 amor

584 2067 660 2124 et
704 2066 1026 2122 mutuus.
1070 2053 1248 2139 Quae
1285 2073 1516 2145 quum
1560 2051 1661 2117 ita
1695 2044 1890 2134 sint,
1934 2050 1992 2118 si
2033 2046 2254 2117 ullam
2311 2047 2388 2117 in
2424 2048 2740 2118 amicitia

582 2186 743 2232 mea
779 2185 982 2260 spem
1021 2157 1287 2245 habes;
1350 2160 1406 2228 si
1459 2183 1580 2246 ea,
1634 2183 1799 2255 quae
1838 2161 1914 2228 in
1953 2182 2070 2228 me
2110 2154 2345 2227 officia
2388 2172 2461 2227 et
2499 2158 2738 2229 studia

580 2271 944 2343 Brundisii
981 2269 1392 2357 contulisti,
1437 2269 1545 2339 vis
1586 2269 1765 2338 mihi
1806 2269 2023 2340 etiam
2059 2267 2371 2366 gratiora
2413 2267 2736 2357 efficere,

583 2406 1026 2479 quamquam
1081 2394 1252 2451 sunt
1306 2380 1739 2476 gratissima3
1808 2379 1866 2452 si
1919 2406 2035 2452 me
2087 2405 2127 2450 a
2184 2380 2328 2451 tuis
2389 2378 2737 2452 omnibus

581 2494 802 2562 amari
830 2489 1067 2576 vides3
1100 2490 1242 2561 hoc
1268 2489 1446 2561 mihi
1476 2490 1566 2561 da
1594 2506 1810 2588 atque
1835 2492 2091 2590 largire
2110 2546 2129 2580 ,
2155 2506 2240 2562 ut
2265 2491 2382 2562 Μ’.
2407 2493 2737 2578 Curium,

579 2616 855 2673 sartum
889 2616 962 2671 et
988 2614 1257 2672 tectum
1283 2655 1302 2689 ,
1330 2615 1413 2671 ut
1448 2603 1692 2688 aiunt,
1728 2600 1818 2671 ab
1848 2603 2199 2698 omnique
2227 2601 2695 2673 incommodo
2715 2659 2738 2691 ,

578 2710 1020 2782 detrimento
1047 2764 1065 2798 ,
1108 2709 1439 2781 molestia
1478 2712 1848 2782 sincerum
1885 2713 2398 2810 integrumque
2435 2738 2737 2785 conser-

577 2847 722 2893 ves.
770 2825 858 2891 Et
903 2822 1055 2918 ipse
1100 2820 1469 2918 spondeo,
1516 2836 1590 2893 et
1630 2846 1885 2894 omnes
1928 2820 2072 2894 hoc
2119 2822 2252 2893 tibi
2290 2825 2396 2893 tui
2438 2848 2572 2921 pro
2609 2849 2736 2896 me

577 2932 970 3030 recipient,
1016 2955 1105 3002 ex
1157 2956 1316 3002 mea
1366 2927 1729 3002 amicitia³
1770 2947 1842 3002 et
1886 2957 1975 3003 ex
2022 2945 2151 3003 tuo
2198 2933 2273 3003 in
2319 2957 2437 3003 me
2481 2930 2734 3003 officio

581 3046 979 3114 maximum
1017 3056 1090 3113 te
1129 3039 1485 3131 fructum,
1537 3066 2039 3140 summamque
2082 3042 2526 3142 voluptatem
2572 3068 2736 3115 esse

583 3169 991 3255 capturum.

657 3339 701 3370 ι.
738 3327 915 3372 Aucto.
956 3322 1091 3380 Alii,
1128 3321 1313 3369 Aristo.
1349 3323 1451 3369 Etsi
1489 3337 1611 3369 nen·
1699 3323 1873 3382 diunt,
1917 3333 1974 3371 nt
2006 3332 2173 3386 putem
2212 3340 2308 3388 pro
2343 3325 2540 3372 nomine
2560 3324 2733 3373 Aucto

578 3413 712 3450 trum
729 3418 907 3449 nomen
931 3401 1133 3448 memini
1149 3415 1228 3447 me
1246 3400 1379 3463 apud
1399 3401 1611 3465 scripto·
1699 3400 2093 3451 substituendum
2123 3419 2225 3450 esse
2256 3403 2402 3451 Acilii
2431 3402 2605 3452 nomen
2622 3438 2637 3462 ,
2674 3415 2734 3451 et

576 3496 656 3527 res
703 3479 981 3544 frequenter
1025 3478 1210 3544 legere,
1257 3479 1399 3526 facile
1446 3490 1610 3529 tamen
1700 3481 1825 3530 hanc
1850 3481 2108 3546 epistolam
2132 3498 2237 3530 eam
2275 3482 2431 3547 ipsam
2471 3499 2599 3540 esse,
2627 3498 2733 3546 qua

577 3557 826 3617 adducor,
863 3570 916 3606 ut
942 3560 1138 3609 credam
1159 3559 1291 3607 hunc
1318 3558 1472 3606 Servii
1501 3561 1612 3608 Snl-
1700 3563 1872 3611 Cicero
1908 3564 1963 3610 in
1990 3564 2147 3613 literis
2175 3564 2238 3611 ad
2265 3564 2470 3614 Curium
2499 3564 2728 3627 scriptis,

578 3638 699 3703 picii
740 3637 793 3684 in
837 3637 1021 3686 Achaia
1074 3654 1401 3688 successorem
1445 3639 1608 3689 fnisse.
1698 3644 1812 3700 vn,
1840 3643 1924 3703 30,
1945 3661 1997 3692 se
2022 3661 2133 3692 enm
2160 3644 2328 3692 Acilio
2361 3643 2730 3691 commendasse

578 3720 812 3768 Conmn.
829 3742 897 3754 --
917 3721 1322 3769 Proconsularem
1340 3735 1513 3782 nempe
1531 3735 1611 3767 an·
1697 3721 1881 3770 scribit.
1906 3723 2016 3772 Seu.
2031 3723 2314 3771 —Rectins
2345 3724 2471 3770 sorte
2485 3757 2501 3782 ‚
2536 3721 2728 3772 Acilio.

578 3797 856 3845 etot-itatem
900 3810 948 3844 et
992 3803 1258 3864 potentiam
1298 3800 1467 3848 debuit
1520 3800 1604 3846 ha-
1696 3802 1826 3849 J.V.
1860 3803 1918 3850 L.

580 3875 693 3922 bere
714 3911 729 3932 ,
766 3887 819 3924 ut
865 3876 1002 3940 quod
1058 3879 1230 3928 Cicero
1274 3896 1383 3927 enm
1425 3890 1568 3942 rogat
1585 3916 1601 3942 ‚
1766 3896 1815 3928 a.
1856 3882 2107 3930 Brundisii
2124 3880 2338 3947 ficimus.
2379 3884 2496 3930 Post
2535 3880 2727 3930 victum

578 3952 669 4000 Μ’.
687 3956 885 4004 Curium
904 3956 1059 4005 Patris
1083 3960 1410 4023 negotiantem
1436 3971 1602 4024 posset
1691 3962 1993 4026 Pompeium.
2018 3964 2096 4011 Sic
2123 3964 2253 4012 enim
2280 3962 2523 4010 existimo.
2554 3961 2728 4010 Conn-

575 4044 763 4081 sarmm
779 4047 827 4082 ee
843 4045 1041 4091 tectum,
1063 4047 1157 4085 etc.
1175 4054 1482 4090 conservare.
1504 4042 1601 4089 Ita·
1762 4043 1810 4088 3.
1833 4043 1915 4088 Ex
1939 4059 2049 4090 mea
2068 4042 2302 4090 antice‘eia.
2337 4046 2403 4090 11.
2427 4042 2597 4105 Steph.
2617 4056 2724 4090 non

575 4128 672 4178 que
704 4115 823 4163 mihi
858 4117 1047 4165 suimus
1083 4117 1133 4165 in
1169 4117 1293 4167 hanc
1317 4131 1505 4184 partem
1527 4121 1599 4169 in·
1691 4121 1813 4170 male
1838 4121 1985 4187 legit,
2013 4139 2114 4173 «ex
2141 4139 2195 4173 ea
2222 4121 2434 4172 amicitia
2452 4143 2494 4171 υ.
2515 4123 2687 4171 Guv.
