3023 4773
656 383 745 456 50
1295 381 1391 450 M.
1442 383 1520 449 T.
1576 382 2140 452 CICERONIS

646 506 822 577 dum
870 527 1025 583 rem
1074 501 1522 600 domumque
1573 502 1768 598 ejus3
1832 525 2244 599 magnoque
2283 526 2506 601 opere
2540 503 2668 576 abs
2710 521 2784 579 te

644 629 853 714 pet0‚
897 639 1147 702 cures‚·
1176 629 1260 684 ut
1293 615 1353 685 is
1382 613 1766 711 intelligat,
1804 636 2036 685 meam
2066 612 2782 687 commendationem

647 727 954 798 maximo
1003 722 1138 795 sibi
1195 723 1390 823 apud
1451 738 1526 795 te
1579 739 1652 795 et
1705 724 2157 821 adjumento,
2221 739 2295 796 et
2349 744 2783 798 ornamento

647 837 884 908 fuisse.
925 834 1123 907 Vale.

1651 1022 2760 1045 mmm-“mmm

1204 1197 1797 1277 EPISTOLA
1849 1199 2212 1277 XXXV.

634 1363 1015 1423 Philoxenum
1036 1402 1053 1433 ,
1085 1358 1374 1438 hospitem
1406 1370 1466 1417 et
1497 1357 1838 1416 familiarem
1871 1377 2070 1432 suum,
2099 1355 2483 1417 commendat.
2518 1357 2776 1435 (Rome,

1427 1469 1582 1509 anno
1610 1455 1685 1511 U.
1714 1455 1783 1509 C.
1813 1456 1973 1523 707.)

1069 1619 1164 1685 M.
1188 1618 1266 1683 T.
1307 1619 1381 1683 C.
1415 1617 1703 1682 ACILIO
1751 1616 2005 1682 PROC.
2041 1617 2104 1682 S.
2139 1612 2212 1681 P.
2245 1617 2328 1680 D.

731 1760 809 1827 C.
841 1760 1162 1827 Avunus
1206 1754 1666 1821 Pmnoxmws
1700 1751 2042 1847 antiquus
2076 1764 2182 1820 est
2218 1749 2487 1847 hospes
2523 1775 2731 1823 meus
2753 1808 2776 1839 ‚

633 1881 708 1938 et
735 1878 997 1963 praeter
1028 1862 1422 1959 hospitium
1446 1859 1656 1931 valde
1690 1861 1906 1930 etiam
1934 1858 2340 1933 familiaris:
2372 1885 2591 1957 quem
2620 1865 2778 1932 Cae-

636 2000 750 2049 sar
780 1999 946 2046 meo
972 1970 1330 2044 beneficio
1356 1983 1377 2013 ¹
1419 1974 1497 2041 in
1521 1975 2106 2044 Novocomenses
2143 1972 2389 2042 retulit
2405 1982 2461 2042 ².
2486 1975 2780 2045 Nomen

630 2100 874 2159 autem
909 2084 1159 2156 Aviani
1205 2097 1558 2180 sequutus
1595 2096 1741 2171 est,
1786 2081 1989 2179 quod
2026 2081 2322 2155 homine
2365 2083 2571 2155 nullo
2610 2083 2780 2182 plus

628 2214 738 2271 est
764 2221 973 2285 usus,
1003 2219 1221 2292 quam
1248 2193 1498 2265 Flacco
1529 2196 1802 2265 Aviano
1820 2190 1874 2281 ³,
1904 2217 2069 2264 meo
2093 2246 2112 2278 ‚
2142 2190 2773 2290 quemadmodum

632 2324 703 2380 te
747 2310 924 2379 scire
960 2305 1295 2392 arbitror,
1332 2302 1900 2376 familiarissima
1938 2307 2120 2395 Quae
2164 2328 2299 2403 ego
2337 2305 2582 2374 omnia
2617 2304 2777 2375 col-

630 2419 809 2517 legi,
850 2431 934 2487 ut
974 2414 1439 2509 intelligere5‚
1496 2437 1647 2484 non
1687 2414 2058 2512 vulgarem
2099 2439 2255 2486 esse
2300 2416 2775 2487 commenda-

629 2531 905 2601 tionem
945 2526 1132 2597 hanc
1175 2545 1431 2595 meam.
1497 2527 1672 2595 Peto
1715 2524 1934 2622 igitur
1976 2522 2106 2595 abs
2149 2537 2223 2595 te
2245 2578 2265 2612 ‚
2299 2540 2385 2596 ut
2429 2525 2778 2598 omuibus

630 2638 887 2725 rebus,
926 2633 1131 2733 quod
1165 2636 1319 2706 sine
1354 2633 1680 2706 molestia
1718 2647 1841 2706 tua
1875 2632 2106 2706 facere
2151 2636 2417 2732 possis»,
2464 2637 2531 2708 ei
2572 2661 2776 2708 com-

627 2748 910 2835 modeS‚
951 2744 1363 2840 habeasque
1400 2745 1476 2814 in
1516 2768 1823 2816 numero
1867 2758 2200 2828 tuorum;
2245 2744 2723 2844 perficiasque
2748 2803 2771 2834 ‚

628 2873 713 2929 ut
748 2855 1135 2952 intelligat,
1170 2854 1301 2926 has
1348 2852 1589 2925 literas
1625 2877 1822 2925 meas
1860 2878 2122 2951 magno
2156 2854 2291 2927 sibi
2319 2855 2485 2929 usui
2521 2855 2768 2930 fuisse.

628 2968 783 3038 Erit
811 2964 888 3036 id
920 2963 1100 3035 mihi
1133 2964 1480 3060 maJ'orem
1510 2964 1587 3033 in
1619 2962 1922 3034 modum
1968 2979 2275 3062 gratum.

706 3174 750 3205 1.
774 3158 885 3205 Meo
916 3154 1164 3224 benficia.
1183 3154 1266 3202 Me
1291 3165 1514 3218 rogante.
1746 3154 1936 3204 Strabo.
1984 3157 2160 3205 Poste·
2208 3171 2326 3206 vero
2369 3155 2581 3205 dictator
2634 3156 2775 3208 idem

699 3253 748 3284 a.
774 3239 835 3283 In
865 3237 1244 3284 Novocomenses
1263 3233 1442 3281 retulit.
1462 3235 1524 3280 In
1546 3248 1654 3287 eos,
1744 3235 1903 3283 Caesar
1938 3235 2311 3300 Transpadanos
2354 3251 2551 3297 omnes,
2592 3247 2648 3285 ut
2699 3238 2775 3286 ait

626 3332 752 3380 quos
780 3316 1129 3364 Novocomum
1147 3310 1388 3361 deductos
1414 3312 1466 3359 in
1489 3312 1653 3376 primo
1741 3316 1865 3374 Dio,
1893 3315 2090 3364 civitate
2113 3316 2333 3365 donavit.
2359 3317 2508 3364 Mn«.

625 3393 884 3442 consulatu
929 3392 1125 3442 civitate
1168 3390 1385 3438 donavit.
1428 3392 1473 3438 Ii
1518 3391 1652 3439 suem
1815 3396 1861 3441 3.
1895 3393 2104 3442 Aviano.
2143 3396 2219 3443 De
2245 3410 2346 3458 quo
2388 3394 2477 3442 inf.
2505 3396 2571 3456 75
2598 3404 2646 3442 et
2679 3411 2769 3457 79.

625 3474 843 3540 quinque
872 3472 1051 3530 millia,
1087 3479 1138 3518 et
1162 3469 1323 3519 Graeci
1351 3471 1560 3519 maxime
1596 3471 1651 3518 il·
1737 3499 1809 3508 —
1830 3473 1954 3531 Alii,
1984 3482 2038 3520 nt
2064 3474 2269 3538 passim,
2296 3473 2526 3522 Avianio.
2553 3475 2586 3522 J
2591 3475 2677 3522 .V.
2707 3477 2767 3523 L.

624 3550 798 3598 lustres
844 3549 1115 3616 quingenti.
1147 3550 1444 3598 Philoxenus
1483 3562 1647 3599 autem
1736 3554 1968 3600 —Hune
1993 3567 2108 3600 vero
2135 3565 2238 3601 tum
2258 3553 2458 3617 periisse
2488 3554 2762 3604 ostendunt

626 3630 826 3678 Graeens
841 3664 859 3692 ‚
894 3631 1010 3693 quin
1051 3629 1261 3681 Siculus.
1303 3629 1566 3679 Suetoniu-
1600 3641 1649 3679 et
1735 3630 1884 3680 verba
1909 3630 2045 3680 nullo
2066 3632 2178 3697 plus
2207 3645 2279 3682 ese
2304 3648 2433 3684 usus.
2459 3635 2555 3684 En.

1416 3807 1990 3838 ..n-*—
