3023 4773
454 3238 461 3245 ⁴
496 3248 582 3268 m
590 3241 1702 3267 mmmmmmmmmmm

526 408 655 500 ¹74
1158 403 1252 470 M.
1307 402 1384 469 T.
1436 399 2020 470 CICERONIS

503 526 759 596 vixerit
801 538 1063 594 tecum.
1108 527 1177 593 Is
1204 523 1451 591 omnia
1480 522 1846 618 pollicitus
1890 534 2032 606 est,
2059 544 2221 617 quae
2251 519 2382 592 tibi
2412 539 2658 595 essent

507 660 711 733 opus.
748 638 1133 704 Facturum
1163 646 1369 731 puto.
1403 631 1583 703 Mihi
1615 629 1985 728 placebat,
2022 633 2080 702 si
2119 631 2394 703 firmior
2425 658 2655 722 esseS‚

508 759 591 815 ut
640 759 710 814 te
764 740 1169 813 Leucadem
1213 742 1636 838 deportaret
1655 739 1709 828 ³,
1748 756 1832 812 ut
1875 739 1975 812 ibi
2023 755 2094 812 te
2128 742 2345 840 plane
2391 743 2654 815 confir-

502 880 758 926 mares.
799 850 1132 939 Videbis,
1171 850 1351 947 quid
1390 852 1614 922 Curio
1634 853 1692 938 4,
1726 849 1907 949 quid
1945 854 2258 946 Lysoni,
2294 853 2469 948 quid
2507 879 2655 925 me-

505 966 669 1036 dico
726 964 1027 1063 placeat.
1076 961 1428 1033 Volebam
1486 961 1580 1032 ad
1642 975 1716 1034 te
1767 962 2172 1032 Marionem
2231 964 2603 1034 remittere
2629 1018 2649 1048 ‚

504 1101 728 1172 quem
751 1130 771 1163 ‚
806 1099 1039 1172 quum
1081 1072 1505 1144 meliuscule
1550 1071 1681 1142 tibi
1723 1087 1946 1160 esset,
1990 1071 2080 1143 ad
2115 1096 2236 1143 me
2274 1074 2597 1145 mitteres
2630 1103 2648 1144 ε

504 1186 633 1257 sed
662 1186 998 1282 cogitavi,
1031 1208 1213 1254 unas
1237 1185 1479 1255 literas
1514 1185 1918 1256 Marionem
1957 1181 2220 1254 afferre
2251 1208 2461 1281 posse
2483 1239 2502 1271 ‚
2534 1211 2654 1259 me

502 1311 747 1366 autem
767 1291 1054 1365 crebras
1080 1308 1520 1391 exspectare.
1546 1296 1820 1364 Poteris
1836 1295 2077 1391 igitur,
2096 1309 2169 1364 et
2190 1292 2431 1381 facieS‚
2455 1297 2513 1365 si
2535 1322 2653 1367 me

501 1407 735 1503 diligis
754 1459 772 1492 ‚
798 1419 879 1476 ut
899 1404 1228 1502 quotidie
1253 1405 1351 1475 sit
1375 1408 1677 1476 Acastus
1703 1401 1733 1446 ⁵
1752 1406 1827 1475 in
1848 1419 2066 1503 portu
2085 1399 2142 1473 ⁶.
2169 1405 2380 1475 Multi
2408 1422 2652 1493 erunt,

503 1513 773 1612 quibus
813 1529 1007 1584 recte
1041 1513 1281 1585 literas
1322 1513 1494 1583 dare
1541 1516 1812 1612 possis,
1853 1516 1983 1611 qui
2027 1513 2120 1585 ad
2168 1539 2286 1586 me
2337 1514 2657 1587 libenter

502 1623 885 1725 perferant.
923 1624 1284 1723 Equidem
1320 1629 1562 1695 Patras
1603 1639 1899 1696 euntem
1944 1625 2312 1696 neminem
2355 1641 2655 1722 praeter-

507 1750 805 1805 mittam.

601 1850 750 1942 Ego
802 1867 1097 1914 omnem
1149 1867 1352 1941 spem
1399 1847 1505 1915 tui
1543 1843 1926 1942 diligenter
1962 1843 2264 1915 curandi
2309 1847 2385 1915 in
2425 1848 2654 1918 Curio

498 1955 760 2027 habeo.
826 1953 1021 2025 Nihil
1062 1968 1304 2051 potest
1348 1954 1472 2025 illo
1511 1952 1668 2026 fieri
1716 1953 2142 2040 humaniuS,
2196 1952 2378 2025 nihil
2420 1958 2656 2026 nostri

501 2066 878 2135 amantius.
916 2066 998 2134 Ei
1043 2079 1114 2135 te
1151 2079 1391 2136 totum
1429 2064 1654 2136 trade.
1690 2065 1884 2137 Malo
1927 2080 1999 2136 te
2032 2064 2276 2163 paullo
2319 2081 2491 2161 post
2531 2091 2657 2138 va-

502 2177 805 2261 lentem,
841 2198 1062 2271 quam
1101 2179 1339 2245 statim
1386 2174 1837 2247 imbecillum
1882 2175 2149 2246 videre.
2203 2180 2392 2247 Cura
2429 2178 2657 2274 igitur

502 2285 684 2357 nihil
708 2284 943 2374 aliud,
962 2286 1100 2356 nisi
1115 2300 1197 2356 ut
1225 2301 1306 2356 tu
1337 2287 1573 2358 valeas
1603 2316 1618 2358 ε
1654 2302 1890 2359 cetera
1920 2311 2057 2386 ego
2093 2285 2389 2358 curabo.
2414 2293 2653 2358 Etiam

499 2413 722 2497 atque
762 2398 976 2469 etiam
1017 2397 1199 2467 vale.
1238 2398 1570 2471 Leucade
1605 2397 2116 2499 proficiscenS,
2164 2423 2263 2468 vn
2309 2398 2473 2470 idus
2517 2424 2655 2470 no-

501 2508 780 2582 vembr.
1852 2538 1858 2545 ·

577 2682 625 2729 3.
659 2678 740 2727 Sic
764 2677 947 2725 hebent
969 2676 1082 2725 edd.
1109 2678 1284 2741 prisca!
1309 2689 1358 2725 et
1390 2695 1531 2727 com·
1647 2659 1655 2667 α
1696 2680 1745 2728 5.
1773 2681 1999 2728 Acasttes.
2042 2682 2219 2728 servm
2256 2678 2510 2728 Ciceronis
2544 2689 2658 2738 est,

497 2760 663 2823 plures
695 2757 838 2805 MSS.
871 2754 1023 2819 Vulg.
1055 2755 1359 2817 deponar-es,
1394 2757 1533 2821 quod
1622 2768 1679 2807 ut
1707 2769 1757 2808 et
1780 2761 1960 2807 Mario.

498 2839 675 2886 durum
710 2847 799 2883 est.
844 2836 1140 2898 Depereant
1182 2834 1246 2882 ad
1286 2839 1534 2885 Xenome·
1691 2840 1746 2887 6.
1785 2842 1847 2885 In
1864 2849 2032 2902 portu.
2069 2836 2260 2900 Nempe
2289 2847 2348 2883 nt
2379 2836 2448 2884 ibi
2475 2835 2658 2884 obser·

499 2934 611 2965 nem
636 2915 880 2980 pertinet,
916 2915 996 2961 cui
1015 2915 1212 2962 Tironis
1234 2913 1531 2979 deportandi
1619 2927 1782 2976 voret,
1821 2917 1862 2965 si
1904 2916 1992 2980 qui
2027 2916 2312 2979 navigarent
2348 2915 2399 2962 iu
2436 2915 2657 2977 ltaliam,

502 3013 616 3044 cura
638 3012 667 3042 a
687 2996 927 3046 Cicerone
954 2992 1183 3041 mandata
1210 3006 1328 3044 erat.
1357 2996 1474 3044 Sca.
1620 2996 1799 3061 quibus
1826 2997 1980 3044 literae
2006 2995 2069 3044 ad
2091 2996 2379 3044 Ciceronem
2398 2995 2657 3059 perferen-

574 3085 623 3133 1..
654 3074 815 3123 cur-50.
842 3073 915 3119 De
940 3088 1041 3136 quo
1067 3075 1227 3135 1111,
1256 3073 1336 3121 50.
1382 3090 1389 3099 ’
1620 3077 1696 3125 dae
1722 3076 1850 3125 tradi
1877 3076 2087 3142 possint.
2114 3079 2205 3127 En.

2073 3235 2639 3257 mmmm

1176 3441 1755 3521 EPISTOLA
1808 3440 1952 3518 VI.

495 3606 719 3680 Rogat,
785 3621 859 3659 ne
910 3598 1056 3678 quid
1102 3599 1359 3671 omittat,
1413 3597 1577 3676 quod
1624 3597 1699 3655 ad
1745 3595 2206 3675 recuperandam
2255 3594 2650 3658 valitudinem

737 3710 974 3775 spectet.
996 3696 1226 3774 (Actio,
1261 3715 1417 3755 anno
1444 3698 1525 3754 U.
1547 3698 1613 3755 C.
1643 3696 1753 3767 703
1771 3737 1788 3767 ,
1818 3712 2014 3752 mense
2049 3691 2403 3771 novembri.)

580 3859 671 3923 M.
707 3859 1067 3924 TULLIUS
1113 3861 1269 3925 CIC.
1318 3856 1599 3922 PATER
1645 3856 1756 3919 ET
1800 3855 2073 3921 FILIUS
2097 3903 2116 3938 ‚
2175 3857 2289 3920 ET
2334 3857 2416 3940 Q.
2461 3855 2549 3938 Q.

1291 3958 1596 4025 TIRONI
1641 3959 1704 4022 S.
1753 3958 1837 4022 D.

585 4112 917 4177 Tna‘rmm
970 4099 1061 4170 ad
1107 4116 1175 4171 te
1223 4101 1412 4173 hanc
1452 4098 1832 4198 epistolam
1879 4100 2126 4197 scripsi
2170 4097 2431 4171 eodem
2475 4096 2645 4187 die,
