3023 4773
696 362 846 458 678
988 365 995 374 '
1327 364 1421 432 Μ.
1468 365 1548 431 Τ.
1616 364 2201 433 CICERONIS

704 484 964 556 facturi
997 481 1214 555 fuisse
1247 480 1696 554 dicebantur.
1750 488 1934 556 Sane
1969 482 2282 554 multum
2322 484 2401 553 in
2445 506 2528 554 eo
2569 487 2770 582 reipu-

700 595 903 666 blicae
946 595 1316 691 provisum
1356 607 1480 665 est.
1520 599 1628 664 De
1662 592 2083 665 mulieribus
2117 594 2419 680 nostris,
2443 596 2515 662 in
2555 593 2773 691 quibus

704 720 811 777 est
861 720 984 775 tua
1021 729 1259 793 soror,
1301 727 1547 801 quaeso
1570 702 1849 793 videas,
1884 717 1968 773 ut
2005 704 2171 774 satis
2200 700 2574 773 honestum
2601 703 2772 774 nobis

704 818 826 901 sit,
865 838 983 886 eas
1008 820 1250 884 Romae
1274 838 1425 885 esse
1444 868 1462 902 ,
1495 838 1725 910 quum
1746 827 2002 885 ceterae
2028 811 2172 886 ulla
2200 811 2542 910 dignitate
2565 810 2774 884 disces·

702 925 945 997 serint.
967 929 1121 995 Hoc
1150 926 1400 1023 scripsi
1420 923 1510 994 ad
1536 948 1653 994 eas
1675 979 1695 1013 ,
1732 938 1802 994 et
1839 922 1930 993 ad
1958 937 2029 995 te
2050 925 2285 1019 ipsum
2307 935 2532 1016 antea.
2554 922 2774 1010 Velim,

701 1059 820 1105 eas
848 1034 1227 1105 cohortere
1249 1089 1267 1122 ‚
1312 1049 1395 1105 ut
1432 1048 1730 1119 exeant;
1775 1034 2167 1129 praesertim
2195 1055 2428 1127 quum
2456 1055 2534 1102 ea
2559 1032 2776 1130 praedia

702 1147 780 1214 in
810 1169 937 1215 ora
969 1145 1322 1214 maritima
1355 1141 1784 1229 habeamuS,
1826 1142 1944 1212 cui
1972 1164 2108 1239 ego
2135 1165 2441 1239 praesum
2464 1194 2483 1230 ,
2521 1143 2675 1211 utin
2690 1141 2776 1212 his

702 1278 841 1351 pro
888 1278 968 1324 re
1024 1266 1190 1323 nata
1243 1276 1397 1322 non
1461 1249 1923 1326 incommode
1975 1252 2255 1348 possint
2316 1274 2489 1322 esse.
2540 1253 2696 1323 Nam
2732 1255 2776 1322 si

704 1362 884 1460 quid
937 1360 1374 1434 offendimus
1396 1415 1415 1451 ‚
1469 1363 1546 1436 in
1593 1385 1863 1461 genero
1916 1375 2215 1448 nostro;
2284 1359 2484 1456 quod
2533 1358 2778 1457 quidem

702 1497 837 1567 ego
870 1487 1205 1570 praestare
1239 1497 1391 1543 non
1428 1470 1686 1543 debe0.
1726 1470 1865 1542 Sed
1899 1469 1974 1540 id
2014 1468 2101 1541 fit
2130 1470 2399 1565 majus,
2441 1470 2621 1566 quod
2653 1494 2779 1540 mu·

699 1583 907 1652 lieres
940 1596 1202 1654 nostrae
1243 1596 1501 1679 praeter
1535 1596 1804 1653 ceteras
1849 1585 2098 1652 Romae
2142 1594 2651 1652 remanserunt.
2696 1584 2779 1651 Tu

704 1695 861 1790 ipse
893 1716 1060 1763 cum
1098 1697 1316 1765 Sexto
1334 1691 1362 1737 ⁵
1380 1749 1404 1782 ‚
1446 1696 1627 1764 scire
1657 1690 1868 1762 velim
1891 1746 1909 1779 ‚
1938 1691 2118 1789 quid
2146 1694 2420 1788 cogites
2445 1691 2531 1762 de
2557 1714 2780 1761 exeun-

707 1802 839 1892 do,
901 1801 992 1875 de
1035 1818 1333 1901 totaque
1386 1826 1466 1875 re
1523 1801 1704 1900 quid
1750 1803 2127 1873 existimes.
2181 1799 2530 1898 Equidem
2575 1824 2778 1899 pacem

705 1913 978 1988 hortari
1005 1939 1155 1984 non
1183 1913 1432 1985 desino
1470 1940 1487 1982 :
1520 1937 1683 2009 quae
1718 1912 1833 1990 vel
1873 1912 2143 2008 injusta
2163 1911 2416 1981 utilior
2438 1924 2574 1995 est,
2605 1931 2779 2006 quam

702 2025 1171 2117 justissimum
1210 2022 1485 2094 bellum
1499 2019 1556 2094 ⁶.
1608 2021 1748 2102 Sed
1798 2023 1980 2111 haec,
2018 2037 2103 2093 ut
2139 2020 2290 2093 fors
2331 2022 2586 2094 tulerit.

787 2204 834 2250 5.
884 2203 954 2248 Tu
982 2202 1085 2266 ipse
1111 2218 1221 2250 cum
1246 2205 1395 2252 Sexto
1413 2239 1429 2263 ‚
1462 2214 1558 2254 etc.
1594 2204 1731 2278 Sex5t.
1889 2204 1941 2253 6.
1962 2204 2165 2254 Bellum.
2180 2199 2783 2269 Legendumproponit,be1·

712 2279 966 2330 Peducaeo.
991 2283 1286 2332 Conumn.
1820 2283 1920 2353 lum
1956 2300 2065 2331 cum
2093 2282 2296 2342 civibus,
2329 2286 2511 2332 Boum-
2531 2281 2781 2330 mursam

710 2457 979 2479 mmm
984 2458 1532 2480 mmmm
1536 2451 2775 2480 mmmmm-mmmmm

1348 2652 1929 2732 EPISTOLA
1992 2653 2182 2732 XV.

700 2790 981 2869 Exponit,
1012 2812 1142 2870 quae
1185 2795 1248 2852 in
1284 2807 1572 2857 conventu
1616 2799 1831 2874 Capuae
1865 2794 2066 2854 habito
2107 2794 2340 2856 decreta
2387 2796 2520 2856 sint.
2560 2799 2785 2871 (Capua,

1211 2907 1365 2949 anno
1389 2895 1466 2950 U.
1508 2894 1574 2951 C.
1605 2900 1751 2964 704,
1782 2910 1977 2951 mense
2000 2891 2317 2969 januario.)
2534 2892 2540 2899 ’

1376 3073 1683 3138 CICERO
1728 3073 2059 3138 ATTICO
2105 3074 2167 3137 S.

801 3228 914 3295 U'r
948 3221 1039 3293 ab
1071 3221 1272 3302 Urbe
1312 3218 1632 3309 discessi,
1661 3221 1945 3293 nullum
1965 3222 2203 3294 adhuc
2231 3225 2580 3296 intermisi
2598 3222 2784 3305 diem,

699 3336 880 3434 quin
906 3330 1177 3430 aliquid
1204 3329 1293 3401 ad
1322 3344 1394 3402 te
1421 3331 1789 3403 literarum
1819 3332 2064 3405 darem
2089 3361 2105 3403 :
2130 3359 2280 3405 non
2303 3358 2454 3432 quo
2483 3332 2781 3404 haberem

701 3466 1171 3542 magnopere,
1210 3439 1410 3538 quod
1442 3440 1868 3528 scriberem,
1919 3442 2044 3514 sed
2084 3459 2167 3515 ut
2214 3444 2552 3542 loquerer
2585 3457 2786 3514 tecum

696 3553 1000 3627 absens:
1039 3577 1187 3650 quo
1223 3551 1433 3640 mihi,
1490 3576 1718 3649 quum
1761 3577 2001 3623 coram
2033 3552 2146 3623 id¹
2190 3578 2340 3624 non
2381 3555 2584 3641 licet,
2637 3549 2786 3621 nihil

702 3679 808 3736 est
839 3662 1258 3762 jucundius.
1304 3658 1630 3761 Capuam
1669 3688 1898 3760 quum
1941 3666 2295 3737 venissem
2345 3689 2406 3736 a.
2457 3664 2526 3735 d.
2569 3689 2633 3733 vl
2669 3659 2785 3731 kal.

698 3776 934 3872 pridie
952 3830 972 3863 ‚
999 3798 1219 3871 quam
1253 3773 1381 3844 has
1411 3774 1649 3844 literas
1678 3774 1884 3864 dedi,
1911 3776 2242 3847 consules
2264 3777 2599 3861 conveni,
2625 3770 2785 3843 mul-

700 3898 958 3980 tosque
988 3884 1217 3956 nostri
1253 3883 1547 3956 ordinis.
1583 3889 1853 3960 Omnes
1884 3880 2273 3985 cupiebant
2301 3888 2665 3973 Caesarem,
2689 3878 2789 3954 ab·

779 4104 822 4134 1.
857 4084 957 4136 Alii
983 4084 1147 4133 delent
1166 4086 1233 4135 id.
1254 4088 1310 4137 J.
1330 4087 1392 4137 V.
1412 4091 1467 4136 1..
