3023 4773
838 386 1382 474 EPISTOLAE,
1416 394 1580 478 XV,
1630 392 1736 463 16.
2228 426 2252 470 1
2272 399 2358 498 57

228 515 480 596 putant
509 502 726 573 etiam
752 498 1144 590 διανοητικὰς
1167 510 1539 604 φαντασίας5
1556 517 1854 611 spectris
1875 517 2217 590 Catianis⁶
2247 548 2362 594 ex-

222 610 439 680 citari.
470 615 686 698 Nam,
713 638 808 685 ne
836 628 907 685 te
943 614 1204 715 fugiat,
1238 622 1482 691 Catius
1501 633 1528 676 '7
1562 623 1897 714 Insuber,
1923 632 2321 726 Epicureus
2340 690 2359 723 ,

221 724 335 814 qui
373 747 625 820 nuper
654 738 762 795 est
794 741 1162 814 mortuus,
1210 754 1373 826 quae
1416 731 1537 803 ille
1564 736 1974 831 Gargettius
1994 735 2050 828 ⁸,
2090 745 2302 813 etiam
2323 757 2357 804 ⁹

217 841 372 897 ante
406 831 876 903 Democritus
895 886 914 919 ,
937 821 1163 905 εἴδωλα
1184 890 1204 924 ,
1237 836 1355 908 hic
1382 854 1662 935 spectra
1690 847 2042 915 nominat.
2074 849 2198 919 His
2225 876 2356 921 au-

218 938 347 1006 tem
390 940 705 1035 spectris
757 942 1036 1014 etiamsi
1078 944 1269 1016 oculi
1318 949 1683 1043 possint¹⁰
1726 948 1957 1042 feriri,
1997 957 2198 1051 quod
2239 960 2353 1031 vel

212 1048 354 1143 ipsa
394 1062 872 1120 accurrunt¹¹
910 1079 927 1121 :
965 1054 1249 1126 animus
1285 1057 1413 1151 qui
1450 1059 1714 1155 possit,
1749 1085 1887 1157 ego
1928 1088 2082 1133 non
2116 1065 2349 1139 video,

211 1159 491 1228 Doceas
547 1172 629 1229 tu
684 1185 802 1232 me
846 1162 1256 1258 oportebit,
1302 1188 1552 1261 ‚quum
1605 1166 1841 1240 salvus
1902 1174 2221 1263 veneris,
2273 1179 2350 1248 in

209 1291 464 1339 meane
488 1284 845 1366 potestate
866 1274 1023 1342 sit¹²
1045 1288 1411 1370 spectrum
1435 1289 1510 1345 tu
1520 1302 1671 1365 um,
1687 1293 1791 1363 ut,
1807 1280 2020 1352 simul
2055 1308 2138 1353 ac
2168 1286 2346 1357 mihi

204 1378 613 1450 collibitum
647 1382 739 1451 sit
775 1380 868 1451 de
890 1397 960 1452 te
997 1385 1353 1481 cogitare,
1396 1386 1578 1458 illud
1611 1406 1940 1461 accurrat
1961 1389 2058 1480 ¹³5
2103 1420 2344 1494 neque

204 1486 439 1558 solum
473 1487 567 1560 de
604 1503 714 1578 te,
756 1493 886 1587 qui
920 1491 1099 1563 mihi
1134 1492 1363 1594 haeres
1406 1496 1480 1565 in
1517 1496 1894 1589 medullis;
1936 1502 2097 1590 sed,
2133 1507 2190 1575 si
2227 1511 2341 1578 in-

201 1593 431 1664 sulam
473 1595 918 1667 Britanniam
956 1619 1248 1696 coepero
1288 1605 1603 1696 cogitare
1626 1657 1646 1691 ,
1684 1604 1840 1698 ejus
1881 1601 2129 1680 εἴδωλον
2165 1612 2345 1684 mihi

199 1703 487 1776 advolet
513 1711 575 1759 ¹4
630 1706 720 1778 ad
764 1721 1038 1806 pectus.
1087 1707 1227 1780 Sed
1255 1707 1410 1781 haec
1445 1715 1809 1810 posterius
1850 1744 1866 1786 ε
1907 1732 2112 1791 tento
2148 1728 2341 1794 enim

193 1961 387 2025 Epicuri
402 1997 421 2021 ,
447 1981 476 2011 e
498 1965 793 2029 corporibus
806 2002 823 2028 ,
853 1968 1032 2030 quibus
1053 1982 1222 2016 sensus
1310 1979 1454 2017 nente
1478 1969 1669 2018 Thoma
1694 1973 2029 2038 Wopkensio,
2059 1980 2194 2030 Lect.
2215 1982 2335 2031 Tul-

191 2046 372 2091 externi
397 2043 661 2104 feriamur,
682 2063 785 2093 non
798 2049 1065 2106 veniunt,si
1083 2050 1217 2101 velis.
1307 2048 1422 2096 lian.
1443 2047 1530 2096 lib.
1547 2051 1613 2098 V.

194 2123 289 2169 Ino
308 2123 494 2171 melius
516 2125 768 2173 Lucretius
793 2126 1077 2190 opinionem
1103 2131 1219 2194 Epi·
1384 2142 1461 2174 xo.
1486 2126 1614 2186 Alii,
1639 2149 1662 2171 ι
1680 2142 1884 2193 possent
1899 2155 1942 2181 ι».
1969 2136 2018 2183 J.
2038 2138 2104 2185 V.
2134 2140 2188 2186 L.

191 2216 446 2250 turcorum
473 2204 733 2266 expressit,
764 2206 853 2264 lv,
881 2208 1008 2266 781:
1038 2211 1218 2258 «Anne
1380 2221 1462 2254 ιι.
1485 2204 1617 2264 Alii,
1665 2209 1835 2272 -quod
1858 2211 1936 2258 vel
1957 2213 2015 2260 iis
2036 2214 2142 2279 ipsa
2163 2231 2335 2269 occur-

192 2281 488 2329 volunt-tem
529 2294 748 2331 nostram
784 2285 1041 2336 simulacra
1073 2299 1216 2338 tuen·
1302 2296 1467 2334 rum»-
1487 2286 1777 2347 Lambinus,
1798 2310 1820 2331 ·
1833 2291 1996 2354 quod,
2011 2309 2163 2357 quum
2182 2300 2301 2348 velia
2315 2337 2331 2360 ‚

190 2371 287 2424 tur,
318 2365 386 2411 131
423 2363 576 2412 simul
605 2380 663 2413 ac
688 2365 915 2414 volumus
947 2365 1092 2416 nobis
1127 2386 1214 2418 oe·
1298 2364 1403 2429 ipsa
1420 2370 1867 2421 occurrunt».J.V.
1884 2372 2162 2437 L.-—Quod
2174 2380 2332 2430 veliis

188 2444 326 2491 currit
353 2445 530 2508 imago
548 2467 588 2491 ιι.
619 2447 802 2494 Iterum
836 2447 898 2495 de
933 2447 1026 2505 hac
1050 2466 1104 2497 re
1131 2451 1213 2500 ci-
1300 2442 1407 2506 ipsa
1432 2460 1708 2495 occurrunt.
1727 2449 1888 2498 Affert
1911 2453 2168 2515 rationem,
2178 2476 2329 2523 quare

188 2536 287 2569 mo
320 2524 551 2586 jocatur,
588 2524 756 2575 Divin.
792 2528 867 2585 11,
898 2528 996 2590 67:
1025 2550 1052 2569 a
1075 2529 1210 2592 Quid

185 2604 327 2663 ugo?
377 2603 491 2651 istae
529 2605 763 2667 imagines
795 2605 864 2652 itu
899 2606 1046 2655 nobis
1073 2609 1209 2656 dicto

185 2680 425 2729 audientes
452 2692 604 2743 sunt,
642 2694 697 2731 ut
730 2684 875 2732 simul
906 2697 1052 2750 atque
1090 2688 1207 2737 veli-

181 2765 275 2798 m
290 2788 306 2811 ,
327 2764 602 2800 accurrant
616 2774 659 2801 ι.
683 2755 778 2804 En.
800 2783 872 2792 —
891 2757 1057 2805 Amici
1077 2759 1205 2807 novi.

183 2829 427 2893 Epicurei,
475 2848 691 2895 quorum
738 2834 963 2898 dogmata
1011 2838 1206 2887 Cassius

181 2921 280 2957 amn
296 2910 563 2959 biennium
579 2911 790 2976 probare
811 2927 1040 2979 caeperat.
1055 2919 1203 2967 Man.

239 2992 286 3037 5.
312 2988 633 3048 Διανοητικὰς
661 2988 943 3056 φαντασίας.
986 2997 1197 3060 Mentis,

180 3067 243 3114 vd
266 3068 618 3135 intelligentia!
644 3072 761 3120 visa.

233 3149 283 3196 6.
302 3150 524 3215 specu-is
552 3151 793 3199 Caezhnis.
811 3153 1202 3217 cogitationibus

172 3224 279 3285 illis,
308 3247 423 3294 qnae
448 3242 644 3295 spectra
663 3233 829 3281 Catius
848 3234 1078 3295 vocabat,
1104 3239 1201 3284 Lu-

171 3309 343 3355 eretius
369 3326 523 3374 snpra
549 3309 849 3371 simulacra,
880 3314 1123 3378 Epicurus
1148 3327 1198 3364 et

170 3384 487 3437 Democritus
507 3384 708 3439 εἴδωλα.
733 3392 878 3440 Mu.

234 3484 279 3526 7.
316 3468 514 3517 Catius.
554 3470 651 3516 Hic
682 3471 875 3536 scripsit
901 3484 1115 3536 quatuor
1138 3474 1196 3522 li-

168 3543 272 3593 bros
300 3547 362 3596 de
394 3565 567 3596 rerum
594 3560 795 3609 natura,
844 3563 892 3600 et
918 3554 980 3602 de
1001 3570 1193 3603 summo

169 3622 294 3672 bono
308 3661 325 3685 ,
344 3628 409 3676 de
427 3643 534 3692 quo
554 3630 887 3691 Quintilianus
906 3667 922 3691 ,
949 3634 1018 3693 X,
1052 3649 1097 3693 1,
1124 3636 1192 3683 ita

162 3705 357 3754 suffit:
386 3710 489 3754 «In
516 3709 772 3773 Epicureis
804 3711 926 3758 levis
961 3714 1191 3776 quidem,

163 3784 243 3831 sed
264 3801 367 3834 non
385 3786 696 3848 injucundus
724 3801 889 3839 tamen
920 3803 1099 3842 auctor
1119 3804 1194 3843 est

163 3863 329 3911 satim
345 3888 387 3913 ο.
416 3866 659 3917 coenan.

225 3944 279 3990 8.
308 3946 610 4010 Gargettius.
648 3947 894 4013 Epicurus
910 3983 926 4009 ,
963 3967 991 3998 a
1026 3954 1190 4014 patria

161 4024 413 4086 Gargetto.

220 4121 276 4166 9.
300 4107 484 4157 Eu'am.
503 4109 658 4174 Lege,
684 4124 768 4160 aet
799 4113 900 4175 jam
918 4134 943 4154 ιι
967 4127 979 4160 :
1023 4112 1190 4162 admo·

1298 2521 1547 2571 difficilius
1582 2525 1746 2574 credat
1773 2544 1866 2576 nos
1891 2529 1954 2578 de
1986 2533 2154 2598 aliquo
2195 2545 2327 2605 cogi-

1294 2611 1396 2649 tare
1422 2619 1632 2652 occursu
1652 2606 2022 2658 simulacrorum
2036 2644 2050 2671 ‚
2071 2630 2217 2678 quam
2242 2636 2325 2668 eo-

1293 2681 1516 2729 rumdem
1541 2684 1743 2734 incursu
1767 2687 1934 2737 videre
1957 2693 2211 2758 quippiam
2232 2697 2326 2764 (vi-

1294 2759 1409 2808 dere
1444 2774 1607 2811 autem
1649 2781 1739 2814 nos
1767 2761 1856 2818 διὰ
1880 2773 1964 2827 τῆς
1987 2777 2081 2821 τῶν
2112 2770 2321 2827 εἰδώλων

1296 2839 1587 2907 δμπτώσιως
1629 2847 1892 2898 censebant
1928 2852 2237 2905 Democritus
2274 2870 2324 2908 et

1290 2922 1555 2985 Epicurus3
1575 2925 1712 2987 quod
1725 2927 1778 2972 in
1798 2929 2004 2991 epistola
2017 2932 2081 2980 sd
2100 2936 2319 2986 Atticum

1290 3002 1433 3050 etiam
1452 3002 1667 3050 ostendit
1687 3005 1886 3065 Cicero,
1907 3008 1960 3056 in
1981 3027 2077 3073 qua
2104 3014 2321 3079 disputat

1288 3078 1352 3128 de
1389 3081 1708 3131 fenestrarum
1745 3086 2017 3154 angustiis).
2062 3092 2212 3155 Quod
2250 3096 2321 3158 si,

1281 3158 1449 3223 inquit
1462 3195 1477 3217 ‚
1499 3160 1577 3209 his
1598 3163 1801 3226 spectris
1821 3165 1993 3214 oculos
2014 3169 2147 3218 feriri
2173 3188 2321 3235 posse

1285 3242 1606 3288 concesserim
1622 3240 1732 3305 (vix
1758 3255 1921 3293 autem
1947 3244 2044 3295 hoc
2070 3254 2318 3315 concedit,

1283 3328 1341 3365 nt
1386 3330 1577 3383 spectra
1622 3337 1774 3385 quum
1819 3324 1919 3372 sint
1973 3338 2068 3375 tam
2106 3329 2316 3395 εὐπειθῆ,

1285 3397 1455 3445 oculos
1482 3400 1624 3448 ferire
1651 3402 1898 3467 possint),
1937 3406 2024 3454 sed
2044 3408 2085 3454 si
2116 3424 2316 3461 conces-

1281 3478 1452 3537 serim,
1480 3479 1667 3542 inquit,
1696 3482 1904 3531 videbor
1937 3486 2098 3549 aliqua
2125 3492 2314 3542 ratione

1281 3556 1438 3604 facere
1455 3593 1472 3619 ,
1486 3559 1622 3621 quod
1643 3560 1815 3608 saltem
1829 3563 1985 3610 oculis
2008 3580 2198 3629 spectra
2226 3589 2309 3620 oc-

1281 3648 1515 3695 currunt,
1555 3648 1608 3686 nt
1635 3640 1830 3702 possint
1861 3644 1922 3706 τῇ
1962 3641 2226 3713 ἐμπτώσει,
2261 3665 2311 3702 et

1281 3731 1489 3764 occursu
1526 3716 1770 3766 visionem
1800 3719 2044 3771 conficere
2083 3738 2134 3775 et
2171 3734 2305 3780 exei-

1279 3804 1398 3844 tare.
1421 3795 1694 3858 Quomodo
1722 3809 1883 3847 autem
1902 3803 2092 3853 anisnus
2118 3819 2167 3856 et
2194 3804 2306 3860 διαί-

1278 3889 1383 3923 νοια.
1404 3876 1537 3924 feriri
1564 3878 1780 3941 possint:
1806 3896 1908 3929 non
1933 3884 2096 3936 video.
2115 3891 2271 3941 Vter.

1356 3954 1553 4004 munii
1570 3990 1585 4015 ,
1611 3967 1702 4004 «ut
1725 3957 1838 4008 sit».
1857 3963 1908 4010 J.
1927 3963 1991 4012 V.
2023 3964 2075 4012 1..

1357 4036 1440 4081 13.
1473 4034 1602 4094 Alii,
1639 4051 1954 4089 «occurrat».
1980 4043 2108 4092 J.v.
2131 4048 2184 4094 1..
2349 4100 2357 4107 ,

1356 4122 1433 4168 14.
1465 4112 1592 4175 Alii,
1632 4117 1916 4169 «advolabit
1942 4142 1987 4170 υ.
2027 4125 2075 4171 J.
2091 4125 2156 4173 V.
2188 4128 2248 4176 1..
