<?xml version="1.0" encoding="UTF-8"?>
<!DOCTYPE html PUBLIC "-//W3C//DTD XHTML 1.0 Transitional//EN"
    "http://www.w3.org/TR/xhtml1/DTD/xhtml1-transitional.dtd">
<html xmlns="http://www.w3.org/1999/xhtml" xml:lang="en" lang="en">
 <head>
  <title>
</title>
<meta http-equiv="Content-Type" content="text/html;charset=utf-8" />
  <meta name='ocr-system' content='tesseract 3.04.00' />
  <meta name='ocr-capabilities' content='ocr_page ocr_carea ocr_par ocr_line ocrx_word'/>
</head>
<body>
  <div class='ocr_page' id='page_1' title='image "./mtciceronisquae01bouigoog_0172.png"; bbox 0 0 3023 4773; ppageno 0'>
   <div class='ocr_carea' id='block_1_1' title="bbox 568 355 2033 440">
    <p class='ocr_par' dir='ltr' id='par_1_1' title="bbox 568 355 2033 440">
     <span class='ocr_line' id='line_1_1' title="bbox 568 355 2033 440; baseline -0.011 0"><span class='ocrx_word' id='word_1_1' title='bbox 568 369 696 440; x_wconf 74' lang='lat'>162</span> <span class='ocrx_word' id='word_1_2' title='bbox 1198 355 1291 430; x_wconf 88' lang='lat' dir='ltr'>M.</span> <span class='ocrx_word' id='word_1_3' title='bbox 1346 363 1422 429; x_wconf 87' lang='grc' dir='ltr'>Τ.</span> <span class='ocrx_word' id='word_1_4' title='bbox 1479 357 2033 429; x_wconf 86' lang='lat' dir='ltr'>CICERONIS</span> 
     </span>
    </p>
   </div>
   <div class='ocr_carea' id='block_1_2' title="bbox 1186 761 2072 886">
    <p class='ocr_par' dir='ltr' id='par_1_2' title="bbox 1186 761 2072 886">
     <span class='ocr_line' id='line_1_2' title="bbox 1186 761 2072 886; baseline -0.01 -41"><span class='ocrx_word' id='word_1_5' title='bbox 1186 763 1777 845; x_wconf 83' lang='lat' dir='ltr'>EPISTOLA</span> <span class='ocrx_word' id='word_1_6' title='bbox 1823 761 2072 886; x_wconf 16' lang='lat' dir='ltr'><strong>5x1x.</strong></span> 
     </span>
    </p>
   </div>
   <div class='ocr_carea' id='block_1_3' title="bbox 565 933 2709 1320">
    <p class='ocr_par' dir='ltr' id='par_1_3' title="bbox 565 933 2709 1320">
     <span class='ocr_line' id='line_1_3' title="bbox 565 933 2707 1034; baseline -0.012 -20"><span class='ocrx_word' id='word_1_7' title='bbox 565 951 903 1034; x_wconf 80' lang='lat' dir='ltr'><strong>Respondet</strong></span> <span class='ocrx_word' id='word_1_8' title='bbox 926 939 1155 1006; x_wconf 80' lang='lat' dir='ltr'>duabus</span> <span class='ocrx_word' id='word_1_9' title='bbox 1189 942 1487 1003; x_wconf 81' lang='lat' dir='ltr'>Ciceronis</span> <span class='ocrx_word' id='word_1_10' title='bbox 1514 938 1806 1018; x_wconf 85' lang='lat' dir='ltr'>epistolis,</span> <span class='ocrx_word' id='word_1_11' title='bbox 1841 956 1973 1015; x_wconf 85' lang='lat' dir='ltr'>quae</span> <span class='ocrx_word' id='word_1_12' title='bbox 2000 948 2134 994; x_wconf 78' lang='lat' dir='ltr'>ante</span> <span class='ocrx_word' id='word_1_13' title='bbox 2163 933 2488 1013; x_wconf 83' lang='lat' dir='ltr'>proximam</span> <span class='ocrx_word' id='word_1_14' title='bbox 2519 951 2707 1011; x_wconf 80' lang='lat' dir='ltr'>supe-</span> 
     </span>
     <span class='ocr_line' id='line_1_4' title="bbox 646 1031 2709 1122; baseline -0.012 -11"><span class='ocrx_word' id='word_1_15' title='bbox 646 1053 861 1111; x_wconf 76' lang='lat' dir='ltr'>riorem</span> <span class='ocrx_word' id='word_1_16' title='bbox 912 1048 1204 1122; x_wconf 80' lang='lat' dir='ltr'>leguntur.</span> <span class='ocrx_word' id='word_1_17' title='bbox 1247 1041 1570 1118; x_wconf 83' lang='lat' dir='ltr'>Epicureos</span> <span class='ocrx_word' id='word_1_18' title='bbox 1613 1035 1815 1095; x_wconf 81' lang='lat' dir='ltr'>laudat</span> <span class='ocrx_word' id='word_1_19' title='bbox 1856 1055 1890 1093; x_wconf 84' lang='lat' dir='ltr'>a</span> <span class='ocrx_word' id='word_1_20' title='bbox 1938 1033 2171 1094; x_wconf 84' lang='lat' dir='ltr'>virtutis</span> <span class='ocrx_word' id='word_1_21' title='bbox 2209 1031 2426 1094; x_wconf 82' lang='lat' dir='ltr'>studio.</span> <span class='ocrx_word' id='word_1_22' title='bbox 2476 1034 2709 1108; x_wconf 81' lang='lat' dir='ltr'>Cupere</span> 
     </span>
     <span class='ocr_line' id='line_1_5' title="bbox 647 1130 2705 1217; baseline -0.012 -8"><span class='ocrx_word' id='word_1_23' title='bbox 647 1149 876 1208; x_wconf 83' lang='lat' dir='ltr'>videtur</span> <span class='ocrx_word' id='word_1_24' title='bbox 891 1187 906 1214; x_wconf 95' lang='lat'>,</span> <span class='ocrx_word' id='word_1_25' title='bbox 945 1155 1012 1200; x_wconf 88' lang='lat' dir='ltr'>ut</span> <span class='ocrx_word' id='word_1_26' title='bbox 1037 1145 1229 1201; x_wconf 82' lang='lat' dir='ltr'>Caesar</span> <span class='ocrx_word' id='word_1_27' title='bbox 1256 1141 1318 1198; x_wconf 90' lang='lat' dir='ltr'>in</span> <span class='ocrx_word' id='word_1_28' title='bbox 1340 1135 1621 1217; x_wconf 79' lang='lat' dir='ltr'>Hispania</span> <span class='ocrx_word' id='word_1_29' title='bbox 1644 1134 1872 1205; x_wconf 81' lang='lat' dir='ltr'>vincat,</span> <span class='ocrx_word' id='word_1_30' title='bbox 1898 1131 2019 1210; x_wconf 79' lang='lat' dir='ltr'>jam</span> <span class='ocrx_word' id='word_1_31' title='bbox 2042 1132 2276 1209; x_wconf 73' lang='lat' dir='ltr'>cognita</span> <span class='ocrx_word' id='word_1_32' title='bbox 2301 1130 2427 1208; x_wconf 83' lang='lat' dir='ltr'>ejus</span> <span class='ocrx_word' id='word_1_33' title='bbox 2449 1130 2705 1187; x_wconf 85' lang='lat' dir='ltr'>clemen-</span> 
     </span>
     <span class='ocr_line' id='line_1_6' title="bbox 650 1225 2242 1320; baseline -0.013 -15"><span class='ocrx_word' id='word_1_34' title='bbox 650 1248 742 1305; x_wconf 82' lang='lat' dir='ltr'>tia.</span> <span class='ocrx_word' id='word_1_35' title='bbox 773 1237 1120 1320; x_wconf 81' lang='lat' dir='ltr'>(Brundisii,</span> <span class='ocrx_word' id='word_1_36' title='bbox 1153 1256 1306 1296; x_wconf 85' lang='lat' dir='ltr'>anno</span> <span class='ocrx_word' id='word_1_37' title='bbox 1339 1241 1410 1296; x_wconf 91' lang='lat' dir='ltr'>U.</span> <span class='ocrx_word' id='word_1_38' title='bbox 1438 1237 1501 1294; x_wconf 91' lang='lat' dir='ltr'>C.</span> <span class='ocrx_word' id='word_1_39' title='bbox 1529 1233 1673 1306; x_wconf 89' lang='lat'>708,</span> <span class='ocrx_word' id='word_1_40' title='bbox 1701 1251 1897 1292; x_wconf 88' lang='lat' dir='ltr'>mense</span> <span class='ocrx_word' id='word_1_41' title='bbox 1920 1225 2242 1309; x_wconf 78' lang='lat' dir='ltr'>januario.)</span> 
     </span>
    </p>
   </div>
   <div class='ocr_carea' id='block_1_4' title="bbox 1076 1421 2200 1495">
    <p class='ocr_par' dir='ltr' id='par_1_4' title="bbox 1076 1421 2200 1495">
     <span class='ocr_line' id='line_1_7' title="bbox 1076 1421 2200 1495; baseline -0.011 0"><span class='ocrx_word' id='word_1_42' title='bbox 1076 1432 1149 1495; x_wconf 92' lang='lat' dir='ltr'>C.</span> <span class='ocrx_word' id='word_1_43' title='bbox 1191 1426 1526 1495; x_wconf 85' lang='lat' dir='ltr'>CAssrUs</span> <span class='ocrx_word' id='word_1_44' title='bbox 1570 1424 1663 1490; x_wconf 89' lang='lat' dir='ltr'>M.</span> <span class='ocrx_word' id='word_1_45' title='bbox 1691 1424 1766 1487; x_wconf 89' lang='lat' dir='ltr'>T.</span> <span class='ocrx_word' id='word_1_46' title='bbox 1801 1424 1872 1488; x_wconf 94' lang='lat' dir='ltr'>C.</span> <span class='ocrx_word' id='word_1_47' title='bbox 1907 1421 1971 1487; x_wconf 91' lang='lat' dir='ltr'>S.</span> <span class='ocrx_word' id='word_1_48' title='bbox 2012 1422 2083 1486; x_wconf 93' lang='lat' dir='ltr'>P.</span> <span class='ocrx_word' id='word_1_49' title='bbox 2121 1422 2200 1485; x_wconf 93' lang='lat' dir='ltr'>D.</span> 
     </span>
    </p>
   </div>
   <div class='ocr_carea' id='block_1_5' title="bbox 573 1581 2741 3129">
    <p class='ocr_par' dir='ltr' id='par_1_5' title="bbox 573 1581 2741 3129">
     <span class='ocr_line' id='line_1_8' title="bbox 668 1581 2715 1679; baseline -0.01 -10"><span class='ocrx_word' id='word_1_50' title='bbox 668 1602 825 1669; x_wconf 90' lang='lat' dir='ltr'><strong>S.V.</strong></span> <span class='ocrx_word' id='word_1_51' title='bbox 843 1601 917 1667; x_wconf 93' lang='lat' dir='ltr'>B.</span> <span class='ocrx_word' id='word_1_52' title='bbox 937 1599 1013 1667; x_wconf 93' lang='lat' dir='ltr'>E.</span> <span class='ocrx_word' id='word_1_53' title='bbox 1036 1594 1202 1664; x_wconf 90' lang='lat' dir='ltr'>Non</span> <span class='ocrx_word' id='word_1_54' title='bbox 1223 1585 1638 1660; x_wconf 86' lang='lat' dir='ltr'><strong>mehercule</strong></span> <span class='ocrx_word' id='word_1_55' title='bbox 1662 1587 1741 1656; x_wconf 89' lang='lat' dir='ltr'>in</span> <span class='ocrx_word' id='word_1_56' title='bbox 1772 1583 1911 1655; x_wconf 84' lang='lat' dir='ltr'>bac</span> <span class='ocrx_word' id='word_1_57' title='bbox 1941 1606 2103 1654; x_wconf 81' lang='lat' dir='ltr'>mea</span> <span class='ocrx_word' id='word_1_58' title='bbox 2127 1581 2715 1679; x_wconf 83' lang='lat' dir='ltr'>peregrinatione</span> 
     </span>
     <span class='ocr_line' id='line_1_9' title="bbox 573 1689 2719 1809; baseline -0.011 -27"><span class='ocrx_word' id='word_1_59' title='bbox 573 1709 974 1809; x_wconf 87' lang='lat' dir='ltr'>quidquam</span> <span class='ocrx_word' id='word_1_60' title='bbox 1011 1700 1356 1773; x_wconf 88' lang='lat' dir='ltr'>libentius</span> <span class='ocrx_word' id='word_1_61' title='bbox 1393 1695 1619 1784; x_wconf 85' lang='lat' dir='ltr'>faci0‚</span> <span class='ocrx_word' id='word_1_62' title='bbox 1649 1718 1868 1792; x_wconf 86' lang='lat' dir='ltr'>quam</span> <span class='ocrx_word' id='word_1_63' title='bbox 1906 1690 2146 1765; x_wconf 90' lang='lat' dir='ltr'>scribo</span> <span class='ocrx_word' id='word_1_64' title='bbox 2178 1690 2267 1762; x_wconf 82' lang='lat' dir='ltr'>ad</span> <span class='ocrx_word' id='word_1_65' title='bbox 2297 1705 2369 1763; x_wconf 90' lang='lat' dir='ltr'>te</span> <span class='ocrx_word' id='word_1_66' title='bbox 2404 1718 2419 1760; x_wconf 93' lang='lat'><strong>:</strong></span> <span class='ocrx_word' id='word_1_67' title='bbox 2460 1689 2719 1761; x_wconf 84' lang='lat' dir='ltr'>videor</span> 
     </span>
     <span class='ocr_line' id='line_1_10' title="bbox 576 1800 2722 1911; baseline -0.012 -19"><span class='ocrx_word' id='word_1_68' title='bbox 576 1824 772 1892; x_wconf 89' lang='lat' dir='ltr'>enim</span> <span class='ocrx_word' id='word_1_69' title='bbox 805 1839 971 1888; x_wconf 89' lang='lat' dir='ltr'>cum</span> <span class='ocrx_word' id='word_1_70' title='bbox 997 1823 1347 1911; x_wconf 83' lang='lat' dir='ltr'>praesente</span> <span class='ocrx_word' id='word_1_71' title='bbox 1386 1807 1591 1904; x_wconf 90' lang='lat' dir='ltr'>loqui</span> <span class='ocrx_word' id='word_1_72' title='bbox 1615 1819 1688 1876; x_wconf 92' lang='lat' dir='ltr'>et</span> <span class='ocrx_word' id='word_1_73' title='bbox 1695 1804 1944 1899; x_wconf 86' lang='lat' dir='ltr'>jocari.</span> <span class='ocrx_word' id='word_1_74' title='bbox 1969 1806 2118 1875; x_wconf 90' lang='lat' dir='ltr'>Nec</span> <span class='ocrx_word' id='word_1_75' title='bbox 2147 1816 2390 1871; x_wconf 89' lang='lat' dir='ltr'>tamen</span> <span class='ocrx_word' id='word_1_76' title='bbox 2407 1800 2552 1870; x_wconf 91' lang='lat' dir='ltr'>hoc</span> <span class='ocrx_word' id='word_1_77' title='bbox 2575 1823 2722 1870; x_wconf 87' lang='lat' dir='ltr'>usu</span> 
     </span>
     <span class='ocr_line' id='line_1_11' title="bbox 575 1910 2724 2024; baseline -0.011 -21"><span class='ocrx_word' id='word_1_78' title='bbox 575 1932 777 2003; x_wconf 88' lang='lat' dir='ltr'>venit</span> <span class='ocrx_word' id='word_1_79' title='bbox 808 1938 1109 2024; x_wconf 85' lang='lat' dir='ltr'>propter</span> <span class='ocrx_word' id='word_1_80' title='bbox 1142 1933 1423 2019; x_wconf 86' lang='lat' dir='ltr'>spectra</span> <span class='ocrx_word' id='word_1_81' title='bbox 1451 1916 1745 1988; x_wconf 85' lang='lat' dir='ltr'>Catiana</span> <span class='ocrx_word' id='word_1_82' title='bbox 1766 1925 1784 1957; x_wconf 87' lang='lat'>¹</span> <span class='ocrx_word' id='word_1_83' title='bbox 1809 1941 1828 1998; x_wconf 74' lang='grc' dir='ltr'><strong>ς</strong></span> <span class='ocrx_word' id='word_1_84' title='bbox 1858 1937 1995 2012; x_wconf 89' lang='lat' dir='ltr'>pro</span> <span class='ocrx_word' id='word_1_85' title='bbox 2031 1936 2181 2010; x_wconf 92' lang='lat' dir='ltr'>quo</span> <span class='ocrx_word' id='word_1_86' title='bbox 2219 1910 2351 1982; x_wconf 90' lang='lat' dir='ltr'>tibi</span> <span class='ocrx_word' id='word_1_87' title='bbox 2387 1911 2724 2009; x_wconf 78' lang='lat' dir='ltr'>proxima</span> 
     </span>
     <span class='ocr_line' id='line_1_12' title="bbox 577 2020 2724 2140; baseline -0.011 -26"><span class='ocrx_word' id='word_1_88' title='bbox 577 2040 880 2140; x_wconf 85' lang='lat' dir='ltr'>epistola</span> <span class='ocrx_word' id='word_1_89' title='bbox 902 2049 1013 2107; x_wconf 92' lang='lat' dir='ltr'>tot</span> <span class='ocrx_word' id='word_1_90' title='bbox 1038 2034 1349 2105; x_wconf 88' lang='lat' dir='ltr'>rusticos</span> <span class='ocrx_word' id='word_1_91' title='bbox 1370 2030 1647 2102; x_wconf 87' lang='lat' dir='ltr'>Stoicos</span> <span class='ocrx_word' id='word_1_92' title='bbox 1670 2036 2065 2124; x_wconf 77' lang='lat' dir='ltr'>regeram2,</span> <span class='ocrx_word' id='word_1_93' title='bbox 2092 2039 2176 2095; x_wconf 90' lang='lat' dir='ltr'>ut</span> <span class='ocrx_word' id='word_1_94' title='bbox 2204 2024 2488 2096; x_wconf 83' lang='lat' dir='ltr'>Catium</span> <span class='ocrx_word' id='word_1_95' title='bbox 2502 2020 2724 2094; x_wconf 86' lang='lat' dir='ltr'>Athe-</span> 
     </span>
     <span class='ocr_line' id='line_1_13' title="bbox 578 2133 2722 2224; baseline -0.01 -1"><span class='ocrx_word' id='word_1_96' title='bbox 578 2157 691 2224; x_wconf 89' lang='lat' dir='ltr'>nis</span> <span class='ocrx_word' id='word_1_97' title='bbox 724 2165 976 2222; x_wconf 86' lang='lat' dir='ltr'>natum</span> <span class='ocrx_word' id='word_1_98' title='bbox 1003 2170 1158 2218; x_wconf 90' lang='lat' dir='ltr'>esse</span> <span class='ocrx_word' id='word_1_99' title='bbox 1182 2144 1398 2215; x_wconf 82' lang='lat' dir='ltr'>dicas.</span> <span class='ocrx_word' id='word_1_100' title='bbox 1420 2145 1725 2211; x_wconf 85' lang='lat' dir='ltr'><strong>Pansam</strong></span> <span class='ocrx_word' id='word_1_101' title='bbox 1749 2151 2080 2208; x_wconf 85' lang='lat' dir='ltr'>nostrum</span> <span class='ocrx_word' id='word_1_102' title='bbox 2107 2133 2425 2207; x_wconf 85' lang='lat' dir='ltr'>secunda</span> <span class='ocrx_word' id='word_1_103' title='bbox 2454 2133 2722 2205; x_wconf 84' lang='lat' dir='ltr'>volun-</span> 
     </span>
     <span class='ocr_line' id='line_1_14' title="bbox 576 2245 2730 2354; baseline -0.011 -19"><span class='ocrx_word' id='word_1_104' title='bbox 576 2280 719 2335; x_wconf 84' lang='lat' dir='ltr'>tate</span> <span class='ocrx_word' id='word_1_105' title='bbox 738 2261 1122 2332; x_wconf 88' lang='lat' dir='ltr'>hominum</span> <span class='ocrx_word' id='word_1_106' title='bbox 1149 2252 1576 2354; x_wconf 87' lang='lat' dir='ltr'>paludatum</span> <span class='ocrx_word' id='word_1_107' title='bbox 1604 2275 1694 2322; x_wconf 83' lang='lat' dir='ltr'>ex</span> <span class='ocrx_word' id='word_1_108' title='bbox 1721 2248 1922 2323; x_wconf 84' lang='lat' dir='ltr'>Urbe</span> <span class='ocrx_word' id='word_1_109' title='bbox 1955 2247 2210 2334; x_wconf 86' lang='lat' dir='ltr'>exisse,</span> <span class='ocrx_word' id='word_1_110' title='bbox 2236 2269 2467 2343; x_wconf 87' lang='lat' dir='ltr'>quum</span> <span class='ocrx_word' id='word_1_111' title='bbox 2498 2245 2730 2342; x_wconf 89' lang='lat' dir='ltr'>ipsius</span> 
     </span>
     <span class='ocr_line' id='line_1_15' title="bbox 581 2360 2729 2470; baseline -0.011 -23"><span class='ocrx_word' id='word_1_112' title='bbox 581 2397 789 2447; x_wconf 87' lang='lat' dir='ltr'>causa</span> <span class='ocrx_word' id='word_1_113' title='bbox 810 2369 1120 2470; x_wconf 64' lang='lat' dir='ltr'>gaudem</span> <span class='ocrx_word' id='word_1_114' title='bbox 1146 2381 1305 2437; x_wconf 89' lang='lat' dir='ltr'>tum</span> <span class='ocrx_word' id='word_1_115' title='bbox 1330 2360 1744 2435; x_wconf 84' lang='lat' dir='ltr'>mehercule</span> <span class='ocrx_word' id='word_1_116' title='bbox 1763 2363 1975 2432; x_wconf 79' lang='lat' dir='ltr'>etiam</span> <span class='ocrx_word' id='word_1_117' title='bbox 2006 2360 2337 2430; x_wconf 89' lang='lat' dir='ltr'>omnium</span> <span class='ocrx_word' id='word_1_118' title='bbox 2366 2370 2729 2427; x_wconf 87' lang='lat' dir='ltr'>nostrum.</span> 
     </span>
     <span class='ocr_line' id='line_1_16' title="bbox 581 2463 2734 2583; baseline -0.01 -27"><span class='ocrx_word' id='word_1_119' title='bbox 581 2490 809 2583; x_wconf 89' lang='lat' dir='ltr'>Spero</span> <span class='ocrx_word' id='word_1_120' title='bbox 831 2482 1051 2566; x_wconf 85' lang='lat' dir='ltr'>enim,</span> <span class='ocrx_word' id='word_1_121' title='bbox 1067 2476 1402 2548; x_wconf 87' lang='lat' dir='ltr'>homines</span> <span class='ocrx_word' id='word_1_122' title='bbox 1422 2472 1942 2557; x_wconf 86' lang='lat' dir='ltr'>intellecturos,</span> <span class='ocrx_word' id='word_1_123' title='bbox 1957 2483 2237 2567; x_wconf 89' lang='lat' dir='ltr'>quanto</span> <span class='ocrx_word' id='word_1_124' title='bbox 2266 2470 2360 2540; x_wconf 90' lang='lat' dir='ltr'>sit</span> <span class='ocrx_word' id='word_1_125' title='bbox 2381 2463 2734 2537; x_wconf 86' lang='lat' dir='ltr'>omnibus</span> 
     </span>
     <span class='ocr_line' id='line_1_17' title="bbox 583 2577 2736 2682; baseline -0.008 -17"><span class='ocrx_word' id='word_1_126' title='bbox 583 2593 755 2665; x_wconf 85' lang='lat' dir='ltr'>odio</span> <span class='ocrx_word' id='word_1_127' title='bbox 782 2587 1167 2662; x_wconf 87' lang='lat' dir='ltr'>crudelitas</span> <span class='ocrx_word' id='word_1_128' title='bbox 1185 2641 1204 2674; x_wconf 91' lang='lat'><strong><em>‚</em></strong></span> <span class='ocrx_word' id='word_1_129' title='bbox 1230 2600 1302 2657; x_wconf 89' lang='lat' dir='ltr'>et</span> <span class='ocrx_word' id='word_1_130' title='bbox 1320 2597 1599 2682; x_wconf 87' lang='lat' dir='ltr'>quanto</span> <span class='ocrx_word' id='word_1_131' title='bbox 1626 2582 1858 2654; x_wconf 88' lang='lat' dir='ltr'>amori</span> <span class='ocrx_word' id='word_1_132' title='bbox 1885 2579 2209 2678; x_wconf 83' lang='lat' dir='ltr'>probitas</span> <span class='ocrx_word' id='word_1_133' title='bbox 2228 2593 2302 2651; x_wconf 89' lang='lat' dir='ltr'>et</span> <span class='ocrx_word' id='word_1_134' title='bbox 2320 2577 2736 2663; x_wconf 82' lang='lat' dir='ltr'>clementia,</span> 
     </span>
     <span class='ocr_line' id='line_1_18' title="bbox 587 2684 2736 2801; baseline -0.009 -25"><span class='ocrx_word' id='word_1_135' title='bbox 587 2719 807 2801; x_wconf 83' lang='lat' dir='ltr'>atque</span> <span class='ocrx_word' id='word_1_136' title='bbox 828 2696 971 2787; x_wconf 80' lang='lat' dir='ltr'>ea³‚</span> <span class='ocrx_word' id='word_1_137' title='bbox 994 2722 1154 2795; x_wconf 85' lang='lat' dir='ltr'>quae</span> <span class='ocrx_word' id='word_1_138' title='bbox 1169 2697 1479 2767; x_wconf 80' lang='lat' dir='ltr'>maxime</span> <span class='ocrx_word' id='word_1_139' title='bbox 1504 2692 1673 2764; x_wconf 88' lang='lat' dir='ltr'>mali</span> <span class='ocrx_word' id='word_1_140' title='bbox 1702 2706 1954 2790; x_wconf 87' lang='lat' dir='ltr'>petant</span> <span class='ocrx_word' id='word_1_141' title='bbox 1981 2705 2055 2762; x_wconf 89' lang='lat' dir='ltr'>et</span> <span class='ocrx_word' id='word_1_142' title='bbox 2081 2690 2620 2788; x_wconf 81' lang='lat' dir='ltr'>concupiscant,</span> <span class='ocrx_word' id='word_1_143' title='bbox 2636 2684 2736 2757; x_wconf 81' lang='lat' dir='ltr'>ad</span> 
     </span>
     <span class='ocr_line' id='line_1_19' title="bbox 585 2802 2736 2915; baseline -0.008 -26"><span class='ocrx_word' id='word_1_144' title='bbox 585 2817 867 2889; x_wconf 73' lang='lat' dir='ltr'>bonos⁴</span> <span class='ocrx_word' id='word_1_145' title='bbox 898 2812 1296 2915; x_wconf 84' lang='lat' dir='ltr'>pervenire.</span> <span class='ocrx_word' id='word_1_146' title='bbox 1323 2805 1632 2879; x_wconf 88' lang='lat' dir='ltr'>Difficile</span> <span class='ocrx_word' id='word_1_147' title='bbox 1664 2822 1771 2878; x_wconf 87' lang='lat' dir='ltr'>est</span> <span class='ocrx_word' id='word_1_148' title='bbox 1798 2807 1993 2877; x_wconf 89' lang='lat' dir='ltr'>enim</span> <span class='ocrx_word' id='word_1_149' title='bbox 2024 2802 2458 2905; x_wconf 86' lang='lat' dir='ltr'>persuadere</span> <span class='ocrx_word' id='word_1_150' title='bbox 2489 2803 2736 2873; x_wconf 88' lang='lat' dir='ltr'>homi-</span> 
     </span>
     <span class='ocr_line' id='line_1_20' title="bbox 591 2907 2741 3011; baseline -0.008 -16"><span class='ocrx_word' id='word_1_151' title='bbox 591 2922 808 2995; x_wconf 79' lang='lat' dir='ltr'>nibus</span> <span class='ocrx_word' id='word_1_152' title='bbox 830 2976 850 3009; x_wconf 89' lang='lat'>‚</span> <span class='ocrx_word' id='word_1_153' title='bbox 892 2925 963 2992; x_wconf 78' lang='grc' dir='ltr'>τὸ</span> <span class='ocrx_word' id='word_1_154' title='bbox 997 2909 1216 2990; x_wconf 74' lang='grc' dir='ltr'>καλὸν5</span> <span class='ocrx_word' id='word_1_155' title='bbox 1264 2911 1346 2986; x_wconf 78' lang='grc' dir='ltr'>δι’</span> <span class='ocrx_word' id='word_1_156' title='bbox 1374 2919 1528 2985; x_wconf 76' lang='grc' dir='ltr'><strong>αὐτὸ</strong></span> <span class='ocrx_word' id='word_1_157' title='bbox 1565 2916 1803 3011; x_wconf 72' lang='grc' dir='ltr'>αἱρετὸν</span> <span class='ocrx_word' id='word_1_158' title='bbox 1842 2936 1998 2984; x_wconf 86' lang='lat' dir='ltr'>esse</span> <span class='ocrx_word' id='word_1_159' title='bbox 2043 2940 2059 2981; x_wconf 70' lang='grc' dir='ltr'><em>ε</em></span> <span class='ocrx_word' id='word_1_160' title='bbox 2106 2907 2332 2989; x_wconf 78' lang='grc' dir='ltr'>ἡδονὴν</span> <span class='ocrx_word' id='word_1_161' title='bbox 2385 2932 2560 2979; x_wconf 82' lang='lat' dir='ltr'>vero</span> <span class='ocrx_word' id='word_1_162' title='bbox 2577 2963 2597 2996; x_wconf 93' lang='lat'>,</span> <span class='ocrx_word' id='word_1_163' title='bbox 2661 2923 2741 2979; x_wconf 83' lang='lat' dir='ltr'>et</span> 
     </span>
     <span class='ocr_line' id='line_1_21' title="bbox 592 3018 2738 3129; baseline -0.008 -29"><span class='ocrx_word' id='word_1_164' title='bbox 592 3022 977 3129; x_wconf 74' lang='grc' dir='ltr'>ἀταραξίαν6</span> <span class='ocrx_word' id='word_1_165' title='bbox 1005 3027 1272 3095; x_wconf 84' lang='lat' dir='ltr'>virtute</span> <span class='ocrx_word' id='word_1_166' title='bbox 1292 3077 1312 3111; x_wconf 86' lang='lat'>,</span> <span class='ocrx_word' id='word_1_167' title='bbox 1345 3020 1619 3114; x_wconf 81' lang='lat' dir='ltr'>justitia</span> <span class='ocrx_word' id='word_1_168' title='bbox 1639 3073 1657 3105; x_wconf 91' lang='lat'>‚</span> <span class='ocrx_word' id='word_1_169' title='bbox 1685 3029 1777 3109; x_wconf 77' lang='grc' dir='ltr'>τῷ</span> <span class='ocrx_word' id='word_1_170' title='bbox 1806 3028 1977 3110; x_wconf 77' lang='grc' dir='ltr'>καλῷ</span> <span class='ocrx_word' id='word_1_171' title='bbox 2000 3029 2026 3073; x_wconf 86' lang='lat'>⁷</span> <span class='ocrx_word' id='word_1_172' title='bbox 2063 3018 2323 3116; x_wconf 86' lang='lat' dir='ltr'>parari,</span> <span class='ocrx_word' id='word_1_173' title='bbox 2353 3029 2427 3087; x_wconf 89' lang='lat' dir='ltr'>et</span> <span class='ocrx_word' id='word_1_174' title='bbox 2450 3038 2738 3100; x_wconf 85' lang='lat' dir='ltr'>verum,</span> 
     </span>
    </p>
   </div>
   <div class='ocr_carea' id='block_1_6' title="bbox 599 3208 2776 4157">
    <p class='ocr_par' dir='ltr' id='par_1_6' title="bbox 673 3208 2547 3286">
     <span class='ocr_line' id='line_1_22' title="bbox 673 3208 2547 3286; baseline -0.009 -16"><span class='ocrx_word' id='word_1_175' title='bbox 673 3241 691 3273; x_wconf 83' lang='grc' dir='ltr'>ι</span> <span class='ocrx_word' id='word_1_176' title='bbox 704 3260 717 3273; x_wconf 93' lang='grc'><strong>.</strong></span> <span class='ocrx_word' id='word_1_177' title='bbox 739 3224 941 3286; x_wconf 79' lang='lat' dir='ltr'>Spectm</span> <span class='ocrx_word' id='word_1_178' title='bbox 956 3213 1322 3267; x_wconf 79' lang='lat' dir='ltr'>Catiana.Vide</span> <span class='ocrx_word' id='word_1_179' title='bbox 1348 3229 1427 3278; x_wconf 81' lang='lat' dir='ltr'>ep.</span> <span class='ocrx_word' id='word_1_180' title='bbox 1448 3213 1529 3260; x_wconf 82' lang='lat'>16.</span> <span class='ocrx_word' id='word_1_181' title='bbox 1780 3212 1832 3261; x_wconf 89' lang='grc'>3.</span> <span class='ocrx_word' id='word_1_182' title='bbox 1860 3213 1955 3260; x_wconf 83' lang='lat' dir='ltr'>Ea.</span> <span class='ocrx_word' id='word_1_183' title='bbox 1975 3215 2204 3261; x_wconf 75' lang='lat' dir='ltr'>Honores</span> <span class='ocrx_word' id='word_1_184' title='bbox 2221 3243 2236 3268; x_wconf 93' lang='lat'>,</span> <span class='ocrx_word' id='word_1_185' title='bbox 2262 3208 2547 3273; x_wconf 68' lang='lat' dir='ltr'>provincia.</span> 
     </span>
    </p>

    <p class='ocr_par' dir='ltr' id='par_1_7' title="bbox 599 3286 2759 3523">
     <span class='ocr_line' id='line_1_23' title="bbox 668 3286 2754 3366; baseline -0.01 -13"><span class='ocrx_word' id='word_1_186' title='bbox 668 3321 718 3353; x_wconf 79' lang='lat' dir='ltr'>n.</span> <span class='ocrx_word' id='word_1_187' title='bbox 750 3304 1004 3366; x_wconf 73' lang='lat' dir='ltr'>Regeram.</span> <span class='ocrx_word' id='word_1_188' title='bbox 1046 3295 1228 3344; x_wconf 78' lang='lat' dir='ltr'>Contra</span> <span class='ocrx_word' id='word_1_189' title='bbox 1272 3292 1516 3354; x_wconf 80' lang='lat' dir='ltr'>objiciam.</span> <span class='ocrx_word' id='word_1_190' title='bbox 1541 3293 1620 3339; x_wconf 90' lang='lat' dir='ltr'>Tu</span> <span class='ocrx_word' id='word_1_191' title='bbox 1782 3300 1830 3347; x_wconf 80' lang='grc'>4.</span> <span class='ocrx_word' id='word_1_192' title='bbox 1855 3291 1943 3339; x_wconf 82' lang='lat' dir='ltr'>Ad</span> <span class='ocrx_word' id='word_1_193' title='bbox 1965 3292 2133 3339; x_wconf 81' lang='lat' dir='ltr'>bonos.</span> <span class='ocrx_word' id='word_1_194' title='bbox 2161 3290 2355 3338; x_wconf 77' lang='lat' dir='ltr'>Manut.</span> <span class='ocrx_word' id='word_1_195' title='bbox 2384 3287 2447 3335; x_wconf 89' lang='lat' dir='ltr'>de</span> <span class='ocrx_word' id='word_1_196' title='bbox 2483 3287 2637 3334; x_wconf 73' lang='lat' dir='ltr'>Pansa</span> <span class='ocrx_word' id='word_1_197' title='bbox 2665 3286 2754 3334; x_wconf 89' lang='lat' dir='ltr'>in·-</span> 
     </span>
     <span class='ocr_line' id='line_1_24' title="bbox 600 3365 2759 3435; baseline -0.009 -2"><span class='ocrx_word' id='word_1_198' title='bbox 600 3384 791 3433; x_wconf 77' lang='lat' dir='ltr'>Catium</span> <span class='ocrx_word' id='word_1_199' title='bbox 824 3375 1008 3427; x_wconf 67' lang='lat' dir='ltr'>notasti</span> <span class='ocrx_word' id='word_1_200' title='bbox 1039 3384 1096 3422; x_wconf 89' lang='lat' dir='ltr'>ut</span> <span class='ocrx_word' id='word_1_201' title='bbox 1133 3372 1369 3420; x_wconf 81' lang='lat' dir='ltr'>rusticum</span> <span class='ocrx_word' id='word_1_202' title='bbox 1388 3382 1450 3419; x_wconf 85' lang='lat' dir='ltr'>‹et</span> <span class='ocrx_word' id='word_1_203' title='bbox 1477 3369 1621 3419; x_wconf 84' lang='lat' dir='ltr'>indo-</span> <span class='ocrx_word' id='word_1_204' title='bbox 1712 3370 1915 3435; x_wconf 83' lang='lat' dir='ltr'>telligit:</span> <span class='ocrx_word' id='word_1_205' title='bbox 1950 3369 2036 3418; x_wconf 85' lang='lat' dir='ltr'>sed</span> <span class='ocrx_word' id='word_1_206' title='bbox 2063 3368 2287 3418; x_wconf 71' lang='lat' dir='ltr'>Cassium</span> <span class='ocrx_word' id='word_1_207' title='bbox 2303 3369 2356 3417; x_wconf 81' lang='lat' dir='ltr'>h.</span> <span class='ocrx_word' id='word_1_208' title='bbox 2379 3368 2417 3416; x_wconf 86' lang='lat' dir='ltr'>l.</span> <span class='ocrx_word' id='word_1_209' title='bbox 2454 3365 2759 3432; x_wconf 75' lang='lat' dir='ltr'>generaliter</span> 
     </span>
     <span class='ocr_line' id='line_1_25' title="bbox 599 3449 2289 3523; baseline -0.007 -13"><span class='ocrx_word' id='word_1_210' title='bbox 599 3474 767 3522; x_wconf 87' lang='lat' dir='ltr'>ctum;</span> <span class='ocrx_word' id='word_1_211' title='bbox 804 3474 899 3523; x_wconf 85' lang='lat' dir='ltr'>ego</span> <span class='ocrx_word' id='word_1_212' title='bbox 940 3466 1134 3513; x_wconf 76' lang='lat' dir='ltr'>contra,</span> <span class='ocrx_word' id='word_1_213' title='bbox 1174 3462 1249 3499; x_wconf 92' lang='lat' dir='ltr'>tot</span> <span class='ocrx_word' id='word_1_214' title='bbox 1286 3453 1498 3499; x_wconf 81' lang='lat' dir='ltr'>rusticos</span> <span class='ocrx_word' id='word_1_215' title='bbox 1529 3449 1623 3499; x_wconf 83' lang='lat' dir='ltr'>tibi</span> <span class='ocrx_word' id='word_1_216' title='bbox 1710 3451 1850 3516; x_wconf 79' lang='lat' dir='ltr'>loqui</span> <span class='ocrx_word' id='word_1_217' title='bbox 1877 3450 1995 3499; x_wconf 82' lang='lat' dir='ltr'>Sch.</span> <span class='ocrx_word' id='word_1_218' title='bbox 2015 3459 2170 3514; x_wconf 74' lang='lat' dir='ltr'>putat.</span> <span class='ocrx_word' id='word_1_219' title='bbox 2190 3450 2289 3498; x_wconf 87' lang='lat' dir='ltr'>En.</span> 
     </span>
    </p>

    <p class='ocr_par' dir='ltr' id='par_1_8' title="bbox 600 3528 2521 3594">
     <span class='ocr_line' id='line_1_26' title="bbox 600 3528 2521 3594; baseline -0.007 -5"><span class='ocrx_word' id='word_1_220' title='bbox 600 3541 791 3589; x_wconf 89' lang='lat' dir='ltr'>Stoicos</span> <span class='ocrx_word' id='word_1_221' title='bbox 806 3534 1105 3594; x_wconf 78' lang='lat' dir='ltr'>nominabo,</span> <span class='ocrx_word' id='word_1_222' title='bbox 1129 3542 1187 3580; x_wconf 87' lang='lat' dir='ltr'>ut</span> <span class='ocrx_word' id='word_1_223' title='bbox 1204 3530 1401 3590; x_wconf 76' lang='lat' dir='ltr'>Catius,</span> <span class='ocrx_word' id='word_1_224' title='bbox 1423 3546 1537 3578; x_wconf 87' lang='lat' dir='ltr'>cum</span> <span class='ocrx_word' id='word_1_225' title='bbox 1563 3530 1624 3577; x_wconf 87' lang='lat' dir='ltr'>iis</span> <span class='ocrx_word' id='word_1_226' title='bbox 1789 3532 1837 3579; x_wconf 83' lang='lat'>5.</span> <span class='ocrx_word' id='word_1_227' title='bbox 1862 3528 1928 3579; x_wconf 82' lang='grc' dir='ltr'>Τὸ</span> <span class='ocrx_word' id='word_1_228' title='bbox 1957 3528 2124 3579; x_wconf 73' lang='grc' dir='ltr'><strong>καλὸν.</strong></span> <span class='ocrx_word' id='word_1_229' title='bbox 2147 3529 2304 3594; x_wconf 71' lang='lat' dir='ltr'>Supra</span> <span class='ocrx_word' id='word_1_230' title='bbox 2331 3544 2414 3593; x_wconf 85' lang='lat' dir='ltr'>ep.</span> <span class='ocrx_word' id='word_1_231' title='bbox 2440 3543 2521 3588; x_wconf 83' lang='lat'>¹7·</span> 
     </span>
    </p>

    <p class='ocr_par' dir='ltr' id='par_1_9' title="bbox 602 3597 2776 4073">
     <span class='ocr_line' id='line_1_27' title="bbox 604 3597 2771 3678; baseline -0.006 -10"><span class='ocrx_word' id='word_1_232' title='bbox 604 3619 812 3668; x_wconf 81' lang='lat' dir='ltr'>collatus</span> <span class='ocrx_word' id='word_1_233' title='bbox 830 3653 845 3678; x_wconf 93' lang='lat'>,</span> <span class='ocrx_word' id='word_1_234' title='bbox 871 3614 1223 3665; x_wconf 71' lang='lat' dir='ltr'>urbanissimus</span> <span class='ocrx_word' id='word_1_235' title='bbox 1255 3626 1357 3658; x_wconf 86' lang='lat' dir='ltr'>esse</span> <span class='ocrx_word' id='word_1_236' title='bbox 1383 3610 1624 3659; x_wconf 77' lang='lat' dir='ltr'>videntur.</span> <span class='ocrx_word' id='word_1_237' title='bbox 1786 3608 1836 3658; x_wconf 84' lang='lat'>6.</span> <span class='ocrx_word' id='word_1_238' title='bbox 1858 3597 2041 3663; x_wconf 67' lang='grc' dir='ltr'>Ἡδονὴν</span> <span class='ocrx_word' id='word_1_239' title='bbox 2065 3624 2203 3664; x_wconf 79' lang='lat' dir='ltr'>vero,</span> <span class='ocrx_word' id='word_1_240' title='bbox 2227 3620 2277 3655; x_wconf 82' lang='lat' dir='ltr'>et</span> <span class='ocrx_word' id='word_1_241' title='bbox 2304 3601 2771 3674; x_wconf 65' lang='lat' dir='ltr'>&amp;rapu-Eiav0Volu·</span> 
     </span>
     <span class='ocr_line' id='line_1_28' title="bbox 605 3674 2773 3763; baseline -0.005 -17"><span class='ocrx_word' id='word_1_242' title='bbox 605 3701 853 3763; x_wconf 57' lang='lat' dir='ltr'>Bega-ere,</span> <span class='ocrx_word' id='word_1_243' title='bbox 874 3707 947 3744; x_wconf 83' lang='lat' dir='ltr'>est</span> <span class='ocrx_word' id='word_1_244' title='bbox 971 3696 1036 3756; x_wconf 84' lang='lat' dir='ltr'>ei,</span> <span class='ocrx_word' id='word_1_245' title='bbox 1057 3693 1145 3758; x_wconf 88' lang='lat' dir='ltr'>qui</span> <span class='ocrx_word' id='word_1_246' title='bbox 1162 3690 1347 3754; x_wconf 71' lang='lat' dir='ltr'>aliquid</span> <span class='ocrx_word' id='word_1_247' title='bbox 1365 3689 1629 3755; x_wconf 81' lang='lat' dir='ltr'>reprehen·</span> <span class='ocrx_word' id='word_1_248' title='bbox 1715 3700 1899 3755; x_wconf 71' lang='lat' dir='ltr'>putem</span> <span class='ocrx_word' id='word_1_249' title='bbox 1916 3700 1966 3737; x_wconf 91' lang='lat' dir='ltr'>et</span> <span class='ocrx_word' id='word_1_250' title='bbox 1983 3674 2166 3737; x_wconf 77' lang='lat' dir='ltr'>sutum</span> <span class='ocrx_word' id='word_1_251' title='bbox 2185 3688 2362 3736; x_wconf 84' lang='lat' dir='ltr'>mentis</span> <span class='ocrx_word' id='word_1_252' title='bbox 2378 3683 2773 3751; x_wconf 70' lang='lat' dir='ltr'>perturbatione</span> 
     </span>
     <span class='ocr_line' id='line_1_29' title="bbox 604 3764 2773 3840; baseline -0.007 -13"><span class='ocrx_word' id='word_1_253' title='bbox 604 3780 715 3837; x_wconf 71' lang='lat' dir='ltr'>dat,</span> <span class='ocrx_word' id='word_1_254' title='bbox 743 3775 929 3840; x_wconf 79' lang='lat' dir='ltr'>aliquid</span> <span class='ocrx_word' id='word_1_255' title='bbox 969 3785 1142 3823; x_wconf 69' lang='lat' dir='ltr'>contra</span> <span class='ocrx_word' id='word_1_256' title='bbox 1175 3770 1403 3833; x_wconf 84' lang='lat' dir='ltr'>objicere.</span> <span class='ocrx_word' id='word_1_257' title='bbox 1440 3768 1630 3816; x_wconf 77' lang='lat' dir='ltr'>Plinius</span> <span class='ocrx_word' id='word_1_258' title='bbox 1717 3778 1976 3817; x_wconf 71' lang='lat' dir='ltr'>carentem.</span> <span class='ocrx_word' id='word_1_259' title='bbox 2013 3771 2076 3816; x_wconf 91' lang='lat' dir='ltr'>In</span> <span class='ocrx_word' id='word_1_260' title='bbox 2105 3768 2183 3815; x_wconf 84' lang='lat' dir='ltr'>his</span> <span class='ocrx_word' id='word_1_261' title='bbox 2209 3768 2340 3814; x_wconf 85' lang='lat' dir='ltr'>enim</span> <span class='ocrx_word' id='word_1_262' title='bbox 2367 3765 2565 3813; x_wconf 85' lang='lat' dir='ltr'>duobus</span> <span class='ocrx_word' id='word_1_263' title='bbox 2589 3764 2773 3813; x_wconf 82' lang='lat' dir='ltr'>felici-</span> 
     </span>
     <span class='ocr_line' id='line_1_30' title="bbox 602 3843 2776 3918; baseline -0.006 -11"><span class='ocrx_word' id='word_1_264' title='bbox 602 3859 691 3907; x_wconf 86' lang='lat' dir='ltr'>lib.</span> <span class='ocrx_word' id='word_1_265' title='bbox 713 3858 839 3903; x_wconf 78' lang='lat' dir='ltr'>xm</span> <span class='ocrx_word' id='word_1_266' title='bbox 853 3889 869 3912; x_wconf 89' lang='lat'>,</span> <span class='ocrx_word' id='word_1_267' title='bbox 896 3870 1003 3918; x_wconf 75' lang='lat' dir='ltr'>cap.</span> <span class='ocrx_word' id='word_1_268' title='bbox 1026 3855 1087 3903; x_wconf 80' lang='lat'>15</span> <span class='ocrx_word' id='word_1_269' title='bbox 1100 3869 1114 3901; x_wconf 73' lang='lat' dir='ltr'>t</span> <span class='ocrx_word' id='word_1_270' title='bbox 1140 3847 1409 3900; x_wconf 75' lang='lat' dir='ltr'>«Confines</span> <span class='ocrx_word' id='word_1_271' title='bbox 1425 3848 1472 3897; x_wconf 87' lang='lat' dir='ltr'>ei</span> <span class='ocrx_word' id='word_1_272' title='bbox 1492 3849 1631 3895; x_wconf 69' lang='lat' dir='ltr'>Man·</span> <span class='ocrx_word' id='word_1_273' title='bbox 1719 3860 1867 3898; x_wconf 76' lang='lat' dir='ltr'>tatem</span> <span class='ocrx_word' id='word_1_274' title='bbox 1884 3850 2080 3898; x_wconf 70' lang='lat' dir='ltr'>locabat</span> <span class='ocrx_word' id='word_1_275' title='bbox 2100 3847 2368 3913; x_wconf 82' lang='lat' dir='ltr'>Epicurus:</span> <span class='ocrx_word' id='word_1_276' title='bbox 2398 3844 2535 3910; x_wconf 85' lang='lat' dir='ltr'>quod</span> <span class='ocrx_word' id='word_1_277' title='bbox 2562 3843 2776 3893; x_wconf 68' lang='lat' dir='ltr'>Plutar-</span> 
     </span>
     <span class='ocr_line' id='line_1_31' title="bbox 605 3924 2773 3999; baseline -0.006 -14"><span class='ocrx_word' id='word_1_278' title='bbox 605 3938 647 3985; x_wconf 79' lang='lat' dir='ltr'>ri</span> <span class='ocrx_word' id='word_1_279' title='bbox 669 3952 682 3985; x_wconf 72' lang='grc' dir='ltr'><strong><em>ε</em></strong></span> <span class='ocrx_word' id='word_1_280' title='bbox 728 3933 906 3999; x_wconf 87' lang='lat' dir='ltr'>quibus</span> <span class='ocrx_word' id='word_1_281' title='bbox 948 3932 1155 3995; x_wconf 76' lang='lat' dir='ltr'>plurima</span> <span class='ocrx_word' id='word_1_282' title='bbox 1190 3928 1337 3977; x_wconf 75' lang='lat' dir='ltr'>arbor</span> <span class='ocrx_word' id='word_1_283' title='bbox 1374 3926 1541 3988; x_wconf 81' lang='lat' dir='ltr'>cedri,</span> <span class='ocrx_word' id='word_1_284' title='bbox 1578 3937 1629 3975; x_wconf 87' lang='lat' dir='ltr'>et</span> <span class='ocrx_word' id='word_1_285' title='bbox 1716 3928 1825 3986; x_wconf 86' lang='lat' dir='ltr'>chi,</span> <span class='ocrx_word' id='word_1_286' title='bbox 1866 3928 2043 3977; x_wconf 76' lang='lat' dir='ltr'>Laertii</span> <span class='ocrx_word' id='word_1_287' title='bbox 2062 3965 2078 3991; x_wconf 86' lang='lat'>‚</span> <span class='ocrx_word' id='word_1_288' title='bbox 2118 3939 2168 3977; x_wconf 86' lang='lat' dir='ltr'>ct</span> <span class='ocrx_word' id='word_1_289' title='bbox 2203 3926 2409 3975; x_wconf 69' lang='lat' dir='ltr'>aliorum</span> <span class='ocrx_word' id='word_1_290' title='bbox 2455 3924 2773 3973; x_wconf 69' lang='lat' dir='ltr'>testimoniis</span> 
     </span>
     <span class='ocr_line' id='line_1_32' title="bbox 607 4006 2157 4073; baseline -0.005 -9"><span class='ocrx_word' id='word_1_291' title='bbox 607 4028 875 4064; x_wconf 76' lang='lat' dir='ltr'>mensarum</span> <span class='ocrx_word' id='word_1_292' title='bbox 908 4011 1093 4058; x_wconf 66' lang='lat' dir='ltr'>innuis</span> <span class='ocrx_word' id='word_1_293' title='bbox 1115 4025 1128 4059; x_wconf 90' lang='lat'>:</span> <span class='ocrx_word' id='word_1_294' title='bbox 1155 4026 1275 4073; x_wconf 76' lang='lat' dir='ltr'>quas</span> <span class='ocrx_word' id='word_1_295' title='bbox 1302 4008 1493 4056; x_wconf 62' lang='lat' dir='ltr'>femina</span> <span class='ocrx_word' id='word_1_296' title='bbox 1514 4006 1629 4053; x_wconf 81' lang='lat' dir='ltr'>viris</span> <span class='ocrx_word' id='word_1_297' title='bbox 1717 4007 1973 4070; x_wconf 69' lang='lat' dir='ltr'>probetur.</span> <span class='ocrx_word' id='word_1_298' title='bbox 2007 4007 2157 4056; x_wconf 64' lang='lat' dir='ltr'>Mn«.</span> 
     </span>
    </p>

    <p class='ocr_par' dir='ltr' id='par_1_10' title="bbox 605 4082 2658 4157">
     <span class='ocr_line' id='line_1_33' title="bbox 605 4082 2658 4157; baseline -0.007 -12"><span class='ocrx_word' id='word_1_299' title='bbox 605 4108 774 4145; x_wconf 75' lang='lat' dir='ltr'>contra</span> <span class='ocrx_word' id='word_1_300' title='bbox 798 4090 1077 4157; x_wconf 71' lang='lat' dir='ltr'>margaritas</span> <span class='ocrx_word' id='word_1_301' title='bbox 1101 4098 1329 4151; x_wconf 81' lang='lat' dir='ltr'>regerunt</span> <span class='ocrx_word' id='word_1_302' title='bbox 1342 4109 1384 4135; x_wconf 75' lang='grc' dir='ltr'>ιο.</span> <span class='ocrx_word' id='word_1_303' title='bbox 1419 4088 1558 4141; x_wconf 61' lang='lat' dir='ltr'>Mur.</span> <span class='ocrx_word' id='word_1_304' title='bbox 1794 4104 1839 4148; x_wconf 79' lang='lat'>7.</span> <span class='ocrx_word' id='word_1_305' title='bbox 1865 4090 1944 4153; x_wconf 79' lang='grc' dir='ltr'>Τῷ</span> <span class='ocrx_word' id='word_1_306' title='bbox 1969 4090 2120 4153; x_wconf 68' lang='grc' dir='ltr'><strong>καλῷ.</strong></span> <span class='ocrx_word' id='word_1_307' title='bbox 2147 4087 2396 4142; x_wconf 75' lang='lat' dir='ltr'>nonesto,</span> <span class='ocrx_word' id='word_1_308' title='bbox 2424 4082 2658 4146; x_wconf 82' lang='lat' dir='ltr'>pulchro.</span> 
     </span>
    </p>
   </div>
  </div>
 </body>
</html>
