3023 4773
629 439 769 519 224
1577 433 1811 500 VITA

623 557 936 645 ritimam
967 565 1465 648 sumptuosam
1502 550 1742 620 villam
1773 578 1789 621 ε
1831 576 2072 649 neque
2110 557 2186 623 in
2219 552 2454 638 Italia,
2494 568 2754 650 prteter

624 663 1134 747 Ardeatinam,
1178 675 1252 730 et
1301 663 1883 748 Nomentanum,
1945 666 2299 733 rusticum
2357 662 2749 759 praedium:

623 776 1008 870 omnisque
1036 771 1098 866 ej
1108 795 1192 842 us
1216 773 1534 867 pecuniae
1554 768 1826 841 reditus
1848 770 2223 843 constabat
2248 774 2325 841 in
2344 772 2747 867 EpiroticiS,

626 899 700 957 et
749 882 1049 955 urbanis
1092 878 1703 978 possessionibus,
1763 905 1852 951 ex
1900 905 2050 977 quo
2092 884 2429 978 cognosci
2473 896 2748 977 potest,

626 1020 795 1068 eum
857 1017 1068 1066 usum
1110 991 1434 1087 pecuniae
1485 1016 1639 1060 non
1690 990 2228 1086 magnitudine,
2284 990 2409 1061 sed
2466 993 2747 1061 ratione

626 1108 864 1177 metiri
909 1102 1224 1203 solitum.

723 1218 876 1286 XV.
912 1211 1370 1282 Mendacium
1390 1234 1631 1307 neque
1651 1209 1977 1297 dicebat,
2008 1236 2246 1307 neque
2277 1212 2427 1308 pati
2447 1225 2752 1308 poterat.

626 1334 878 1424 Itaque
922 1323 1078 1416 ejus
1128 1323 1428 1392 comitas
1464 1344 1615 1390 non
1654 1322 1809 1391 sine
1850 1324 2227 1392 severitate
2272 1335 2451 1407 erat,
2509 1345 2755 1417 neque

627 1436 931 1535 gravitas
985 1431 1139 1502 sine
1193 1427 1524 1500 facilitate
1564 1456 1580 1497 :
1634 1442 1717 1499 ut
1768 1427 2060 1501 difficile
2107 1445 2293 1501 esset
2340 1430 2753 1514 intellectu,

628 1562 873 1619 utrum
899 1565 1068 1613 eum
1080 1542 1289 1611 amici
1320 1543 1545 1635 magis
1569 1554 2015 1628 vererentur,
2036 1565 2128 1610 an
2155 1555 2501 1611 amarent.
2526 1538 2755 1629 Quid-

625 1655 804 1756 quid
841 1651 1256 1749 rogabatur,
1294 1648 1624 1745 religiose
1661 1648 2163 1746 promittebat3
2215 1649 2417 1747 quod
2463 1675 2614 1719 non
2667 1650 2756 1719 li·-

622 1765 906 1850 beralis,
927 1760 1055 1833 sed
1088 1761 1260 1830 levis
1288 1757 1791 1845 arbitrabatur,
1822 1759 2169 1857 polliceri,
2190 1759 2392 1855 quod
2417 1774 2757 1856 praestare

628 1903 780 1949 non
816 1885 1076 1973 posset.
1129 1867 1392 1939 Idem
1375 1894 1449 1937 in
1491 1866 1792 1938 nitendo
1840 1867 2039 1964 quod
2078 1868 2297 1965 semel
2341 1870 2760 1954 annuisset,

627 2000 826 2058 tanta
873 1995 1023 2053 erat
1075 2003 1283 2062 cura,
1340 1992 1422 2047 ut
1476 2001 1628 2047 non
1687 1977 2135 2064 mandatam,
2180 1977 2306 2049 sed
2347 2002 2547 2048 suam
2594 2003 2757 2049 rem

625 2094 995 2165 videretur
1026 2114 1258 2186 agere.
1291 2090 1704 2184 Numquam
1738 2089 2050 2184 suscepti
2079 2090 2349 2184 negotii
2386 2112 2550 2159 eum
2589 2113 2761 2186 per-

625 2222 874 2277 taesum
926 2215 1052 2271 est.
1113 2203 1328 2269 Suam
1367 2201 1562 2268 enim
1599 2199 2194 2268 existimationem
2247 2199 2319 2267 in
2368 2223 2452 2269 ea
2500 2224 2580 2270 re
2637 2202 2761 2295 agi

624 2309 925 2414 putabat
948 2338 962 2379 :
984 2334 1127 2408 qua
1157 2307 1338 2377 nihil
1365 2306 1680 2377 habebat
1714 2309 1962 2380 carius.
2001 2309 2166 2398 Quo
2192 2306 2447 2397 fiebat,
2482 2324 2563 2379 nt
2599 2334 2763 2380 oni·

629 2427 742 2496 nia
782 2425 1210 2495 Ciceronum
1233 2473 1252 2504 ,
1288 2421 1617 2504 Catonis,
1648 2421 1895 2503 Marii,
1924 2422 2010 2510 Q.
2044 2420 2436 2506 Hortensii,
2472 2423 2551 2490 A.
2571 2425 2761 2491 Tor-

629 2537 865 2633 quati,
916 2530 1313 2601 multorum
1361 2544 1704 2625 praeterea
1739 2531 2067 2627 equitum
2104 2556 2573 2602 romanorum
2622 2558 2763 2603 ne-

623 2650 813 2746 gotia
838 2656 1277 2743 procuraret.
1307 2645 1409 2710 Ex
1435 2666 1584 2736 quo
1606 2640 1909 2734 judicari
1938 2656 2255 2739 poterat,
2280 2667 2429 2713 non
2456 2644 2719 2713 inertia
2737 2699 2760 2730 ‚

624 2758 750 2833 sed
780 2756 1054 2852 judicio
1090 2750 1351 2848 fugisse
1388 2751 1800 2849 reipublicae
1835 2753 2435 2850 procurationem.

713 2859 910 2939 XVI.
958 2863 1434 2935 Humanitatis
1468 2886 1640 2931 vero
1677 2862 1961 2932 nullum
1998 2859 2254 2933 afferre
2293 2863 2516 2957 majus
2554 2865 2766 2934 testi-

626 2980 956 3050 monium
996 3000 1326 3073 possum,
1387 2996 1609 3069 quam
1644 2971 1847 3068 quod
1891 2972 2310 3044 adolescens
2354 2972 2546 3043 idern
2593 2976 2763 3044 seni

625 3090 835 3163 Sullae
854 3086 1069 3158 fuerit
1087 3081 1650 3180 jucundissimus
1668 3137 1687 3170 ‚
1703 3106 1919 3153 senex
1937 3082 2371 3153 adolescenti
2392 3087 2490 3152 M.
2510 3088 2769 3170 Bruto;

628 3226 790 3274 cum
830 3194 1225 3294 aequalibus
1257 3207 1499 3263 autem
1537 3192 1684 3262 suis
1720 3193 1806 3281 Q.
1844 3191 2260 3277 Hortensi0‚
2302 3204 2372 3260 et
2407 3193 2502 3258 M.
2543 3189 2766 3260 Cice-

630 3335 809 3382 rone
829 3310 927 3379 sic
946 3305 1236 3390 vixerit,
1263 3317 1346 3372 ut
1365 3301 1689 3395 judicare
1718 3299 2007 3372 difficile
2031 3303 2161 3387 sit,
2188 3296 2770 3371 cui‘etatifuerit

630 3421 1082 3520 aptissimus:
1118 3439 1560 3537 quamquam
1598 3439 1764 3485 eum
1799 3415 2157 3512 praecipue
2186 3412 2430 3484 dilexit
2456 3411 2765 3499 Cicer0‚

632 3547 712 3601 ut
752 3557 843 3602 ne
883 3528 1101 3600 frater
1135 3523 1432 3623 quidem
1483 3526 1549 3595 ci
1586 3526 1905 3614 Quintus
1936 3524 2169 3594 carior
2202 3520 2447 3610 fuerit,
2482 3533 2603 3590 aut
2643 3518 2770 3590 fa—

629 3641 993 3711 miliarior.
1026 3639 1109 3709 Ei
1134 3638 1239 3707 rei
1263 3649 1432 3706 sunt
1460 3634 1754 3719 indicio,
1784 3647 2041 3731 praetcr
2072 3657 2196 3702 eos
2228 3631 2504 3717 libros,
2487 3655 2565 3698 ιιι
2592 3632 2779 3726 qui-

629 3749 768 3820 bus
790 3749 879 3820 de
900 3774 989 3819 eo
1010 3745 1175 3819 facit
1193 3745 1663 3830 mentionem,
1680 3744 1898 3839 quiin
1918 3742 2170 3838 vulgus
2182 3742 2329 3835 jam
2356 3755 2527 3812 sunt
2553 3740 2774 3828 editi,

627 3859 985 3933 sexdecim
1018 3859 1386 3929 volumina
1420 3852 1884 3952 epistolarum
1917 3851 2007 3922 ab
2037 3851 2416 3924 consulatu
2445 3853 2604 3946 ejus
2640 3878 2780 3924 us—

629 3996 773 4067 que
809 3967 899 4039 ad
935 3981 1336 4038 extremum
1370 3982 1659 4062 tempus
1688 3963 1776 4034 ad
1798 3966 2107 4034 Atticum
2141 3966 2559 4033 missarum:
2591 3989 2779 4061 quae

627 4083 753 4179 qui
788 4079 1008 4175 legat,
1044 4101 1192 4146 non
1226 4077 1533 4147 multum
1563 4073 1916 4147 desideret
1943 4073 2310 4144 historiam
2338 4087 2777 4145 contextam

2856 3310 2887 3325 Q
