3023 4773
398 451 496 518 M.
525 450 605 516 T.
642 448 832 519 CIC.
874 449 1183 516 EPIST.
1231 448 1363 515 AD
1414 446 1924 532 ATUCUM,
1960 447 2119 531 111,
2159 467 2222 514 1.
2267 444 2408 529 425

297 569 564 666 perlata
602 569 755 639 lex'·
806 582 934 638 est.
982 566 1315 638 Pluribus
1356 565 1592 637 verbis
1640 580 1878 637 tecum
1915 591 2236 663 agerem,
2270 568 2411 639 uisi

296 683 431 776 pro
466 704 580 750 me
616 677 811 776 apud
840 690 911 747 te
947 701 1062 747 res
1093 682 1247 776 ipsa
1282 678 1722 774 loqueretur.

365 850 413 897 4.
444 844 558 890 Leae.
583 844 691 904 Qun
719 845 774 890 1..
799 838 966 889 Pisoni
996 841 1282 889 Macedonia
1309 851 1383 889 eet
1406 840 1537 891 date.
1564 841 1702 888 Orat.
1722 855 1817 904 pro
1842 841 1989 887 Dom.
2015 839 2159 887 Mur.

1745 1027 2418 1048 mmm-mmmm

684 1029 1200 1050 mmmm

956 1195 1560 1276 EPISTOLA
1632 1197 1749 1275 11.
2283 1259 2362 1288 f.
2453 1142 2458 1152 ’

293 1347 519 1407 Itineris
550 1365 777 1417 causam
809 1348 1083 1426 exponit,
1110 1361 1168 1406 et
1196 1349 1245 1406 si
1275 1347 1506 1406 Atticus
1529 1348 1785 1418 venerit,
1817 1366 1879 1404 se
1909 1346 2213 1405 eonsilium
2238 1345 2414 1403 totius

373 1447 454 1505 rei
512 1460 817 1525 capturum
861 1447 1153 1524 significat.
1204 1446 1295 1525 (Iu
1341 1447 1459 1506 oris
1500 1445 1795 1515 Lucaniae,
1842 1464 1993 1504 anno
2042 1449 2115 1503 U.
2159 1449 2223 1504 C.
2263 1443 2411 1520 695,

372 1563 563 1603 meuse
589 1544 803 1623 aprili.)

956 1695 1271 1760 CICERO
1315 1694 1629 1758 ATTICO
1676 1693 1740 1757 S.
1767 1715 1770 1720 ³

386 1831 694 1897 I‘rmnms
743 1829 976 1898 nostri
1014 1852 1226 1898 causa
1262 1823 1431 1914 fuit,
1475 1824 1680 1923 quod
1715 1849 1865 1896 non
1912 1822 2270 1894 habebam
2309 1823 2416 1891 lo-

289 1959 496 2019 cum,
534 1934 664 2005 ubi
700 1959 836 2032 pro
863 1961 1027 2006 meo
1051 1935 1212 2029 jure
1237 1934 1510 2005 diutius
1541 1960 1692 2006 esse
1727 1958 2050 2032 possem,
2092 1954 2311 2028 quam
2341 1931 2419 1999 in
2459 1983 2464 1988 .

287 2040 606 2113 fundum
648 2047 862 2115 sicae¹
899 2070 919 2130 3
975 2044 1370 2140 praesertim
1423 2044 1756 2114 nondum
1798 2046 2213 2139 rogatione²
2255 2064 2416 2110 cor-

288 2166 518 2222 recta:
542 2166 612 2222 et
640 2152 852 2223 simul
874 2152 1364 2249 intelligebam
1382 2205 1402 2238 ‚
1429 2177 1519 2221 ex
1541 2177 1630 2221 eo
1649 2152 1843 2237 loco,
1869 2153 1925 2221 si
1945 2164 2016 2222 te
2034 2149 2375 2220 haberem
2395 2203 2416 2233 ‚

288 2287 500 2359 posse
526 2287 643 2333 me
669 2261 1128 2333 Brundisium
1157 2257 1509 2347 referre-³3
1541 2264 1695 2331 sine
1723 2274 1794 2331 te
1823 2274 2060 2330 autem
2084 2284 2234 2329 non
2265 2283 2417 2329 esse

287 2370 504 2443 nobis
533 2371 684 2444 illas
701 2389 939 2471 partes
959 2372 1306 2447 tenendas
1321 2386 1621 2470 propter
1643 2373 2077 2444 Autronium
2094 2375 2152 2438 4.
2171 2375 2383 2443 Nunc
2396 2424 2415 2452 ‚

288 2497 371 2552 ut
404 2481 495 2552 ad
542 2497 613 2554 te
648 2498 857 2554 antea
898 2486 1187 2582 scripsi,
1230 2487 1289 2554 si
1339 2483 1428 2554 ad
1477 2507 1611 2553 nos
1656 2483 1977 2568 veneris,
2035 2480 2416 2553 consilium

290 2591 508 2687 totius
537 2594 638 2662 rei
676 2594 1061 2689 capiemus.
1102 2599 1248 2665 Iter
1285 2618 1438 2664 esse
1476 2593 1860 2663 molestum
1898 2592 2082 2680 scio;
2112 2589 2240 2662 sed
2267 2603 2418 2661 tota

362 2790 406 2825 1.
426 2780 485 2824 In
488 2774 708 2841 fundum
724 2778 861 2830 Sicoe.
879 2780 1078 2828 Fundus
1089 2779 1170 2827 hie
1185 2780 1305 2827 Sica
1395 2789 1507 2825 tur:
1541 2778 1628 2825 sed
1657 2795 1761 2825 eam
1788 2780 2069 2843 priusquam
2098 2779 2273 2836 ferret,
2302 2794 2416 2824 cor·

284 2866 388 2902 erat
411 2873 562 2921 prope
579 2859 848 2918 Vibonem,
876 2875 977 2921 quo
1002 2860 1176 2908 Cicero
1200 2858 1304 2906 ibat

286 2948 349 2980 eo
382 2937 609 2996 coneilio,
649 2948 702 2985 ut
735 2938 849 2985 inde
886 2938 940 2985 iu
973 2937 1184 2986 Siciliam
1220 2950 1305 2987 aut

290 3011 491 3060 Meliten
519 3026 761 3079 pergeret,
787 3016 954 3080 ibique
989 3027 1225 3075 maneret,
1261 3019 1304 3065 ei

286 3090 380 3138 eibi
417 3109 503 3156 per
539 3095 690 3158 legem
731 3095 953 3146 Clodiam
993 3096 1177 3143 liceret.
1217 3097 1302 3145 Sin

286 3172 475 3234 minue,
507 3172 785 3221 decreverat
815 3174 1126 3222 Brundisium
1149 3192 1200 3222 se
1225 3192 1303 3223 re-

286 3250 437 3310 ῖοι-τος
472 3262 519 3299 et
551 3252 663 3299 inde
696 3253 811 3300 navi
842 3254 1077 3301 Graecinm
1110 3262 1300 3317 petere:

284 3329 368 3376 eui
401 3331 697 3394 navigationi
723 3347 825 3379 non
851 3331 1060 3379 audebat
1085 3348 1136 3379 se
1170 3348 1304 3379 eom·

284 3408 474 3457 mittere
516 3421 715 3474 propter
744 3411 995 3459 inimicum
1021 3427 1164 3458 suum
1197 3413 1305 3458 Au-

285 3488 522 3550 tronium,
539 3491 624 3552 qui
638 3491 689 3536 in
703 3491 887 3537 Gracia
904 3490 1168 3537 exsulabat.
1185 3490 1305 3538 Ideo

281 3567 451 3614 scribit
481 3567 575 3615 sibi
608 3568 837 3616 tenendas
869 3585 974 3618 non
1006 3585 1108 3617 esse
1142 3582 1303 3634 partes

284 3645 390 3692 illae
411 3646 516 3693 sine
542 3647 728 3695 Attico.
756 3650 869 3694 Bos.
892 3676 960 3684 —
980 3650 1041 3694 In
1057 3647 1298 3711 fiendum,

281 3740 376 3787 pro
400 3723 644 3789 infimdo.
668 3728 743 3774 De
763 3727 858 3774 hoe
876 3726 1112 3790 loquendi
1131 3743 1303 3791 genere

279 3803 433 3851 multa
464 3809 539 3851 Fr.
566 3805 787 3852 Sanctius
810 3806 859 3852 in
886 3805 1126 3853 Minerva.

354 3898 403 3928 2.
434 3883 668 3930 Nondum
694 3885 963 3948 rogatione.
992 3884 1194 3933 Clodius
1222 3902 1299 3933 ro-

276 3961 525 4022 gationem
544 3963 930 4025 promulgavernt
949 3974 998 4010 et
1014 3964 1195 4026 peracri
1199 3981 1303 4028 pse-

283 4049 361 4085 rat
373 4044 633 4101 generatim
652 4042 758 4089 siue
773 4043 866 4089 ulla
885 4038 983 4089 loci
997 4044 1300 4107 exceptione,

282 4118 354 4165 Ut
374 4120 445 4168 M.
464 4121 690 4169 Ciceroni
707 4137 830 4184 aqua
848 4133 895 4170 et
920 4123 1020 4186 igni
1042 4122 1299 4170 interdica-

1391 2857 1545 2916 rexit‚
1579 2856 1751 2905 tddito
1789 2858 1886 2906 boe
1922 2860 2113 2922 capite,
2145 2858 2214 2905 Ut
2245 2857 2290 2904 ei
2316 2859 2412 2902 nisi

1389 2937 1517 2986 ultra
1535 2936 1883 3001 quadringenta
1905 2939 2055 2986 millia
2071 2938 2134 2986 ab
2152 2936 2291 2986 Italia
2308 2952 2412 2983 non

1388 3016 1556 3064 liceret
1579 3032 1697 3064 esse.
1723 3019 1892 3079 Itaque
1911 3016 2131 3063 nondum
2159 3014 2412 3079 rogatione

1390 3107 1610 3143 correcta
1647 3096 1821 3144 Cicero
1859 3110 1961 3141 non
2002 3094 2213 3141 habebat
2246 3093 2412 3140 locum

1390 3174 1476 3221 ubi
1499 3185 1611 3222 tuto
1631 3191 1733 3222 esse
1753 3185 1920 3239 posset
1934 3207 1949 3231 ,
1969 3173 2056 3222 ned
2078 3170 2212 3237 apud
2230 3172 2412 3219 amieos

1390 3254 1440 3300 in
1467 3254 1596 3318 agris
1619 3254 1859 3302 latitabat.
1888 3255 2090 3302 Foru.

1463 3334 1514 3380 3.
1541 3333 1846 3380 Brundisium
1859 3329 2057 3396 refim.
2077 3329 2135 3378 Id
2149 3341 2221 3378 eet
2234 3362 2249 3387 ‚
2266 3330 2414 3375 Brun-

1392 3411 1571 3459 disium
1604 3413 1792 3476 regredi
1810 3447 1824 3471 ,
1872 3413 1985 3476 quin
2021 3409 2267 3458 Vibonem
2301 3423 2414 3471 pro-

1392 3491 1547 3537 fectus
1587 3491 1896 3538 Brundisium
1944 3505 2075 3554 pone
2128 3487 2413 3550 reliquerat,

1390 3584 1491 3631 quo
1535 3568 1630 3633 ipsi
1671 3568 1977 3617 remeandum
2021 3576 2121 3614 erat
2136 3599 2151 3623 ,
2198 3576 2252 3612 ut
2298 3564 2414 3612 inde

1393 3649 1647 3706 Graeciam,
1658 3650 1842 3696 autinA
1850 3648 1968 3694 siam
1978 3662 2027 3693 se
2040 3645 2412 3692 conferret-Bos.

1464 3736 1511 3784 4.
1542 3726 1850 3774 Autronium.
1865 3727 1923 3772 P.
1941 3725 2248 3781 Autronium,
2261 3738 2412 3770 unum

1390 3823 1449 3855 ex
1472 3804 1765 3866 conjuratis,
1791 3805 1876 3867 qui
1903 3803 1955 3850 in
1982 3802 2080 3849 illie
2107 3802 2325 3866 pertibus
2351 3802 2413 3849 de

1392 3886 1441 3933 vi
1459 3874 1710 3933 demontus
1726 3882 1996 3942 exsulabat,
2017 3882 2239 3931 Ciceroni
2260 3881 2419 3928 insen-

1390 3980 1496 4011 sum
1522 3962 1705 4010 vindici
1734 3962 2105 4023 conjurationis.
2142 3962 2236 4008 Pro
2260 3959 2411 4015 Sulla,

1391 4059 1497 4107 cap.
1519 4043 1573 4090 6.
1604 4022 1728 4090 Saine
1761 4040 1953 4088 exsules
1987 4040 2238 4102 conjuncti
2280 4039 2415 4087 Cice-

1389 4123 1496 4169 roni
1520 4120 1718 4167 insidias
1739 4120 1991 4185 parabant.
2016 4120 2110 4168 En.
