3023 4773
848 403 1423 487 EPISTOLAE‚
1474 404 1693 483 XVI,
1727 400 1840 472 23.
2285 423 2416 495 ¹99

276 578 365 596 m
371 578 1296 605 mmmmm-”mm
1305 585 1579 605 mmm
1584 579 2415 604 mmm-”mmmm

849 749 1439 837 EPISTOLA
1495 750 1839 829 XXIII.

267 889 580 957 Hortatur,
615 902 678 947 ut
699 866 1123 968 professionem
1147 893 1446 964 conficiat,
1488 891 1807 970 scribitque
1835 889 2036 953 sibiin
2068 890 2260 948 animo
2292 908 2413 947 esse

386 985 703 1044 amicitiam
726 989 968 1046 Antonii
998 1009 1360 1048 conservare.
1405 989 1717 1069 (PuteoliS‚
1747 1008 1900 1046 anno
1932 990 2007 1047 U.
2038 990 2100 1045 C.
2129 984 2291 1062 709.l

712 1162 1072 1228 TULLIUS
1118 1163 1420 1228 TIRONI
1466 1163 1631 1227 SUO
1688 1164 1750 1228 S.
1794 1164 1864 1228 P.
1892 1163 1972 1227 D.

363 1297 471 1364 Tu
511 1319 687 1365 vero
732 1294 1010 1368 confice
1048 1296 1574 1395 professionem
1603 1309 1655 1385 ¹,
1693 1299 1753 1369 si
1796 1312 2043 1395 potes:
2088 1297 2221 1368 etsi
2268 1294 2415 1365 haec

263 1407 581 1501 pecunia
620 1430 712 1477 ex
750 1430 838 1478 eo
877 1432 1139 1505 genere
1187 1424 1329 1496 est,
1377 1421 1458 1479 ut
1490 1406 1959 1506 professione.
1986 1433 2135 1479 non
2179 1420 2406 1503 egeat.
2438 1450 2441 1453 -

265 1518 819 1587 Verumtamen²
840 1517 1100 1590 Balbus
1116 1517 1207 1589 ad
1229 1543 1344 1590 me
1370 1520 1657 1615 scripsit
1678 1573 1696 1604 ,
1735 1531 1932 1587 tanta
1954 1541 2031 1587 se
2062 1513 2413 1614 epiphora

266 1649 746 1723 oppressum,
799 1642 884 1698 ut
921 1627 1124 1726 loqui
1181 1654 1332 1700 non
1383 1629 1611 1727 possit
1628 1625 1683 1716 ³,
1726 1631 2082 1699 Antonius
2124 1628 2215 1698 de
2255 1626 2413 1723 lege

260 1734 446 1832 quid
495 1737 742 1834 egerit.
798 1739 1042 1809 Liceat
1078 1738 1300 1809 modo
1340 1741 1670 1811 rusticari
1687 1742 1741 1809 ⁴.
1794 1736 1904 1809 Ad
1949 1735 2409 1833 Bithynicum

263 1846 543 1943 scripsi.
591 1849 703 1917 De
742 1847 1085 1920 Servilio⁵
1142 1864 1219 1920 tu
1252 1847 1555 1937 videri5‚
1592 1851 1723 1948 qui
1763 1861 2214 1920 senectutem
2257 1871 2409 1916 non

261 1957 696 2028 contemnis.
721 1958 871 2028 Etsi
889 1961 1168 2034 Atticus
1191 1975 1459 2047 noster,
1487 1964 1658 2057 quia
1686 1958 2057 2058 quondam
2089 1984 2205 2030 me
2232 1981 2413 2029 com·

265 2065 545 2133 moveri
598 2061 921 2147 ἰι-επινικωὶξ6
974 2066 1332 2138 intellexit
1353 2122 1372 2151 ‚
1423 2065 1615 2137 idem
1657 2090 1944 2163 semper
1985 2080 2223 2164 putat,
2275 2089 2408 2136 uec

262 2170 496 2259 videt,
516 2172 788 2270 quibus
813 2174 1153 2272 praesidiis
1173 2174 1651 2274 philosophiae
1683 2190 1929 2274 septus
1957 2178 2127 2262 sim3
2159 2189 2229 2245 et
2256 2173 2408 2244 her-

263 2278 374 2351 cle
395 2334 417 2366 ‚
457 2278 663 2377 quod
720 2280 1010 2352 timidus
1059 2283 1213 2381 ipse
1261 2297 1404 2370 est,
1453 2281 1908 2379 θορυὲοποιεῖλ
1970 2284 2118 2378 Ego
2166 2296 2407 2352 tamen

267 2392 568 2462 Antonii
595 2395 1066 2464 inveteratam
1094 2393 1252 2464 sine
1277 2393 1420 2463 ulla
1450 2391 1855 2465 offensione
1883 2391 2267 2462 amicitiam
2293 2415 2410 2461 re·

267 2503 502 2573 tinere
539 2525 711 2574 sane
747 2503 951 2588 volo,
995 2502 1451 2600 scribamque
1488 2502 1579 2574 ad
1624 2529 1789 2574 eum
1811 2559 1830 2592 ‚
1861 2501 1984 2574 sed
2018 2528 2168 2574 non
2199 2518 2407 2588 ante,

337 2708 382 2738 1.
403 2690 781 2758 Pmsessionem.
812 2693 1066 2762 Profiteri,
1093 2704 1166 2743 est
1183 2693 1292 2756 hic,
1380 2693 1521 2742 banis
1543 2693 1687 2742 rebus
1703 2729 1717 2752 ,
1756 2691 1885 2757 quas‘
1901 2694 2149 2741 Antonius
2181 2691 2352 2739 consul
2378 2708 2404 2738 e

263 2773 464 2835 publice
510 2772 830 2832 denuntiate,
863 2774 1108 2840 quidquid
1150 2790 1294 2841 pecu-
1380 2788 1468 2820 sua
1513 2771 1721 2820 libidine
1760 2772 2095 2830 administrat,
2133 2781 2401 2834 antepono.

267 2850 394 2908 niae,
439 2851 572 2915 agr-l,
605 2851 869 2900 aliarumve
911 2868 1073 2902 rernm
1115 2855 1291 2904 Cicero
1380 2854 1538 2900 inan.

265 2929 526 2992 poaaideat.
555 2931 616 2978 Et
650 2930 862 2988 videtur,
889 2941 944 2979 ut
977 2932 1082 2980 haec
1109 2948 1199 2996 per
1212 2932 1292 2980 Ti·
1455 2931 1503 2978 5.
1527 2933 1603 2978 De
1630 2916 1845 2978 Servilio.
1874 2930 2117 2988 Isaurico,
2138 2946 2282 2992 quem
2311 2927 2406 2975 boe

264 3024 465 3067 ronan,
490 3010 562 3057 sic
587 3010 738 3057 altera
753 3010 1017 3073 superioris
1037 3011 1152 3062 anni
1172 3028 1290 3077 pro·
1380 3025 1511 3057 anno
1548 3009 1728 3058 obiisse
1765 3018 1968 3070 testatur
2002 3010 2101 3056 Dio
2133 3009 2219 3056 lib.
2249 3008 2406 3064 xLV.

265 3088 411 3136 lessio
474 3104 567 3154 per
616 3088 932 3138 Philotimum
985 3106 1091 3139 esse
1146 3091 1287 3140 facta.
1380 3105 1525 3154 qua-
1551 3089 1744 3138 felicem
1771 3086 1968 3136 videtur
1994 3080 2240 3150 scripsisse
2257 3086 2403 3141 Tiro,

263 3168 389 3217 Vide
407 3168 554 3233 epist.
570 3169 635 3218 33
655 3168 743 3218 lib.
759 3171 882 3218 xm
904 3169 968 3217 ad
989 3170 1098 3218 Att.
1112 3172 1256 3220 Mus.
1380 3168 1465 3232 qui
1487 3169 1718 3234 effugerit
1732 3167 1941 3217 Antonii
1960 3166 2115 3214 minas
2136 3176 2184 3213 et
2200 3165 2404 3229 gladios.

333 3262 383 3296 a.
423 3250 787 3296 Verumtamen.
819 3248 1037 3299 Suband.
1073 3249 1290 3314 confice,·
1381 3247 1440 3294 1‹1
1473 3249 1539 3297 ad
1566 3266 1672 3308 me,
1711 3248 1874 3313 inquit
1900 3247 2104 3306 Cicero,
2134 3261 2233 3293 non
2256 3245 2403 3308 perti·

261 3337 314 3374 et
356 3328 485 3375 banc
534 3328 688 3391 ipsam
737 3328 996 3392 pecuniam
1039 3327 1287 3392 profitere.
1381 3339 1492 3386 net,
1522 3329 1609 3393 qui
1646 3328 1827 3376 caedem
1858 3343 1959 3375 non
1994 3328 2173 3386 timeo,
2217 3335 2264 3372 et
2292 3325 2405 3373 vita

261 3405 406 3455 flu.
439 3435 509 3446 -—
541 3407 654 3454 Hoc
698 3406 782 3453 alii
826 3424 937 3456 eum
977 3408 1293 3472 sequentibus
1383 3406 1687 3456 obsaturatus
1699 3424 1825 3465 sum,
1837 3406 1924 3455 sed
1941 3407 2007 3455 ad
2021 3417 2084 3454 te.
2098 3406 2400 3455 Lathon.

263 3485 573 3550 conjungunt
599 3501 613 3534 :
656 3507 682 3529 ιι
701 3487 1046 3536 Verumtamen
1082 3488 1290 3548 Balbus,
1453 3489 1502 3535 6.
1534 3488 1765 3544 Πανικοῖς.
1783 3485 2071 3551 Repentinis
2101 3485 2402 3534 terroribus:

263 3574 360 3612 ete.
380 3586 406 3606 ι
432 3566 587 3612 Οιῐν.
1382 3555 1603 3631 quorum·
1624 3582 1815 3614 cansam
1844 3564 1964 3612 Pani
1990 3563 2084 3611 deo
2111 3565 2281 3612 tribuit
2318 3581 2406 3612 an·

337 3645 386 3691 3.
412 3646 478 3691 Ue
499 3644 638 3708 loqui
662 3661 761 3692 non
775 3646 946 3710 possit.
967 3648 1152 3695 Jocus:
1181 3663 1291 3695 nam
1382 3647 1611 3712 tiquitas:
1652 3645 1783 3694 unde
1817 3640 2012 3692 παναᾶ..
2047 3646 2157 3692 Hoc
2191 3646 2309 3694 satis
2334 3658 2408 3695 est

265 3722 501 3787 epiphora
526 3712 747 3771 offi'cium
778 3726 1033 3773 oculorum
1059 3725 1289 3790 impedit,
1381 3726 1445 3774 ad
1481 3723 1849 3788 intelligentiam
1882 3722 1998 3770 loci.
2036 3723 2177 3772 Plura
2212 3726 2255 3773 si
2295 3729 2405 3788 quis

266 3815 367 3848 non
392 3801 590 3867 lingue.
627 3803 741 3850 Non
759 3803 917 3868 possit
940 3815 1100 3853 antem
1135 3805 1288 3864 dixit,
1382 3805 1597 3872 postulat
1612 3838 1626 3863 ,
1653 3802 1946 3851 Politianum
1966 3803 2114 3868 legat,
2133 3805 2403 3853 Miscellan.

263 3877 318 3925 id
341 3891 442 3940 est,
465 3881 623 3930 nolit.
611 3896 624 3909 ·
652 3884 766 3945 quia
793 3882 1042 3932 studiosus
1055 3886 1289 3943 Antonii,
1381 3904 1489 3951 cap.
1515 3887 1600 3932 28.
1627 3884 1774 3931 Mn«.

264 3967 319 4004 et
350 3958 499 4006 bomo
535 3971 708 4008 tectus.
742 3962 895 4026 Epist.
930 3979 1017 4022 21,
1043 3963 1130 4013 lib.
1149 3967 1291 4023 XIV,
1453 3982 1499 4024 7.
1547 3957 1873 4029 Θορυὸοποιιῖ.
1921 3964 2205 4012 Tumultum
2248 3965 2402 4012 facit:

265 4034 332 4083 nd
353 4039 462 4087 An.
484 4041 631 4089 Mn.
1382 4056 1615 4091 terrorem
1635 4044 1689 4090 in
1710 4041 1817 4090 aliis
1844 4043 2017 4108 gignit.
2042 4045 2164 4092 Vult
2191 4043 2320 4091 enim
2347 4043 2407 4090 ti·

342 4124 385 4169 4·
409 4117 578 4166 Liceat
599 4119 743 4168 modo
772 4120 1012 4171 rusticari.
1037 4121 1186 4183 Quod
1218 4139 1293 4170 ur·
1381 4139 1508 4171 mere
1537 4139 1612 4171 me
1638 4122 1698 4171 ab
1722 4125 1957 4172 Antonio.
1975 4128 2126 4173 Imm.
