3023 4773
774 405 911 479 516
1415 399 1513 468 Μ.
1565 397 1642 465 Τ.
1697 395 2238 466 CICERONIS

770 540 1143 628 putantur,
1183 520 1491 618 gratuita
1535 516 1844 605 fuerint3
1885 517 2046 614 plus
2087 538 2278 587 unus
2319 517 2489 585 Cato
2519 517 2803 611 potuerit,

768 661 987 737 quam
1028 656 1282 704 omnes
1324 627 1619 726 quidem
1659 626 1957 722 judices.

863 738 1243 818 Messius-³⁸
1271 737 1797 811 defendebatur
1812 762 1854 807 a
1872 735 2082 807 nobis
2102 791 2122 824 ‚
2159 760 2199 806 e
2219 735 2559 831 legatione
2575 756 2805 803 revoca·

765 875 882 931 tus
904 855 1017 924 ³9:
1063 876 1232 923 nam
1279 874 1448 921 eum
1503 848 1759 917 Caesari
1811 837 2077 942 legarat
2125 848 2417 941 Appius.
2466 839 2807 913 Servilius⁴⁰

764 969 1016 1051 edixit,
1062 978 1146 1033 ut
1179 958 1479 1031 adesset.
1517 955 1779 1026 Tribus
1823 953 2120 1025 habet⁴¹
2156 952 2629 1048 Pomptinam,
2658 946 2810 1019 veli-

766 1102 974 1162 nam,
1019 1072 1358 1144 Maeciam.
1401 1072 1768 1162 Pugnatur
1800 1065 2105 1135 acriter:
2145 1064 2379 1160 agitur
2396 1064 2461 1111 ⁴²
2505 1074 2706 1129 tamen
2734 1080 2811 1125 sa·

766 1195 880 1261 tis.
924 1180 1201 1257 Deinde
1243 1203 1359 1250 me
1396 1174 1708 1273 expedio
1748 1174 1837 1245 ad
1880 1178 2196 1244 Drusum
2213 1169 2305 1258 4³,
2341 1169 2506 1242 inde
2538 1167 2620 1239 ad
2647 1171 2808 1236 Scau-

766 1322 951 1370 rum.
989 1299 1337 1362 Parantur
1361 1282 1811 1356 orationibus
1842 1280 2114 1353 indices
2140 1280 2430 1378 gloriosi
2450 1283 2533 1346 44.
2560 1281 2813 1345 Fortasse

767 1405 1109 1480 accedent
1140 1401 1351 1471 etiam
1392 1394 1724 1468 consules
1757 1391 2143 1489 designati:
2185 1392 2263 1460 in
2299 1387 2556 1486 quibus
2580 1389 2630 1456 si
2654 1388 2816 1455 Scau-

769 1544 894 1591 rus
929 1538 1083 1585 non
1120 1509 1375 1592 fuerit,
1410 1508 1484 1575 in
1524 1504 1666 1575 hoc
1703 1501 1977 1597 judicio
2014 1498 2222 1570 valde
2254 1495 2621 1569 laborabit.

863 1633 971 1698 Ex
1022 1620 1277 1712 Quinti
1321 1615 1555 1687 fratris
1601 1612 1823 1683 literis
1866 1610 2193 1707 suspicor
2227 1607 2376 1702 jam
2421 1629 2578 1676 eum
2615 1623 2739 1673 esse
2764 1598 2817 1666 in

769 1735 1153 1810 Britannia.
1186 1734 1550 1824 Suspenso
1587 1724 1827 1793 animo
1861 1734 2236 1817 exspecto,
2267 1716 2448 1814 quid
2482 1728 2647 1812 agat.
2679 1704 2821 1779 Illud

773 1845 1069 1945 quidem
1102 1860 1351 1911 sumus
1387 1832 1659 1930 adepti,
1688 1829 1890 1928 quod
1927 1829 2172 1900 multis
2208 1842 2284 1899 et
2312 1829 2577 1920 magnis
2601 1819 2820 1892 indiciis

772 1974 1155 2057 possumus
1194 1943 1547 2042 judicare,
1597 1966 1731 2012 nos
1783 1940 2038 2011 Caesari
2080 1952 2154 2009 et
2194 1935 2616 2021 carissimos»,
2652 1943 2714 2001 et
2736 1927 2821 2022 ju-

774 2062 1248 2140 cundissimos
1284 2078 1461 2125 esse.

869 2169 1301 2267 Dionysium
1344 2161 1560 2233 velim
1606 2160 1872 2230 salvere
1910 2157 2167 2253 jubeas
2190 2210 2210 2243 ,
2253 2170 2330 2227 et
2373 2177 2536 2225 eum
2570 2169 2747 2245 roges
2776 2156 2824 2212 et

776 2291 1100 2367 hortere,
1148 2292 1231 2348 ut
1271 2295 1490 2371 quam
1535 2272 1848 2366 primum
1898 2269 2171 2349 veniat,
2211 2282 2297 2337 ut
2337 2266 2559 2364 possit
2598 2260 2825 2329 Cicero·

774 2420 941 2469 nem
987 2414 1268 2474 meum,
1303 2398 1522 2479 atque
1565 2381 1779 2451 etiam
1823 2404 1940 2450 me
1982 2380 2253 2476 ipsum,
2299 2374 2598 2448 erudire.

775 2613 876 2647 non
908 2590 1105 2643 Catonis
1135 2584 1337 2635 arbitrio
1368 2581 1599 2646 petiisset.
1626 2580 1790 2630 Coun.
1951 2585 2036 2631 4²·
2063 2574 2259 2641 Agitur.
2285 2572 2491 2638 Aliquid
2517 2581 2663 2619 tamen
2684 2558 2833 2627 profici·

848 2676 934 2722 38.
969 2667 1186 2720 Messius.
1223 2665 1298 2711 De
1332 2676 1432 2726 qno
1467 2676 1546 2725 ep.
1589 2675 1612 2706 1
1650 2659 1796 2721 hujus
1881 2667 1989 2715 tur3
2027 2655 2117 2702 etsi
2150 2671 2284 2702 aeres
2317 2654 2548 2702 habemns
2576 2639 2831 2696 adven-atio·-

777 2753 911 2803 libri.
1881 2737 2033 2782 Inxx.

850 2833 932 2895 39.
977 2829 1254 2874 nemeaeus.
1296 2819 1344 2867 A
1374 2815 1695 2883 propinquis,
1737 2824 1795 2861 ut
1954 2815 2037 2869 43.
2066 2812 2154 2861 Ad
2176 2813 2408 2860 Drusum.
2438 2810 2506 2857 Ut
2529 2818 2632 2873 poet
2653 2800 2835 2852 Μωίω

774 2912 979 2977 opinor,
1015 2914 1098 2951 aut
1134 2901 1196 2948 ab
1233 2898 1414 2947 amicis.
1458 2896 1586 2944 Nam
1617 2893 1793 2956 judicii
1881 2890 2134 2939 defendam
2157 2891 2398 2947 Drusum,
2425 2904 2502 2937 ιο.
2527 2890 2666 2935 Imu-

775 3005 917 3041 causa
937 2984 1178 3034 neminem
1196 2978 1257 3026 de
1280 2976 1522 3040 legatione
1539 2974 1592 3019 in
1609 2970 1790 3019 Urbem
1950 2978 2038 3025 44.
2083 2968 2273 3016 Indices
2302 2966 2518 3032 gloriosi.
2554 2963 2723 3012 Indica
2753 2962 2838 3004 sunt

773 3070 980 3119 invitum
998 3058 1214 3111 revocari
1228 3056 1424 3104 licebat.
1451 3054 1595 3100 Mn.
1877 3049 2007 3097 tituli
2026 3049 2299 3096 orationum
2313 3083 2330 3109 ‚
2354 3058 2410 3095 ut
2426 3063 2515 3112 pro
2537 3047 2593 3093 Τ.
2611 3040 2753 3090 Annio
2765 3034 2838 3083 Mi·

849 3158 933 3205 40.
958 3140 1195 3192 Servilius.
1220 3138 1276 3185 P.
1305 3131 1566 3187 Servilius,
1588 3127 1790 3176 Isaurici
1874 3129 1988 3176 lone
2005 3164 2020 3189 ‚
2057 3144 2148 3193 pro
2190 3129 2264 3175 M.
2305 3125 2558 3175 Marcello.
2593 3120 2704 3182 Quin
2740 3128 2842 3163 vero·

775 3229 933 3285 filins,
948 3224 1045 3272 hoc
1064 3232 1195 3266 anno
1216 3222 1416 3279 praetor.
1442 3211 1593 3273 11>=x‚
1878 3207 2166 3255 clarissimos
2193 3207 2326 3253 viros
2355 3205 2629 3252 desenmms
2651 3207 2762 3253 erat,
2781 3189 2839 3237 id·

852 3313 936 3361 μ.
968 3298 1138 3348 Tribus
1167 3292 1327 3340 habet.
1353 3287 1534 3336 Tribus
1559 3283 1637 3332 he
1669 3285 1793 3333 Mes·
1882 3285 2015 3332 circo
2036 3286 2105 3333 ait
2129 3284 2228 3332 suis
2254 3282 2555 3333 orationibus
2573 3276 2738 3328 indica
2758 3268 2839 3336 810·

776 3388 901 3434 sium
922 3377 1151 3430 videntur
1174 3368 1486 3422 absolutura.
1504 3364 1653 3412 Inna·
1881 3362 2039 3411 tiosos
2056 3361 2232 3427 parari.
2255 3363 2372 3411 Bos.

1545 3640 2113 3671 ----·-o-·—-—-
