3023 4773
625 423 758 469 110
934 424 943 429 ·
1259 399 1356 465 Μ.
1410 398 1488 465 Τ.
1543 396 2113 466 CICERONIS

613 525 861 595 citatio
894 516 1383 613 multitudinis
1400 514 1453 604 ³,
1477 518 1759 613 ignoro.
1786 516 1858 587 Si
1888 513 2322 609 metuendus
2358 517 2580 587 iratus
2611 532 2760 605 est,

612 636 820 730 quies
849 630 1134 701 tamen‘*
1172 625 1262 697 ab
1297 625 1421 697 illo
1462 624 1763 697 fortasse
1796 641 2152 697 nascetur.
2189 631 2449 696 Totum
2474 627 2761 722 judica-

610 741 769 829 bis,
819 738 1030 837 quale
1078 741 1204 823 sit3
1254 752 1327 808 et
1372 734 1573 834 quod
1619 738 1694 806 in
1736 737 2153 808 miserrimis
2192 734 2416 807 rebus
2453 737 2792 814 minime,

613 853 956 923 miserum
993 847 1317 946 putabis,
1355 845 1433 916 id
1463 845 1702 918 facies.
1728 846 1919 919 Vale.
1958 872 2031 916 vt
2068 846 2231 917 idus
2267 848 2556 944 quintil.

612 1048 938 1114 pretationem
973 1043 1193 1100 Prie-ose,
1238 1040 1419 1091 Schiitz
1452 1044 1639 1107 impro-
1728 1042 1823 1091 hm
1841 1042 2084 1091 irritatum
2105 1041 2346 1100 divortio,
2369 1041 2541 1090 melius
2560 1058 2660 1090 non
2678 1059 2758 1090 re·

611 1128 746 1176 bant.
764 1129 818 1177 J.
837 1126 904 1173 V.
932 1127 988 1171 L.
1019 1127 1237 1170 neutram
1269 1123 1323 1169 in
1354 1123 1640 1187 opinionem
1728 1123 1858 1170 mitti
1883 1123 2127 1171 nuntium.
2140 1123 2269 1169 Dein
2281 1120 2510 1181 breviter,
2533 1143 2554 1164 ι
2570 1122 2757 1170 Tamen

610 1208 833 1255 inclinat.
855 1203 955 1252 Alii
977 1212 1156 1266 putant
1180 1200 1314 1249 istim
1340 1202 1419 1250 vis
1449 1201 1516 1250 ad.
1546 1203 1643 1249 Do·
1729 1203 1791 1251 ab
1839 1203 1927 1250 illo
1981 1202 2182 1249 sortasse
2226 1213 2451 1249 nascetur
2471 1223 2513 1249 a.
2558 1202 2760 1251 Scilicet

609 1286 833 1336 labellum
861 1293 1093 1347 spectare.
1118 1282 1213 1330 En.
1730 1299 1874 1332 musa
1897 1282 2116 1330 divortii.
2141 1284 2252 1347 Ipse
2273 1280 2553 1329 luxuriosus
2576 1292 2625 1329 et
2643 1298 2760 1345 per·

686 1366 737 1413 3.
800 1364 923 1425 Quoe
982 1359 1252 1409 concitatio
1304 1359 1641 1408 multitudinis.
1731 1363 1864 1412 ditus
1895 1362 2112 1410 offensus
2147 1360 2364 1408 moribus
2402 1360 2571 1407 uxoris
2606 1361 2758 1426 longe

610 1448 781 1509 Quum
806 1442 962 1506 legem
988 1441 1137 1489 ferret
1169 1440 1231 1488 de
1267 1439 1444 1487 tabulis
1470 1441 1645 1500 novis,
1730 1442 1936 1490 diversis
1966 1443 2196 1489 nuntium
2226 1440 2300 1488 illi
2337 1442 2564 1489 remittet.
2600 1444 2756 1491 Iona.

610 1538 661 1574 et
689 1521 996 1572 mercedibus
1020 1520 1222 1569 adium.
1250 1521 1349 1567 Dio
1373 1519 1459 1568 lib.
1483 1522 1641 1568 nu,
1729 1548 1801 1558 —-
1818 1525 2066 1572 Hactenus
2084 1523 2136 1570 J.
2157 1524 2214 1570 F.
2236 1520 2534 1569 Gronovitis.
2546 1520 2761 1568 Videtur

610 1607 659 1653 J.
684 1608 736 1652 F.
758 1603 931 1650 Giton.
1731 1601 1862 1648 enim
1896 1601 2101 1666 propius
2134 1599 2200 1648 ud
2233 1601 2338 1647 veri
2372 1600 2581 1664 speciem
2618 1616 2760 1647 ecce-

686 1688 737 1736 4.
777 1680 923 1744 Quies
959 1690 1139 1728 tamen.
1180 1677 1432 1725 Manutius
1475 1676 1547 1725 ait
1589 1677 1642 1734 in
1712 1673 1878 1741 'dm-e,
1904 1696 2050 1745 quam
2084 1680 2361 1739 Manutius,
2406 1681 2649 1743 ceterique
2687 1679 2761 1727 iu·

609 1778 713 1810 uno
739 1761 868 1810 libro
895 1762 1152 1808 inventum
1172 1794 1188 1819 ‚
1208 1758 1436 1824 quiesces.
1464 1763 1641 1817 Forte,
1730 1769 1962 1823 tei-protes
1981 1795 1997 1822 ,
2028 1761 2114 1824 qui
2149 1760 2312 1808 omnin
2346 1760 2452 1808 haec
2489 1760 2549 1808 de
2577 1760 2760 1807 nuntio

610 1863 636 1882 α
656 1841 696 1887 si
734 1839 1022 1889 metuendus
1056 1842 1234 1899 iratus,
1271 1839 1488 1902 quiesces
1506 1860 1552 1886 υ.
1585 1839 1639 1887 Si
1729 1840 1967 1886 Terentiae
1985 1840 2078 1903 ipsi
2101 1838 2390 1888 remittendo
2413 1840 2543 1888 dicta
2562 1838 2759 1889 volunt.

609 1930 753 1985 putes
777 1918 922 1968 nobis
949 1917 1260 1967 metuendum
1281 1918 1385 1965 sore
1402 1916 1634 1966 Dolabel·
1723 1919 1868 1966 Omv.

609 2099 976 2118 mmm
980 2096 1535 2117 mmmmmm

1910 2096 2458 2118 mmmm
2474 2100 2760 2119 mm

1229 2300 1837 2380 EPISTOLA
1890 2303 2133 2381 XIV.

611 2476 808 2545 Quum
853 2472 1046 2527 Caesar
1083 2466 1450 2527 Rubiconem
1495 2466 1829 2538 transisset,
1871 2480 1932 2525 et
1976 2468 2289 2548 Pompeius
2335 2469 2575 2547 fugisset
2616 2490 2759 2529 cum

688 2578 895 2625 senatu
923 2584 996 2622 ex
1021 2562 1217 2637 Urbe,
1262 2576 1460 2621 monet
1496 2583 1664 2635 suaS,
1705 2575 1772 2621 ut
1813 2584 1943 2622 cum
1984 2566 2181 2625 amicis
2215 2570 2571 2641 consultent,
2622 2588 2761 2627 ma·-

683 2675 935 2722 neantne
970 2665 1195 2720 Caesare
1228 2660 1612 2735 adventante,
1643 2680 1715 2718 an
1750 2660 2050 2720 discedant
2080 2683 2151 2722 ex
2166 2664 2351 2724 Urbe.
2381 2666 2763 2747 (Minturnis,

686 2781 840 2819 anno
866 2764 942 2818 U.
967 2762 1032 2818 C.
1063 2768 1207 2833 7010,
1237 2778 1433 2817 mense
1455 2756 1776 2837 januario.)

694 2950 1075 3016 TULLIUS.
1110 2949 1581 3016 TERENTIAE
1602 2999 1619 3031 ,
1669 2951 1780 3015 ET
1833 2952 2110 3017 PATER
2157 2955 2616 3023 TULLIOLAE
2642 3007 2662 3040 ,

776 3070 1118 3163 xDUABUS
1181 3070 1484 3134 ANIMIS
1545 3069 1762 3154 SUIS;
1815 3071 1927 3135 ET
1998 3073 2312 3138 CICERO
2382 3075 2663 3140 MATRI

787 3189 1184 3270 OPTIMAE,
1232 3188 1771 3254 SUAVISSIMAE
1819 3191 2174 3274 SORORI,
2213 3193 2276 3257 S.
2314 3193 2387 3257 P.
2422 3194 2503 3260 D.

702 3358 777 3424 St
805 3376 933 3423 vos
960 3349 1208 3419 valetis
1226 3404 1245 3437 ‚
1279 3374 1416 3420 nos
1443 3352 1786 3424 valemus.
1805 3356 2153 3424 'Vestrum
2184 3354 2333 3450 jam
2361 3358 2758 3431 consilium

608 3477 758 3549 est,
808 3488 963 3533 non
1000 3459 1234 3530 solum
1277 3484 1568 3549 meum,
1619 3462 1801 3559 quid
1832 3464 1923 3532 sit
1957 3463 2163 3534 vobis
2206 3463 2634 3537 faciendum.
2679 3472 2761 3540 Si

606 3572 725 3641 ille
752 3576 1053 3642 Romam
1077 3583 1096 3614 ¹
1124 3570 1454 3643 modeste
1477 3588 1829 3645 venturus
1856 3588 1965 3645 est
1984 3628 2003 3660 ‚
2032 3589 2225 3646 recte
2257 3579 2332 3645 in
2367 3582 2760 3674 praesentia

606 3683 809 3754 domi
848 3708 1003 3755 esse
1039 3687 1377 3782 potestis:
1409 3687 1521 3755 sin
1558 3684 1780 3757 homo
1818 3710 2065 3757 amens
2101 3684 2583 3785 diripiendam
2623 3716 2756 3760 ur—

603 3794 776 3865 bem
813 3791 1113 3863 daturus
1142 3809 1250 3865 est
1269 3848 1288 3881 ‚
1317 3820 1599 3883 vereor,
1627 3810 1708 3865 ut
1735 3796 2111 3867 Dolabella
2145 3798 2300 3894 ipse
2337 3799 2504 3868 satis
2533 3798 2760 3873 nobis

603 3901 950 4002 prodesse
988 3906 1236 3999 possit.
1279 3907 1514 3976 Etiam
1555 3905 1737 3977 illud
1773 3921 2057 3994 metuo,
2096 3932 2190 3978 ne
2219 3907 2369 4002 jam
2398 3909 2753 3988 interclu-

677 4145 720 4176 ι.
761 4130 983 4175 Romam.
1011 4126 1252 4190 scriptam
1279 4129 1422 4193 epist.
1450 4128 1647 4177 ineunte
1671 4128 1801 4179 bello
1827 4130 1960 4179 civili
1983 4130 2087 4180 haec
2109 4132 2347 4182 Indicant.
2377 4133 2466 4180 Eo.
