3023 4773
813 386 1367 500 EPIsToLAE‚
1408 415 1575 501 XV,
1617 411 1723 484 15.
2221 413 2351 487 155

209 558 336 606 nus
363 543 430 576 ¹⁰
468 532 653 606 alios
678 542 734 576 ¹¹
775 532 1099 621 induxit,
1145 548 1228 603 ut
1268 535 1641 605 victoriam
1688 548 2105 632 sperarent;
2142 535 2350 626 ειὶίοε,

204 660 279 717 ut
298 648 546 743 ipsum
580 645 772 715 vinci
799 658 1378 716 contemnerent.
1419 650 1660 742 Atque
1688 645 1955 736 borum
1994 647 2351 718 malorum

203 757 528 829 omnium
551 755 840 852 eulpam
856 753 1147 826 fortuna
1165 757 1493 827 sustinet.
1511 757 1694 845 Quis
1711 758 1908 827 enim
1925 756 2358 828 autAlexan-

200 865 382 937 drini
424 865 603 937 belli
644 881 919 938 tantam
964 852 1464 938 moram'huic
1513 864 1724 937 bello‘
1755 865 2188 960 adjunctum
2228 868 2350 956 iri,

200 993 311 1048 aut
354 978 615 1048 nescio
652 984 875 1074 quem
924 978 1141 1047 istum
1193 976 1637 1076 Pharnacem
1662 987 1723 1018 ¹²
1770 980 1947 1047 Asiae
1998 991 2352 1049 terrorem

200 1086 578 1157 illaturum
608 1086 944 1184 putaret?
971 1090 1122 1159 Nos
1145 1102 1424 1175 tamen,
1451 1091 1530 1158 in
1554 1086 1864 1158 consilio
1890 1089 2044 1186 pari
2064 1083 2149 1174 ¹³,
2184 1112 2354 1158 casu

200 1194 617 1268 dissimili¹⁴
657 1198 766 1267 usi
817 1221 1087 1269 sumus.
1134 1201 1244 1267 Tu
1288 1200 1483 1270 enim
1534 1221 1693 1268 eam
1743 1210 2026 1293 partem
2073 1197 2354 1295 petisti,

197 1320 271 1375 ut
309 1319 391 1377 et
435 1305 754 1377 consiliis
789 1302 1281 1395 interesses¹⁵‚
1334 1321 1444 1395 et,
1488 1306 1691 1404 quod
1742 1307 2051 1377 maxime
2105 1331 2356 1378 curam

198 1414 382 1488 levat
407 1468 431 1501 ‚
463 1412 714 1486 futura
742 1417 988 1487 animo
1017 1418 1434 1515 prospicere
1460 1441 1728 1513 posses.
1763 1423 1918 1513 Ego
1939 1471 1958 1504 ‚
1994 1420 2120 1515 qui
2157 1413 2355 1488 festi-

196 1521 473 1613 navi¹⁶‚
514 1540 600 1596 ut
632 1530 982 1598 Caesarem
1015 1529 1093 1598 in
1131 1528 1333 1598 Italia
1376 1527 1699 1599 viderem
1736 1530 1887 1626 (sic
1925 1530 2120 1598 enim
2162 1526 2356 1598 arbi-

195 1635 661 1732 trabamur),
716 1663 1074 1736 eumque,
1116 1638 1365 1710 multis
1407 1639 1932 1710 honestissimis
1967 1639 2137 1718 viris
2178 1662 2355 1708 eon-

198 1747 507 1818 servatis
536 1746 969 1819 redeuntem
993 1803 1012 1836 ,
1054 1748 1144 1820 ad
1199 1772 1453 1846 pacem
1493 1764 1909 1820 currentem
1932 1804 1951 1837 ,
1997 1762 2078 1819 nt
2115 1750 2358 1836 aiunt,

196 1858 590 1928 incitarem
620 1884 636 1927 :
660 1856 750 1928 ab
770 1857 896 1928 illo
923 1858 1338 1956 longissime
1358 1872 1429 1929 et
1446 1856 1729 1947 absum,
1749 1873 1821 1929 et
1839 1857 2059 1929 abfui.
2087 1863 2358 1929 Versor

197 1982 450 2039 autem
487 1969 567 2037 in
605 1971 880 2066 gemitu
906 1968 1159 2058 Italiae,
1190 1984 1264 2041 et
1292 1972 1367 2038 in
1387 1967 1610 2040 Urbis
1639 1969 2058 2040 miserrimis
2091 1993 2356 2065 quere-

193 2076 423 2147 lis¹⁷z
463 2078 739 2176 quibus
785 2078 1064 2177 aliquid
1106 2082 1269 2178 opis
1315 2078 1621 2151 fortasse
1669 2104 1804 2179 ego
1849 2104 1985 2178 pro
2026 2104 2218 2169 mea,
2275 2093 2360 2150 tu
2411 2151 2412 2156 ,

193 2211 330 2285 pro
371 2203 542 2276 tua,
595 2215 734 2288 pro
790 2214 920 2261 sua
969 2193 1281 2288 quisque
1331 2205 1539 2288 parte
1586 2191 1788 2263 ferre
1841 2191 2236 2314 potuisset,
2296 2191 2355 2261 si

195 2293 544 2370 δυοῖσι-’3
580 2297 924 2372 affuisset.

265 2561 350 2593 xo.
392 2544 718 2609 Interpositus
756 2562 933 2596 annum
972 2550 1105 2596 Inter
1138 2564 1236 2612 pu·
1402 2547 1482 2595 13.
1526 2545 1736 2595 Consilio
1776 2544 1911 2608 pari.
1955 2544 2259 2593 Discedendi
2295 2546 2357 2594 ab

195 2640 341 2688 gnam
374 2625 734 2685 Pharsalicam,
761 2637 813 2673 et
839 2626 893 2674 id
914 2637 1122 2691 tempus,
1133 2643 1236 2692 quo
1324 2627 1483 2673 ermis.

196 2706 385 2764 Cesar,
404 2706 722 2769 consumptis
750 2706 831 2770 (ut
862 2708 930 2755 ait
957 2703 1236 2772 Appisnus)
1403 2713 1485 2761 14.
1513 2705 1639 2752 Casu
1665 2704 1905 2754 dissimili.
1933 2707 2045 2753 Hoc
2070 2702 2357 2767 explanatur

192 2782 610 2832 inAJexaudn'no
630 2785 761 2833 bello
780 2803 957 2834 novem
975 2786 1238 2846 mensibus,
1327 2784 1648 2850 sequentibus
1678 2784 1841 2832 verbis
1865 2799 1879 2834 :
1916 2800 2128 2847 quorum
2163 2792 2357 2831 senten·

194 2863 513 2911 Pharnacem
535 2863 734 2912 devicit.
762 2866 910 2915 Mu«.
1326 2867 1392 2913 tia
1408 2899 1423 2924 ,
1445 2863 1655 2912 collecta
1677 2863 1906 2921 breviter,
1933 2863 2039 2910 haec
2061 2874 2135 2910 est
2160 2876 2174 2910 :
2206 2863 2283 2908 Tu
2307 2870 2358 2906 te

270 2958 296 2990 r
311 2960 357 2991 ι.
382 2943 549 2992 Alios.
589 2946 1031 3009 Pompeianorum,
1055 2943 1240 2992 bellum
1271 2960 1277 2965 ·

198 3023 249 3070 ἰι
285 3023 458 3070 Africa
502 3025 879 3086 renovantium,
914 3024 1016 3072 duo
1058 3040 1234 3088 genem

197 3105 375 3165 ponit:
401 3119 625 3169 qnorum
642 3104 724 3151 alii
743 3138 759 3163 ‚
802 3120 932 3152 anno
950 3115 1064 3170 post
1087 3104 1234 3153 Pher-

194 3182 332 3231 aaliz
379 3183 577 3231 cladem
628 3184 948 3248 interposito,
994 3183 1049 3231 in
1097 3200 1234 3248 spem

196 3263 426 3310 victoriae
475 3272 745 3312 venerant:
787 3264 896 3320 alii,
931 3262 1049 3310 licet
1081 3263 1239 3310 victo·

194 3341 324 3388 riam
358 3359 466 3390 non
505 3353 782 3407 sperarent,
823 3358 1041 3406 pugnare
1076 3352 1240 3390 tamen

195 3432 508 3479 meunt,
535 3423 608 3469 ite
643 3422 866 3479 animati,
906 3432 965 3469 ut
1010 3423 1154 3469 etism
1198 3422 1238 3468 si

199 3502 520 3565 contigisset,
545 3511 609 3548 nt
628 3501 953 3559 vincerentur,
980 3516 1083 3548 non
1098 3500 1240 3549 labo·

196 3592 386 3627 tarent.
413 3584 570 3628 Inus.

280 3674 306 3705 1
318 3674 369 3709 ².
382 3659 564 3707 Nescio
586 3674 731 3723 quem
747 3657 825 3706 ist.
839 3657 989 3707 Phar.
1004 3660 1127 3708 Cum
1145 3659 1243 3708 hoc

202 3737 259 3784 id
300 3739 546 3803 temporis
591 3741 755 3789 Caesar
790 3738 975 3787 bellum
1016 3739 1241 3803 gerebat,

199 3834 363 3881 quesn
385 3835 536 3867 nemo
563 3819 689 3867 tanti
714 3818 908 3867 roboris
934 3819 1153 3885 putavit,
1189 3830 1247 3867 ut

204 3899 351 3944 Asia
394 3910 631 3946 terrorem
682 3900 903 3948 inferret.
945 3899 1248 3948 Mithridatio

199 3975 351 4024 filins
375 3978 497 4027 fuit:
523 3995 626 4042 quo
652 3980 816 4027 Caesar
840 3995 958 4027 mox
987 3981 1129 4027 unica
1158 3996 1250 4044 pu-

203 4072 313 4118 gna
358 4069 588 4121 superato
609 4093 625 4117 ,
679 4059 876 4123 scripsit
915 4059 982 4108 ad
1026 4060 1248 4109 amicos:

209 4137 418 4196 ιῖαιί,
447 4135 578 4197 vidi,
597 4138 695 4186 vici
710 4162 750 4188 a.
780 4140 932 4187 Insu-

1326 2946 1391 2995 ad
1417 2946 1654 2994 Caesarem
1679 2943 1841 3007 ipsum
1868 2942 2145 3005 contulisti,
2168 2952 2224 2990 ut
2242 2954 2355 2987 cum

1322 3043 1383 3077 eo
1409 3039 1565 3074 esses:
1588 3038 1681 3088 ego
1707 3039 1785 3087 me
1805 3022 2145 3082 Brundisium,
2168 3033 2223 3070 ut
2243 3035 2357 3068 eum

1324 3114 1674 3170 exspectarem.
1711 3104 1860 3151 Mn«.

1405 3186 1487 3233 15.
1545 3181 1764 3232 Consiliis
1820 3180 2085 3230 interesses.
2138 3179 2358 3231 Caessris.

1325 3263 1520 3314 Cassius
1557 3261 1688 3309 enim
1728 3277 1839 3309 cum
1881 3261 2031 3308 classe
2077 3261 2130 3307 in
2170 3257 2358 3308 Helles·

1326 3354 1485 3408 ponto
1518 3342 1698 3391 Caesari
1734 3358 2025 3400 occurrens,
2065 3356 2167 3387 non
2196 3338 2355 3385 solum

1327 3423 1375 3471 ei
1399 3440 1451 3470 se
1474 3422 1704 3480 tradidit,
1725 3438 1893 3470 verum
1922 3422 2064 3470 etiam
2091 3418 2224 3484 apud
2246 3434 2356 3467 eum

1328 3503 1522 3550 mansit.
1552 3502 1651 3550 Dio
1679 3502 1768 3551 lib.
1796 3503 1953 3550 XLII.
1975 3505 2125 3549 lusu.

1409 3583 1488 3629 16.
1526 3580 1782 3629 Festinavi.
1826 3581 1978 3640 Cujus
2016 3595 2128 3626 eum
2166 3576 2359 3626 consilii

1333 3663 1544 3727 graviter
1569 3661 1834 3726 poenituit;
1872 3660 1935 3708 ad
1960 3662 2064 3708 Att.
2084 3678 2162 3726 ep.
2192 3660 2225 3709 6
2249 3669 2298 3706 et
2324 3676 2359 3722 9

1330 3742 1418 3789 lib.
1435 3742 1527 3787 XI.
1554 3742 1703 3788 lusu.

1412 3836 1494 3880 17.
1547 3817 1830 3866 Miserrimis
1877 3819 2099 3882 querelis.
2152 3820 2360 3882 Propter

1335 3900 1514 3948 scelera
1536 3908 1585 3946 et
1610 3896 1871 3944 seditiones
1894 3899 1964 3947 M.
1987 3899 2219 3957 Antonii,
2257 3914 2359 3945 ma-

1338 3980 1477 4043 gistri
1501 3979 1721 4041 equitum
1739 4010 1753 4035 ‚
1779 3989 1829 4025 et
1855 3978 1909 4027 1..
1924 3980 2154 4027 Trebellii
2170 4013 2185 4035 ‚
2213 3989 2361 4040 atque

1339 4061 1397 4107 P.
1417 4055 1685 4105 Dolabellae
1712 4056 1895 4105 tribuni
1918 4057 2093 4122 plebis.
2125 4059 2286 4108 Coss.

1417 4139 1494 4184 18.
1527 4138 1730 4186 Auctor.
1759 4138 1934 4187 Caesar.
