3023 4773
660 436 807 534 674
1298 436 1397 501 M.
1450 435 1531 500 T.
1583 431 2160 501 clcssaoms

662 574 906 633 autem
937 555 1124 627 valet
1149 557 1465 626 exercitu
1490 582 1509 641 3
1556 566 1755 624 tenet
1777 553 2044 623 multos
2072 574 2199 649 spe
2217 547 2245 595 ⁵
2284 561 2357 621 et
2385 552 2808 648 promissis;

665 671 906 741 omnia
935 668 1260 738 omnium
1284 668 1714 763 concupivit.
1748 665 1928 734 Huic
1951 660 2206 732 tradita
2225 659 2414 731 Urbs
2427 675 2536 731 est
2554 716 2575 748 ‚
2604 660 2812 732 nuda

663 779 1031 879 praesidio,
1083 776 1344 849 referta
1387 779 1636 874 copiis,
1680 771 1876 863 Quid
1913 788 2051 860 est,
2102 770 2305 869 quob
2360 770 2451 841 ab
2496 796 2589 841 eo
2650 797 2812 842 non

663 906 981 975 metuaS,
1042 889 1169 984 qui
1218 887 1337 956 illa
1382 886 1648 982 templa
1702 898 1775 954 et
1828 897 2018 954 tecta
2069 908 2215 953 nou
2275 884 2623 979 patriam,
2680 881 2809 952 sed

663 998 979 1099 praedam
1039 997 1303 1095 putet?
1361 995 1558 1085 Quid
1619 1009 1860 1065 autem
1916 995 2005 1065 sit
2065 1009 2390 1081 acturus,
2455 1008 2583 1063 aut
2653 1018 2812 1089 quo

664 1109 887 1181 modo
910 1163 929 1198 ‚
975 1109 1221 1178 nescio
1259 1107 1413 1177 sine
1446 1119 1700 1177 senatu
1724 1159 1742 1193 ‚
1787 1107 1942 1175 sine
1973 1103 2411 1200 magistratu.
2446 1107 2554 1173 Ne
2587 1108 2812 1172 simu·

663 1214 811 1288 lare
840 1214 1137 1313 quidem
1181 1214 1451 1311 poterit
1480 1212 1879 1309 quidquam
1910 1200 2301 1289 πολιτικῶςὸ.

761 1329 915 1397 Nos
950 1339 1191 1395 autem
1229 1323 1357 1394 ubi
1402 1347 1786 1419 exsurgere
1825 1322 2270 1420 poterimus?
2299 1335 2423 1390 aut
2458 1322 2811 1419 quando?

667 1457 981 1532 quorum
1013 1431 1162 1502 dux
1199 1457 1420 1528 quam
1451 1432 1963 1526 ἀστρατήγητος7
1984 1481 2003 1514 ,
2039 1441 2120 1497 tu
2150 1451 2444 1523 quoque
2475 1425 2811 1496 animad-

666 1548 920 1632 vertis,
968 1545 1086 1616 cui
1157 1566 1252 1613 ne
1321 1543 1580 1612 Picena
1629 1538 1922 1635 quidem
1991 1552 2163 1606 nota
2222 1534 2532 1623 fuerint3
2582 1561 2808 1632 quam

670 1669 913 1726 autem
951 1657 1108 1725 sine
1152 1652 1489 1735 consilio,
1525 1674 1636 1718 res
1669 1649 1890 1719 testis'.
1929 1650 2031 1718 Ut
2068 1649 2257 1718 enim
2300 1645 2435 1717 alia
2471 1650 2809 1717 omittam

671 1764 922 1837 decem
973 1758 1376 1834 annorum⁸
1429 1771 1763 1857 peccata,
1813 1782 1972 1854 quae
2025 1754 2347 1828 conditio
2421 1781 2573 1826 non
2636 1756 2813 1827 huic

670 1872 856 1971 fugae
884 1872 1261 1971 praestitit?
1295 1873 1441 1941 Nec
1468 1893 1647 1938 vero
1678 1892 1908 1956 nunc,
1947 1865 2125 1964 quid
2156 1868 2455 1964 cogitet,
2495 1870 2648 1938 scio
2675 1897 2695 1953 ς
2728 1893 2812 1938 ac

669 2007 821 2052 non
871 1980 1124 2051 desino
1163 2003 1293 2076 per
1339 1977 1581 2048 literas
1626 1977 1989 2048 sciscitari.
2027 1975 2215 2046 Nihil
2275 2002 2426 2048 esse
2480 1976 2812 2047 timidius

668 2105 993 2176 constat,
1048 2088 1228 2158 nihil
1284 2086 1798 2186 perturbatius
1865 2092 2114 2184 Itaque
2164 2112 2297 2158 nec
2351 2087 2809 2185 praesidium,

669 2201 877 2296 cujus
929 2200 1232 2297 parandi
1283 2224 1490 2270 causa
1525 2198 1616 2269 ad
1660 2197 1930 2270 Urbem
1974 2213 2296 2272 retentus
2333 2215 2475 2288 est,
2525 2225 2662 2270 uec
2699 2200 2807 2269 lo-

671 2335 837 2382 cum
904 2334 986 2381 ac
1032 2308 1275 2381 sedem
1322 2309 1630 2407 praesidii
1684 2310 1905 2380 ullam
1944 2309 2174 2380 video.
2223 2314 2403 2408 Spes
2452 2314 2694 2381 omnis
2730 2314 2807 2381 in

669 2419 990 2507 duabus,
1043 2420 1440 2490 invidiose9
1490 2421 1823 2507 retentiS‚
1878 2444 2079 2517 poene
2135 2420 2382 2492 alienis
2403 2430 2464 2464 ¹⁰
2501 2421 2809 2518 legioni-

668 2531 830 2602 bus.
868 2535 1048 2604 Nam
1088 2530 1408 2600 delectus
1444 2527 1681 2599 adhuc
1719 2529 2014 2625 quidem
2054 2532 2443 2601 invitorum
2483 2547 2620 2620 est,
2661 2546 2740 2602 et
2769 2557 2812 2602 a

668 2640 1061 2739 pugnando
1111 2638 1682 2715 abhorrentium,
1735 2639 2255 2710 Conditionum
2296 2656 2534 2713 autem
2585 2646 2803 2713 amis-

670 2775 833 2820 sum
883 2763 1168 2845 tempus
1206 2763 1333 2818 est.
1373 2748 1567 2838 Quid
1602 2746 1928 2818 futurum
1967 2750 2086 2838 sit,
2125 2775 2275 2819 non
2313 2752 2548 2822 video.
2587 2757 2810 2824 Com-

669 2861 969 2930 missum
1002 2856 1298 2954 quidem
1328 2880 1366 2926 a
1397 2856 1611 2927 nobis
1644 2866 1838 2927 certe
1870 2873 2008 2943 est,
2045 2861 2185 2929 sive
2217 2884 2255 2929 a
2295 2874 2547 2931 nostro
2585 2861 2808 2947 duce,

669 2983 788 3056 ut,
825 2984 863 3039 e
893 2981 1114 3066 portu
1144 2972 1298 3037 sine
1330 2966 1837 3063 gubernaculis
1877 2973 2184 3064 egressi,
2221 2974 2632 3066 tempestati
2675 2997 2812 3043 nos

668 3078 1135 3150 traderemus.
1167 3082 1423 3173 Itaque
1450 3074 1541 3147 de
1561 3075 2032 3148 Ciceronibus
2052 3082 2312 3150 nostris
2345 3078 2608 3150 dubito
2631 3081 2810 3178 quid

743 3366 795 3415 5.
824 3365 909 3414 Al.
941 3386 967 3406 ι
985 3366 1251 3413 exercitum
1278 3374 1411 3425 tenet
1430 3364 1585 3412 multa
1607 3380 1694 3428 spe

672 3456 720 3496 et
737 3444 986 3510 pronis-is
1004 3466 1046 3493 ιο.
1076 3440 1127 3492 J.
1150 3445 1214 3489 V.
1233 3445 1288 3488 L.
1307 3458 1315 3482 ι

743 3528 798 3576 6.
824 3527 1099 3578 Πολιταῦς.
1127 3521 1276 3585 Quod
1296 3520 1360 3569 sit
1381 3536 1408 3569 e
1428 3521 1696 3587 republica.

672 3606 823 3653 Om-

684 3714 695 3719 -
744 3700 790 3744 7.
820 3670 1178 3750 Ᾰςραττίγητος.
1211 3679 1414 3726 Minime
1436 3679 1545 3727 dux
1565 3698 1584 3727 .·
1606 3681 1695 3727 im·

670 3761 928 3827 peratorioe
956 3761 1072 3809 artis
1100 3759 1329 3824 ignarus:
1358 3759 1443 3822 qui
1470 3759 1696 3808 nescierit

671 3839 905 3887 Picenum
957 3856 1061 3887 esse
1119 3837 1257 3903 quasi
1314 3854 1532 3902 aggerem
1585 3838 1694 3886 urbi

675 3917 883 3965 tuendae.
1260 3969 1265 3975 ,

743 3997 793 4043 8.
819 3998 997 4043 Decem
1020 4013 1279 4044 annorum.
1308 3997 1404 4045 Tot
1429 3997 1555 4044 enim
1581 3997 1697 4045 unni

670 4093 697 4125 a
734 4072 991 4123 consulatu
1033 4075 1236 4122 Caesnris
1270 4075 1335 4122 ad
1371 4077 1466 4125 hoc
1506 4089 1696 4142 tempus

672 4152 998 4203 numerantur.
1064 4152 1124 4199 Et
1142 4187 1156 4210 ,
1215 4153 1400 4201 Caesare
1455 4156 1656 4203 consule
1674 4192 1691 4217 ‚

1781 3363 2044 3427 Pompeius
2082 3381 2132 3412 se
2173 3380 2281 3412 cum
2317 3381 2377 3414 eo
2412 3365 2652 3415 affinitate
2692 3385 2814 3418 oon-

1778 3443 1973 3503 J'unxit,
2006 3443 2137 3492 Julia
2174 3459 2324 3491 uxore
2352 3443 2515 3493 ducta.
2552 3446 2674 3493 Inde
2701 3464 2810 3496 eum

1784 3538 1873 3586 per
1900 3522 2068 3571 decem
2092 3540 2250 3572 annos
2269 3524 2421 3582 aluit,
2458 3528 2624 3586 auxit,
2651 3545 2811 3578 arma·

1783 3602 1872 3673 vit.
1896 3604 2047 3652 Mu.

1854 3699 1905 3745 9.
1933 3682 2189 3733 Invae'diose.
2222 3684 2349 3745 Quin
2375 3684 2637 3750 Pompeius
2660 3688 2810 3736 eimu-

1781 3760 1964 3810 latione
1996 3764 2206 3811 Parthici
2239 3765 2355 3813 belli
2381 3783 2407 3813 ι
2440 3767 2626 3816 Cuare
2652 3769 2807 3816 abdu-

1782 3852 1884 3889 ctas
1921 3842 2199 3893 retinuerat.
2235 3845 2386 3909 Quod
2419 3846 2599 3893 sactum
2635 3864 2808 3913 magna

1783 3922 1833 3968 in
1866 3922 2057 3968 infamia
2089 3924 2201 3970 suit.
2242 3925 2369 3972 Vide
2407 3927 2530 3974 Can.
2564 3926 2653 3976 tib.
2691 3931 2715 3975 1
2749 3928 2808 3975 de

1781 3999 1917 4047 Bello
1944 4001 2056 4050 Civ.
2078 4004 2229 4061 lum.

1859 4094 1935 4127 ιο.
1971 4080 2174 4129 Alienis.
2209 4080 2360 4145 Quod
2386 4083 2619 4132 adversus
2650 4086 2803 4152 impe·

1784 4170 1990 4208 retorem
2022 4178 2162 4209 suum
2189 4161 2357 4211 invitae
2385 4162 2695 4216 ducerentur.
2727 4168 2799 4215 12.
