3023 4773
853 403 1401 489 EPISTOLAE‚
1443 405 1662 488 xlv,
1705 401 1770 471 8.
2273 425 2399 498 107

270 521 596 596 celeriter
619 547 740 594 me
766 519 995 595 fecisti
1024 521 1115 593 de
1137 523 1429 596 Caesaris
1462 522 1691 594 literis
1715 523 2098 593 certiorem
2119 577 2139 607 ‚
2174 519 2402 593 fecisti

266 633 435 702 mihi
473 648 783 730 gratum.
822 638 1005 704 Item
1036 632 1375 731 posthae,
1407 635 1468 704 si
1500 631 1681 730 quid
1711 656 1896 730 opus
1934 636 2108 721 erit,
2137 633 2196 703 si
2224 631 2404 729 quid

263 743 602 815 acciderit
627 746 831 831 novi,
863 741 1077 815 facies
1099 799 1120 833 ,
1146 758 1229 815 ut
1260 745 1498 815 sciam.
1534 746 1754 830 Cura,
1794 756 1880 812 ut
1912 744 2168 815 valeas.
2199 741 2394 813 Vale.

260 859 344 924 Ι).
372 878 486 924 1111
524 877 758 926 nonas
785 855 944 950 jun.

1735 1045 1918 1066 mm
1922 1045 2387 1066 mmmm

934 1226 1533 1308 EPISTOLA
1589 1230 1735 1309 IX.

253 1383 552 1462 Significat
588 1383 856 1444 dolorem
898 1405 1067 1446 suum
1095 1407 1168 1446 ex
1197 1388 1522 1447 Dolabellae
1565 1389 1804 1467 generi,
1847 1402 1908 1447 et
1937 1388 2145 1447 Tuniae
2184 1388 2404 1446 valitu-

328 1481 485 1540 dine.
540 1488 682 1541 Post
728 1503 984 1562 pugnam
1032 1487 1449 1560 Pharsalicam,
1505 1507 1688 1565 quum
1737 1487 1800 1545 in
1852 1487 2079 1546 Italiam
2121 1485 2402 1544 rediisset.

326 1580 680 1658 (Brundisii,
709 1600 863 1640 anno
898 1587 974 1643 U.
1006 1586 1071 1642 C.
1097 1584 1247 1656 705,
1279 1604 1475 1643 mense
1504 1583 1843 1662 decembri.)

753 1750 846 1814 M.
868 1751 943 1816 T.
981 1753 1052 1816 C.
1081 1752 1550 1819 TERENTIAE
1596 1753 1660 1819 S.
1699 1754 1769 1819 P.
1805 1756 1885 1819 D.

341 1893 455 1959 An
479 1903 756 1960 ceteras
785 1912 980 1960 meas
1008 1892 1327 1962 miserias
1364 1894 1663 1968 accessit
1690 1889 1901 1962 dolor
1938 1917 1978 1961 e
2004 1887 2397 1961 Dolabella:

248 1998 669 2087 valitudine,
700 2014 772 2071 et
804 2001 1068 2072 Tulliae.
1100 2003 1447 2089 Omnin0‚
1477 2000 1570 2073 de
1599 2001 1942 2072 omnibus
1967 1999 2187 2074 rebus
2208 2054 2227 2087 ‚
2258 2025 2397 2070 nec

246 2108 422 2204 quid
454 2108 745 2179 consilii
770 2111 1048 2208 capiam
1070 2165 1089 2198 ‚
1126 2136 1263 2183 nec
1289 2113 1469 2208 quid
1505 2111 1792 2201 faciam,
1834 2116 2004 2183 scio.
2044 2116 2153 2183 Tu
2182 2111 2395 2183 velim

246 2230 442 2286 tuam
482 2234 561 2288 et
588 2217 834 2289 Tulliae
864 2219 1334 2292 valitudinem
1378 2246 1611 2293 cures.
1659 2222 1856 2293 Vale.

2007 2417 2384 2437 mmm

1446 2418 1631 2448 §qum

924 2610 1529 2690 EPISTOLA
1600 2613 1697 2689 X.

234 2772 314 2827 Ut
334 2788 475 2826 cum
494 2762 693 2826 Attico
710 2810 728 2841 ,
766 2769 839 2827 ad
862 2790 1037 2847 quem
1064 2771 1375 2850 scripserat
1407 2772 1716 2829 consilium
1742 2791 1909 2830 suum
1928 2815 1945 2843 ‚
1987 2783 2139 2849 agat.
2172 2770 2388 2848 (Brun-

700 2866 864 2941 disii,
893 2889 1050 2927 anno
1068 2873 1141 2929 U.
1164 2873 1230 2929 C.
1254 2870 1370 2944 706
1388 2910 1405 2939 ,
1432 2888 1629 2926 mense
1652 2867 1932 2947 quintili.)

641 3030 734 3095 M.
754 3032 831 3097 T.
861 3033 1422 3098 C.TERENTIAE
1469 3032 1662 3097 SUAE
1709 3031 1772 3095 S.
1809 3031 1883 3095 P.
1922 3033 2005 3097 D.

326 3165 539 3254 Qum
566 3161 727 3235 fieri
758 3163 1139 3261 placeret¹,
1174 3165 1424 3263 scripsi
1462 3162 1555 3236 ad
1592 3165 2079 3262 Pomponium
2124 3166 2388 3252 seriuS,

229 3300 457 3371 quam
507 3276 857 3372 oportuit.
913 3279 1099 3347 Cum
1147 3301 1235 3347 eo
1281 3279 1340 3346 si
1391 3272 1705 3373 loquuta
1752 3278 1937 3360 eris,
1988 3273 2386 3372 intellige5‚

228 3383 414 3480 quid
469 3383 634 3456 fieri
683 3385 921 3455 velim.
987 3387 1319 3484 Apertius
1372 3385 1623 3473 scribi,
1690 3385 1986 3483 quando
2039 3382 2130 3454 ad
2183 3384 2386 3455 illum

226 3496 702 3593 scripseram,
743 3519 1038 3567 necesse
1080 3522 1232 3567 non
1266 3494 1424 3567 fuit.
1465 3500 1575 3568 De
1608 3522 1693 3568 ea
1729 3522 1844 3585 re,
1887 3510 1961 3567 et
1999 3494 2090 3566 de
2133 3497 2390 3567 ceteris

225 3603 455 3676 rebus
481 3661 502 3687 ,
543 3630 767 3701 quam
805 3608 1122 3703 primum
1158 3605 1375 3678 velim
1412 3605 1624 3678 nobis
1659 3608 1897 3677 literas
1934 3606 2195 3676 mittas.
2244 3608 2388 3676 Va-

228 3712 625 3787 litudinem
664 3731 865 3787 tuam
905 3742 1079 3789 cura
1130 3716 1537 3814 diligenter.
1598 3716 1795 3789 Vale.
1844 3718 2168 3813 Septimo
2224 3714 2385 3787 idus

230 3826 527 3921 quintil.

312 4003 356 4035 ι.
390 3987 664 4055 Quid-fieri
682 3988 925 4053 placeret.
946 3989 1064 4038 scil.
1087 3988 1149 4037 de
1163 3989 1339 4037 Tulliae
1364 3987 1600 4036 divortio.
1617 3985 1734 4035 vid.
1759 3986 1847 4034 ins.
1865 4002 1948 4050 ep.
1973 3988 2060 4036 13.
2079 3987 2173 4034 En.

1022 4156 1599 4185 *ψῃ
