3023 4773
987 375 1060 441 P.
1109 372 1614 445 VICTORII.
2221 372 2350 445 231

237 492 582 583 tiquintis,
620 514 766 581 quse
814 490 1041 574 habet,
1090 493 1290 558 habet
1328 496 1522 561 etiarn
1568 495 1865 583 epistolas
1906 496 2123 584 plures
2145 542 2164 577 ,
2201 518 2364 584 quas

238 598 701 689 suspicabatur,
736 597 1136 679 conjecturas
1168 600 1481 688 quasdam
1514 615 1829 691 sequutus
1843 648 1864 682 ,
1891 601 2212 666 Francisci
2239 601 2365 666 Pe·

234 705 504 772 trarehae
531 727 712 770 esse:
748 727 964 793 neque
995 704 1171 770 enim
1207 706 1475 798 integrm
1505 729 1698 772 voces
1731 708 1833 772 hae
1867 706 1997 772 illic
2032 723 2222 789 sunt,
2254 704 2368 772 sed

235 810 459 901 primae
497 825 755 876 tantum
790 826 858 874 et
888 811 1319 901 praenominis⁴
1340 829 1408 877 et
1437 812 1721 877 nominis
1754 812 1953 878 literae
1991 813 2062 876 in
2094 813 2217 878 illis
2249 835 2372 877 no·-

237 931 398 982 tatae.
436 914 732 1005 Cupidus
764 915 963 1004 igitur
990 916 1275 982 veritatis
1307 917 1797 1007 investigandae,
1830 918 2122 1006 quoesivit
2155 940 2236 982 ex
2265 940 2372 982 me

235 1045 316 1089 an
337 1045 570 1089 verum
601 1022 804 1104 foret,
841 1021 1021 1110 quod
1048 1023 1398 1112 aliquando
1431 1024 1748 1106 audisset,
1774 1043 2021 1090 exstare
2050 1023 2225 1113 apud
2252 1046 2372 1087 nos

238 1130 571 1194 Ciceronis
608 1129 922 1218 Epistulas
959 1129 1320 1201 Petrarchae
1358 1154 1559 1197 manu
1603 1132 1889 1219 scriptas.
1944 1128 2276 1218 Respondi
2307 1127 2377 1192 id

237 1235 416 1325 quod
460 1251 631 1319 erat,
678 1259 783 1301 me
821 1236 909 1301 ita
942 1236 1229 1324 opinari,
1279 1254 1545 1302 cunctas
1586 1239 1821 1326 ipsius,
1869 1260 2015 1325 quae
2052 1252 2373 1302 vetustate

236 1357 638 1431 οοιιευωρῑω
669 1364 805 1406 non
839 1358 1028 1424 sunt,
1057 1344 1125 1407 in
1161 1343 1422 1427 duobus
1442 1345 1887 1409 voluminibus
1921 1344 2031 1408 hic
2062 1343 2374 1407 inveniri:

236 1470 520 1535 quorum
549 1449 825 1515 alterum
860 1447 1038 1536 apud
1069 1471 1174 1514 me
1205 1467 1391 1515 esset.
1421 1451 1833 1515 Contulimus
1857 1451 2056 1539 igitur
2080 1465 2377 1514 accurate

236 1554 559 1643 Epistolas
581 1554 718 1619 illas
739 1554 1100 1619 Petrarchoe
1125 1556 1412 1644 pusillas,
1437 1558 1708 1621 minutae
1731 1557 1907 1622 enim
1934 1572 2091 1619 sunt
2110 1572 2375 1623 tenues-

239 1683 371 1748 que
407 1659 580 1747 (quae
614 1683 804 1725 causa
838 1661 1107 1727 fortasse
1134 1663 1293 1744 fuit,
1338 1681 1413 1728 ut
1462 1680 1684 1753 postea
1717 1665 1785 1728 in
1819 1664 2164 1744 volumen,
2194 1660 2377 1749 quod

235 1765 487 1831 editum
531 1783 663 1848 est,
714 1766 986 1833 redactae
1030 1791 1166 1833 non
1213 1769 1518 1857 suerint),
1562 1793 1713 1834 cum
1750 1792 1898 1835 meo
1937 1768 2374 1857 Epistularum

237 1872 571 1936 Ciceronis
606 1872 938 1938 volumine
970 1897 987 1937 t
1033 1868 1665 1965 singulisqueliteris
1699 1875 2059 1962 formisque
2089 1873 2374 1962 ipsarum

235 1976 645 2066 ponderatis,
687 1979 1035 2049 convenire
1070 1980 1290 2043 omnia
1322 1978 1591 2057 mirifice
1629 1980 1801 2044 inter
1827 2002 1896 2044 se
1928 1977 2381 2043 animadverti·

236 2105 419 2165 muz,
458 2099 535 2148 ut
569 2105 837 2170 prorsus
876 2101 943 2149 et
975 2084 1096 2149 illoe
1132 2101 1197 2149 et
1234 2084 1441 2150 codex
1476 2108 1661 2149 meus
1706 2085 1789 2149 ab
1830 2083 2062 2149 eodem
2106 2084 2375 2148 homine

234 2188 516 2276 scriptus
550 2188 1034 2279 intelligeretur.
1063 2189 1328 2255 Utinam
1364 2191 1767 2259 inveniretur
1804 2189 2163 2278 exemplar,
2196 2187 2375 2254 unde

235 2292 350 2361 has
386 2291 473 2357 ad
506 2292 792 2363 Atticum
833 2291 1175 2380 descripsit
1211 2294 1591 2374 Petrarcha,
1625 2308 1700 2356 ut
1746 2310 1952 2357 exstat
1997 2292 2190 2375 illud,
2218 2302 2374 2382 'quo

236 2423 391 2467 usus
426 2417 528 2466 est
568 2401 637 2465 in
671 2398 1110 2472 describendis
1146 2400 1358 2464 alteris
1388 2400 1511 2464 illis
1531 2449 1550 2482 ,
1587 2423 1733 2489 quae
1759 2401 2125 2465 Familiares
2156 2401 2377 2488 appel-

233 2508 454 2572 lantur
482 2505 592 2593 (de
623 2507 806 2588 cujus
837 2506 988 2572 libri
1023 2505 1444 2594 antiquitate,
1490 2507 1674 2576 omni
1700 2507 2115 2572 veneratione
2142 2505 2370 2595 digna,

235 2611 577 2704 magnifiee
607 2614 849 2694 multa,
892 2635 1174 2699 vereque
1209 2613 1336 2676 alio
1366 2613 1515 2678 looo
1540 2611 1938 2700 proedicavi);
1976 2610 2372 2677 confiderem

237 2742 340 2784 me
382 2718 626 2784 auxilio
666 2718 805 2800 ejus
844 2718 1096 2806 antiqui
1144 2718 1295 2782 libri
1339 2741 1475 2783 non
1507 2741 1711 2807 pauca
1740 2719 1957 2785 adhuc
1987 2721 2126 2784 loca
2165 2719 2235 2781 in
2269 2717 2372 2781 his

237 2826 540 2913 Epistolis
580 2824 926 2892 emendare
959 2847 1188 2913 posse,
1236 2824 1591 2913 proesertim
1626 2825 1744 2889 ubi
1774 2848 1979 2914 graeca
2010 2825 2222 2913 aliqua
2253 2846 2373 2888 vo·

236 2931 464 2996 cabula
495 2946 683 3012 sunt,
728 2931 911 3011 cujus
949 2931 1266 2996 sermonis
1304 2930 1681 3006 Fen-archa,
1713 2930 1873 2994 vitio
1916 2931 2087 2995 illius
2134 2929 2370 3004 aetatis,

236 3037 576 3126 imperitus
616 3037 775 3102 fuit:
813 3059 935 3101 nec
965 3053 1181 3101 tamen
1211 3060 1348 3101 non
1395 3036 1498 3125 (ut
1530 3051 1665 3101 erat
1691 3037 1873 3100 omni
1907 3037 1975 3099 in
2010 3059 2080 3100 re
2109 3056 2372 3099 acciu-a-

236 3144 365 3235 tus)
400 3146 492 3210 ita
526 3145 718 3211 etiam
749 3144 946 3209 verba
981 3144 1121 3226 illa,
1161 3145 1384 3234 ignota
1415 3146 1575 3227 sibi,
1622 3144 1965 3234 pingebat,
2015 3158 2093 3205 ut
2137 3157 2373 3206 cuncta

235 3274 419 3339 poene
452 3275 592 3316 non
619 3274 858 3341 magno
885 3251 1105 3317 labore
1131 3252 1449 3341 legantur.
1488 3254 1659 3320 Nam
1691 3268 1999 3341 quantam
2033 3249 2371 3338 caliginem

234 3356 466 3422 afferat
497 3378 666 3444 saepe
709 3357 907 3420 unius
948 3357 1148 3421 literoe
1177 3357 1503 3444 perversio
1524 3405 1544 3439 ,
1594 3358 1778 3422 facile
1816 3378 2044 3421 omnes
2078 3352 2372 3419 animad-

231 3480 484 3529 vertere
516 3479 907 3552 potuerunt,
953 3464 1067 3552 qui
1097 3464 1167 3527 in
1198 3463 1329 3527 hoc
1361 3486 1634 3528 munere
1665 3462 2031 3553 corrigendi
2066 3461 2369 3549 antiquos

231 3587 534 3634 auctores
550 3617 570 3650 ,
595 3569 1000 3658 aliquantum
1027 3569 1257 3633 versati
1288 3585 1464 3634 sunt.
1489 3569 1717 3652 Quum
1742 3585 1960 3634 autem
1987 3566 2089 3654 (ut
2109 3563 2373 3654 opinor)

231 3674 430 3756 hujus
458 3675 701 3742 vetusti
735 3674 883 3739 libri
905 3675 1156 3756 jactura
1193 3676 1357 3738 facta
1391 3675 1475 3740 sit
1491 3723 1508 3756 ,
1545 3692 1972 3763 ereptumque
2001 3694 2038 3736 e
2068 3671 2369 3736 manibus

228 3781 546 3846 auxilium
596 3782 802 3862 majus
844 3780 1173 3870 purgandi
1218 3782 1335 3845 has
1387 3781 1740 3869 Epistolas,
1790 3778 2108 3844 affirmare
2159 3779 2368 3843 ausim

230 3889 455 3952 multis
487 3885 749 3967 judiciis
785 3888 1303 3977 testimoniisque
1331 3886 1527 3966 hujus
1565 3887 1659 3950 rei
1695 3886 2078 3974 perspectis,
2113 3885 2369 3949 nullum

230 3991 490 4060 fidelius
521 3995 850 4081 exemplar
890 3995 1126 4058 harum
1157 3994 1595 4083 Epistolarum
1641 3993 1914 4057 inveniri
1933 4041 1952 4076 ,
2000 4015 2199 4081 quam
2242 3991 2373 4062 hoc

231 4098 454 4186 ipsum
489 4116 623 4180 est,
665 4097 844 4187 quod
865 4099 1251 4187 jampridem
1281 4119 1402 4189 ego
1433 4114 1667 4166 canto:
1696 4116 2065 4188 ceteraque,
2090 4121 2234 4187 quae
2270 4119 2376 4161 ω-
