3023 4773
783 407 1611 502 EPISToLAE4x1w
1652 413 1720 484 6.

2146 392 2152 398 ⁹
2208 417 2341 490 105

218 538 457 623 ullam,
501 559 722 633 quam
774 536 1087 609 scrihere
1141 540 1466 610 velimus.
1528 544 1637 609 Ex
1672 540 1812 609 tuis
1852 540 2113 628 literis,
2163 567 2343 639 quas
2399 575 2404 580 ·

217 650 536 747 proxime
596 649 881 745 accepi,
936 652 1274 746 cognovi,
1334 649 1687 746 praedium
1747 650 2027 721 nullum
2089 657 2343 725 venire

218 761 552 856 potuisse.
582 761 822 848 Quare
863 758 1159 830 videatis
1188 760 1400 831 velim
1429 814 1448 846 ‚
1488 759 1868 857 quomodo
1911 761 2205 834 satisfiat
2239 766 2303 834 ei
2333 818 2353 851 ‚

219 872 317 940 cui
351 870 553 941 scitis
588 894 708 940 me
743 868 1070 941 satisfieri
1101 870 1304 941 velle.
1337 870 1555 960 Quod
1593 886 1841 941 nostra
1865 882 1884 913 ¹
1920 871 2053 942 tibi
2091 875 2347 969 gratias

216 985 387 1077 agit,
432 979 511 1049 id
547 1005 686 1077 ego
721 1004 873 1050 non
918 981 1145 1051 miror
1184 994 1255 1051 te
1305 984 1605 1066 mereri,
1646 994 1728 1050 ut
1780 1005 1858 1051 ea
1899 979 2037 1050 tibi
2087 984 2344 1052 merito

204 1085 334 1161 ¹tuo
374 1091 640 1187 gratias
680 1115 892 1188 agere
928 1093 1178 1189 possit.
1212 1092 1552 1164 Pollicem
1572 1102 1628 1177 ²,
1669 1094 1729 1161 si
1764 1090 2001 1161 adhuc
2050 1118 2198 1165 non
2243 1108 2351 1164 est

216 1199 621 1298 profectuS‚
664 1226 886 1297 quam
926 1205 1240 1298 primum
1275 1199 1386 1273 fac
1427 1201 1787 1273 extrudas.
1834 1205 2060 1292 Cura,
2105 1218 2190 1274 ut
2234 1228 2350 1274 va-

216 1313 372 1383 leas.
412 1311 670 1383 Idibus
707 1311 991 1408 quintil.

280 1488 325 1520 1.
369 1472 525 1533 Quod
559 1483 748 1519 nostra.
792 1474 951 1535 Quam
1000 1472 1236 1537 intelligat

216 1565 426 1599 som-am
474 1568 580 1599 nou
628 1551 769 1615 plane
814 1552 1059 1615 perspicio
1077 1586 1093 1613 ,
1142 1553 1235 1599 nisi

216 1631 417 1678 Tulliam
440 1629 686 1694 significet
700 1665 715 1688 ,
742 1629 877 1694 quod
893 1642 1037 1694 puto.
1069 1635 1143 1680 De
1166 1649 1237 1679 re-

216 1710 302 1758 hus
351 1721 522 1758 autem
542 1710 850 1758 -domesticis
895 1727 1008 1758 cum
1051 1725 1200 1758 uxore
1223 1746 1238 1770 ‚

215 1791 403 1854 suisque
430 1790 667 1853 loquens,
702 1806 804 1837 non
830 1790 1005 1837 mirum
1034 1801 1107 1838 est
1135 1806 1237 1837 rem

215 1859 396 1917 tautum
430 1869 703 1925 indicasse,
733 1869 866 1932 quod
912 1869 1055 1917 etiam
1092 1885 1240 1933 supra

218 1951 352 2008 facit,
387 1965 547 2013 quum
577 1947 729 2009 dicit,
767 1970 790 1990 ι
812 1948 1066 2013 quomodo
1102 1948 1240 1995 satis-

214 2027 295 2076 fiat
314 2029 359 2075 ei
376 2043 428 2076 n:
450 2044 543 2075 uec
569 2039 730 2076 tamen
756 2044 936 2076 nomen
961 2026 1105 2091 ponit
1119 2062 1135 2089 ,
1158 2029 1240 2076 cui

196 2106 433 2158 ‚satisfieri
452 2108 700 2174 cupiebat.
718 2110 879 2170 Quum
901 2107 1030 2154 euim
1047 2105 1110 2155 ad
1126 2122 1241 2154 suos

1322 1471 1533 1533 scribat,
1561 1472 1645 1537 qui
1675 1483 1726 1521 et
1751 1489 1947 1521 manum
1986 1476 2090 1537 ejus
2124 1491 2355 1539 agnosce·

1323 1562 1455 1610 rent,
1479 1563 1528 1599 et
1546 1568 1621 1599 res
1639 1568 1758 1615 quas
1774 1553 1999 1601 innueret
2012 1588 2026 1611 ,
2051 1555 2236 1618 optime
2256 1555 2351 1603 cal·

1322 1631 1478 1679 lerent
1500 1663 1519 1691 ,
1545 1647 1649 1678 nou
1667 1647 1864 1679 necesse
1882 1633 1974 1679 fuit
1996 1634 2212 1696 apertius
2239 1635 2360 1683 seri-

1322 1709 1392 1758 bi.
1415 1711 1638 1758 chroa.

1399 1806 1446 1838 2.
1476 1789 1725 1837 Pollicem.
1748 1790 1967 1838 Servum.
1988 1790 2087 1838 Alii
2106 1790 2230 1838 male
2247 1791 2360 1839 Pol-

1328 1868 1498 1916 lucem.
1537 1866 1687 1931 Quod
1722 1867 1897 1916 refellit
1935 1870 2037 1932 ipse
2071 1870 2253 1917 Noster
2292 1869 2356 1918 ad

1326 1950 1435 1996 Att.
1452 1950 1597 2005 xm,
1614 1947 1678 2005 45
1692 1961 1705 1995 :
1721 1947 1936 2009 «Pollex,
1951 1958 2009 1995 ut
2021 1946 2356 2007 dixerat‚mihi

1328 2029 1533 2075 Lanuvii
1549 2039 1726 2092 praesto
1748 2027 1869 2088 suit;
1884 2026 1968 2075 sed
1991 2027 2134 2091 plane
2153 2028 2326 2076 Pollex
2340 2063 2355 2088 ‚

1328 2123 1431 2155 nou
1458 2106 1611 2155 iudex
1627 2129 1670 2153 ιο.
1692 2109 1782 2155 En.

216 2263 2349 2285 mmmmmmmmmmmmmmmmmmm

877 2421 1453 2503 EPISTOLA
1505 2422 1710 2501 VII.

220 2576 683 2635 Sollicitudinem
708 2576 1046 2655 deposuisse
1065 2577 1347 2657 significat
1370 2596 1502 2634 cum
1527 2596 1697 2635 causa
1718 2577 1892 2636 illius.
1911 2581 1994 2637 Ut
2014 2578 2151 2636 forti
2171 2579 2363 2636 animo

294 2675 396 2742 sit,
448 2688 508 2733 et
541 2674 921 2732 valitudinem
948 2689 1140 2746 curet,
1182 2675 1471 2732 hortatur.
1514 2674 1622 2751 (Ex
1657 2688 1835 2753 portu
1874 2676 2184 2747 Caietano,
2212 2694 2360 2733 nave

294 2790 645 2844 conscensa,
677 2790 830 2829 anno
860 2776 934 2831 U.
961 2775 1025 2829 C.
1049 2779 1158 2843 704
1181 2813 1199 2844 ,
1229 2790 1424 2828 mense
1444 2770 1664 2847 junio.)

588 2952 682 3018 M.
701 2955 774 3018 T.
810 2955 883 3019 C.
919 2953 1377 3019 TERENTIAE
1401 2963 1419 2988 ¹
1468 2951 1658 3017 SUAE
1705 2953 1768 3017 S.
1808 2953 1881 3020 P.
1916 2953 2000 3016 D.

309 3094 582 3160 Omms
638 3090 1046 3161 molestias²
1099 3106 1171 3162 et
1205 3085 1798 3176 sollicitudines³,
1851 3087 2122 3185 quibus
2171 3100 2242 3159 et
2294 3102 2386 3158 te‘

222 3199 700 3269 miserrimam
721 3198 967 3288 habui,
989 3200 1060 3271 id
1098 3200 1296 3298 quod
1322 3200 1497 3270 mihi
1519 3199 2108 3271 molestissimum
2140 3211 2271 3284 est,
2297 3212 2368 3268 et

220 3309 606 3379 Tulliolam
629 3364 648 3397 ‚
675 3334 833 3406 quae
862 3308 1074 3382 nobis
1110 3326 1356 3382 nostra
1392 3314 1535 3381 vita
1565 3311 1848 3382 dulcior
1879 3323 2023 3396 est,
2061 3306 2366 3404 deposui

217 3435 287 3490 et
319 3421 536 3515 ejeci.
583 3420 779 3510 Quid
807 3446 1032 3492 causae
1059 3408 1302 3492 autem
1337 3421 1551 3492 fuerit
1572 3476 1590 3509 ‚
1629 3421 1974 3519 postridie
2007 3420 2362 3506 intellexi,

216 3551 445 3623 quam
473 3552 518 3596 a
550 3524 760 3597 vobis
788 3527 1100 3599 discessi.
1131 3533 1339 3603 Χολῆν
1379 3527 1677 3623 &xpm-0514
1709 3540 1936 3597 noctu
1964 3525 2144 3618 ejeci
2184 3554 2198 3596 :
2231 3540 2368 3597 sta-

217 3639 345 3707 tim
389 3638 496 3708 ita
539 3660 702 3707 sum
737 3636 1048 3725 levatus,
1086 3652 1171 3708 ut
1202 3636 1380 3707 mihi
1425 3636 1607 3707 deus
1643 3638 1903 3732 aliquis
1935 3635 2366 3707 medicinam

288 3838 339 3869 1.
371 3820 459 3869 Al.
477 3819 598 3869 add.
628 3843 653 3862 α
668 3832 717 3869 et
731 3821 906 3869 Tulliae
922 3842 966 3868 ι.
989 3821 1112 3869 LV.
1127 3822 1184 3868 L.
1417 3821 1466 3868 3.
1488 3817 1864 3867 Sollicitudbaes.
1883 3819 2075 3882 Nempe
2094 3818 2156 3866 de
2175 3817 2375 3865 adversa

286 3918 342 3948 2.
364 3902 555 3948 Omnes
578 3900 838 3948 molestias.
855 3900 1117 3948 Manifesto
1138 3900 1258 3948 scri·
1346 3897 1595 3948 Ciceronis
1641 3895 1924 3945 valitudine.
1969 3900 2199 3961 AEgrotus
2243 3895 2373 3944 euim

216 3991 304 4043 pn
341 3978 560 4042 epistola
601 3995 749 4042 quum
788 3981 893 4041 jam
926 3996 1097 4027 navem
1138 3995 1257 4028 eon·
1346 3978 1500 4026 suerat
1517 4010 1531 4034 ,
1575 3974 1735 4023 donec
1775 3975 1848 4023 vis
1887 3976 2050 4025 morbi
2088 3977 2240 4037 ejecta
2276 3973 2377 4021 bile

218 4058 527 4116 ιαωάἰκεῐ,
553 4059 608 4105 in
634 4061 925 4125 Pompeiam
947 4070 1101 4108 castra
1125 4061 1260 4107 navi-
1349 4060 1663 4120 frangeretur.
1683 4060 1800 4107 Sca.

220 4152 365 4199 gaus.
388 4141 616 4187 Vre-ros.
1424 4145 1472 4193 4.
1493 4133 1643 4189 Χολήν
1659 4133 1881 4204 ἄκρατον.
1899 4135 2050 4184 Bilem
2070 4133 2374 4181 metanti».
