3023 4773
593 395 736 467 668
1248 402 1344 468 Μ.
1387 402 1466 468 Τ.
1511 398 2063 512 CICERONIS

581 606 948 627 mmmm
955 603 2425 629 mmmmmmmmmmmm
2432 604 2725 624 mm

1278 806 1865 886 EPISTOLA
1929 807 2026 884 X.

589 964 859 1026 subitum
883 965 1185 1024 consilium
1208 963 1283 1024 ab
1302 964 1463 1027 Urbe
1486 962 1796 1023 recedendi
1817 964 2064 1023 nuntiat.
2086 961 2397 1043 Pompeius
2419 961 2559 1041 quid
2587 983 2730 1023 con-

568 1133 574 1138 ,
670 1064 778 1122 silii
829 1063 1050 1142 ceperit
1094 1083 1157 1121 se
1197 1064 1417 1121 nescire
1464 1063 1699 1121 fatetur.
1744 1060 1861 1138 (Ad
1898 1059 2150 1134 Urbem,
2188 1080 2340 1120 anno
2375 1065 2452 1121 U.
2477 1065 2543 1120 C.
2573 1071 2727 1134 704,

667 1179 862 1217 mense
882 1157 1201 1236 januario.)
1298 1237 1303 1240 -

1258 1307 1567 1372 CICERO
1611 1307 1940 1372 ATTICO
1990 1307 2056 1371 S.

685 1449 947 1518 Smin-o
986 1444 1361 1517 consilium
1397 1446 1591 1543 cepi,
1636 1459 1752 1535 ut,
1797 1459 2185 1541 antequam
2227 1443 2535 1531 luceret,
2577 1447 2728 1516 exi-

588 1580 786 1643 rem3
826 1580 918 1628 ne
954 1559 1083 1654 qui
1118 1570 1552 1653 conspectus
1586 1554 1822 1644 fieret,
1861 1569 1986 1625 aut
2033 1578 2298 1642 sermo,
2345 1552 2727 1625 lictoribus

587 1669 979 1763 praesertim
1003 1665 1335 1737 laureatis
1359 1675 1404 1733 ¹.
1432 1669 1542 1736 De
1568 1663 1882 1761 relique,
1904 1688 2145 1760 neque
2172 1662 2501 1751 hercule,
2538 1664 2724 1762 quid

589 1797 834 1870 agam,
877 1800 1053 1863 nec,
1103 1772 1283 1871 quid
1325 1788 1615 1844 acturus
1652 1773 1819 1861 sim,
1873 1774 2017 1844 scio
2051 1800 2067 1843 :
2101 1775 2198 1844 ita
2230 1797 2388 1844 sum
2428 1789 2725 1870 pertur-

591 1881 805 1955 batus
824 1887 1224 1955 temeritate
1243 1884 1469 1952 nostri
1488 1883 1957 1954 amentissimi
1985 1883 2260 1953 consilii
2282 1893 2334 1953 ².
2359 1881 2517 1952 Tibi
2546 1908 2724 1955 vero

594 1991 776 2089 quid
802 1993 1139 2064 suadeam
1160 2045 1180 2078 ,
1208 1992 1416 2086 cujus
1443 1992 1597 2089 ipse
1623 1992 2001 2063 consilium
2039 1992 2430 2089 exspecto?
2461 1996 2722 2066 Cnaeus

589 2117 837 2173 noster
869 2102 1045 2198 quid
1084 2102 1363 2174 consilii
1408 2104 1712 2200 ceperit,
1772 2104 2122 2200 capiatve,
2165 2104 2443 2190 nesci0,
2483 2103 2722 2176 adhuc

586 2212 663 2281 in
697 2209 1028 2310 oppidis³
1068 2217 1467 2284 coarctatus
1501 2226 1576 2283 et
1611 2227 1931 2310 stupens.
1972 2217 2280 2302 Omnes,
2312 2215 2366 2284 si
2401 2219 2479 2284 in
2516 2214 2720 2287 Italia

590 2321 967 2410 consistat,
1002 2322 1269 2395 erimus
1303 2347 1491 2412 una;
1529 2324 1641 2393 sin
1674 2321 1913 2411 cedet,
1949 2322 2225 2395 consilii
2262 2348 2377 2396 res
2411 2338 2540 2397 est.
2579 2324 2718 2396 Ad·

590 2432 735 2502 huc
770 2447 1001 2520 certe,
1039 2434 1176 2505 nisi
1207 2458 1343 2531 ego
1382 2434 1697 2521 insanie,
1736 2432 1951 2505 stulte
1984 2434 2226 2505 omnia
2260 2448 2331 2504 et
2357 2435 2646 2506 incaute
2662 2435 2709 2504 ⁴.

588 2544 734 2629 Tu,
770 2567 1051 2639 quoeso,
1090 2543 1347 2616 crebro
1382 2543 1472 2616 ad
1499 2568 1618 2614 me
1645 2542 1916 2632 scribe,
1949 2544 2059 2616 vel
2089 2542 2287 2641 quod
2315 2547 2391 2614 in
2413 2543 2714 2616 buccam

590 2667 890 2723 venerit.

666 2806 714 2840 1.
737 2790 1009 2842 Laurentis.
1032 2794 1102 2841 Ut
1125 2792 1423 2858 triumphum
1445 2809 1614 2858 exspe-
1771 2795 1819 2843 3.
1849 2796 1909 2841 In
1933 2791 2134 2861 oppidis.
2155 2792 2447 2857 Campania.
2474 2794 2627 2841 Inm-

592 2869 854 2919 cuntibuo.
886 2871 1041 2935 Epist.
1073 2873 1134 2920 ιδ
1155 2906 1170 2931 ,
1194 2871 1279 2922 lib.
1307 2875 1356 2921 11
1372 2907 1387 2933 ,
1411 2874 1475 2922 nd
1492 2874 1608 2921 Div.
1771 2880 1820 2929 ⁴.
1846 2872 1978 2920 Olim
1994 2907 2009 2932 ,
2034 2883 2147 2937 post
2184 2872 2413 2930 incaute,
2451 2872 2718 2921 addebatur

594 2948 755 2997 Con.
1698 2951 1785 3016 agi
1805 2950 1954 2999 video
1970 2985 1986 3007 ‚
2020 2952 2156 3016 qnod
2189 2951 2369 3000 delevit
2389 2953 2638 3002 Victorius
2651 2988 2666 3012 ,
2684 2969 2714 3000 ι

663 3042 713 3075 a.
732 3026 945 3077 consilii.
967 3028 1114 3077 Urbis
1132 3030 1481 3095 relinquenda
1508 3032 1584 3078 ln.
1697 3031 1836 3091 cujus
1862 3031 1987 3078 MSS
2014 3031 2201 3081 aberat.
2224 3033 2256 3082 J
2265 3031 2352 3082 ,Ἄ
2376 3034 2434 3081 1..

1154 3216 1159 3221 ’
1231 3223 1597 3246 mmm
2610 3224 2696 3244 w-

1876 3225 2057 3245 m

1242 3422 1853 3502 EPISTOLA
1918 3423 2070 3501 XI.

592 3573 897 3633 Invehitur
924 3574 985 3632 in
1012 3576 1295 3633 Caesarem
1321 3595 1335 3632 z
1366 3573 1627 3651 Pompeii
1656 3572 1958 3632 consilium
1990 3571 2384 3651 relinquendae
2408 3573 2584 3633 Urbis
2613 3594 2710 3633 re-

630 3722 633 3729 .
669 3670 1010 3750 prehendit3
1046 3691 1108 3731 se
1138 3671 1468 3749 Campaniae
1496 3683 1555 3729 et
1587 3691 1703 3732 orae
1734 3672 2032 3732 maritimae
2063 3691 2309 3750 praeesse
2337 3674 2577 3731 nuntiat.
2609 3673 2712 3732 Li-

678 3779 829 3827 teras
857 3769 1033 3828 Attici
1058 3768 1338 3847 exposcit.
1373 3768 1570 3846 (Anno
1598 3772 1672 3826 U.
1704 3772 1767 3827 C.
1804 3780 1947 3843 704,
1977 3788 2169 3828 mense
2193 3769 2507 3847 januaria.)

1253 3935 1565 4001 CICERO
1611 3936 1926 4001 ATTICO
1970 3938 2033 4002 S.

686 4072 988 4160 Qua-350,
1027 4069 1201 4166 quid
1240 4071 1383 4141 hoc
1431 4072 1588 4144 est?
1629 4085 1752 4142 aut
1778 4070 1952 4167 quid
1990 4073 2270 4169 agitur?
2302 4071 2478 4143 mihi
2513 4072 2704 4143 enim
