3023 4773
724 405 800 469 T.
849 402 1385 472 POMPONII
1437 406 1791 478 ATTICI.
2184 405 2323 477 215

203 540 351 623 ‘tem
388 545 800 609 romanam,
835 521 971 594 alia
1012 521 1300 594 adscita.
1350 524 1716 613 Quamdiu
1751 525 1995 609 affuit,
2047 553 2137 597 ne
2180 553 2325 623 qua

231 635 343 705 sibi
390 648 625 705 statua
662 646 1081 730 poneretur,
1111 635 1413 720 restitit;
1447 633 1709 706 absens
1750 635 2137 735 prohibere
2174 663 2326 707 non

227 745 458 840 potuit.
518 747 769 839 ltaque
822 742 1100 839 aliquot
1146 744 1321 840 ipsi,
1362 757 1434 815 et
1478 746 1673 816 Piliae
1699 758 1749 832 ¹,
1800 746 1976 818 locis
2026 752 2325 820 sanctis-

223 857 395 924 simis
442 866 868 951 posuerunt.
930 857 1141 923 Hunc
1189 855 1381 923 enim
1449 856 1525 923 in
1577 859 1777 931 omni
1822 859 2329 952 procuratione

223 966 382 1061 reip.
411 978 784 1035 auctorem
818 975 1284 1057 actoremque
1323 960 1712 1035 habebant.
1745 968 1973 1061 lgitnr
2011 967 2329 1062 primum

221 1073 379 1145 illud
433 1097 705 1144 munus
754 1070 1096 1157 fortunae,
1138 1072 1339 1169 quod
1389 1078 1464 1143 in
1511 1097 1595 1145 ea
1639 1075 2094 1170 potissimum
2148 1073 2331 1145 urbe

219 1197 416 1254 natus
441 1197 583 1269 est,
618 1184 695 1252 in
724 1206 868 1278 qua
897 1181 1342 1254 domicilium
1370 1182 1569 1254 orbis
1606 1199 1959 1255 terrarum
1994 1199 2180 1256 esset
2210 1185 2335 1253 im-

220 1295 421 1390 perii,
459 1306 544 1363 ut
573 1292 895 1364 eamdem
926 1306 999 1363 et
1025 1293 1328 1391 patriam
1355 1292 1686 1379 haberet,
1718 1309 1791 1365 et
1825 1291 2149 1364 domum.
2180 1299 2333 1365 Hoc

220 1403 570 1500 specimen
610 1401 1034 1500 prudentiae,
1060 1402 1262 1499 quod
1291 1428 1523 1500 quum
1561 1409 1636 1474 in
1665 1429 1820 1475 eam
1863 1405 2219 1475 civitatem
2259 1430 2335 1475 se

221 1510 665 1598 contulisset,
711 1537 871 1609 quae
913 1516 1382 1610 antiquitate,
1435 1513 1915 1602 humanitate,
1969 1514 2332 1596 doctrina,

224 1636 575 1720 praestaret
603 1646 894 1708 omnes,
931 1648 1123 1694 unus
1154 1625 1219 1696 ei
1252 1640 1417 1695 ante
1452 1625 1632 1696 alios
1669 1624 1886 1696 fuerit
1914 1627 2335 1696 carissimus.

310 1737 421 1804 lv.
472 1738 631 1803 Huc
681 1758 769 1803 ex
824 1733 985 1803 Asia
1039 1734 1232 1805 Sulla
1294 1734 1654 1807 decedens
1709 1742 1940 1832 quum
1991 1737 2335 1819 venisset;

222 1843 555 1939 quamdiu
589 1843 690 1913 ibi
731 1840 907 1930 fuit,
945 1868 1191 1915 secum
1232 1844 1485 1916 habuit
1522 1850 2043 1942 Pomponium,
2087 1860 2339 1941 captus

222 1953 682 2058 adolesqentis
705 1969 778 2026 et
800 1954 1245 2027 humanitate
1269 1970 1342 2026 et
1367 1955 1719 2028 doctrina.
1744 1959 1860 2027 Sic
1891 1957 2084 2026 enim
2117 1977 2340 2050 graece

221 2063 665 2161 loquebatur,
701 2078 787 2135 ut
825 2064 1128 2137 Athenis
1163 2060 1374 2137 natus
1409 2067 1797 2138 videretur.
1836 2070 2059 2136 Tanta
2094 2078 2333 2135 autem

223 2175 517 2245 suavitas
560 2189 715 2243 erat
751 2178 1105 2247 sermonis
1138 2177 1369 2257 latini,
1412 2189 1493 2243 ut
1530 2191 1908 2271 appareret
1958 2179 2029 2245 in
2086 2200 2174 2245 eo
2208 2187 2343 2245 na-'

224 2285 436 2353 tivum
489 2279 880 2378 quemdam
918 2283 1244 2379 leporem
1282 2307 1463 2367 esse,
1507 2309 1661 2355 non
1699 2283 2073 2356 adscitum.
2138 2285 2339 2356 Idem

227 2408 544 2491 poemata
571 2391 1091 2490 pronuntiabat
1118 2408 1192 2463 et
1216 2417 1467 2490 graece,
1502 2409 1576 2464 et
1599 2394 1821 2466 latine
1848 2398 1983 2480 sie,
2014 2410 2096 2465 ut
2125 2418 2343 2493 supra

226 2504 389 2575 nihil
433 2518 680 2601 posset
717 2501 905 2573 addi.
953 2502 1245 2593 Quibus
1274 2502 1493 2574 rebus
1531 2502 1799 2576 factum
1841 2522 1948 2577 est
1971 2561 1989 2592 ,
2036 2521 2118 2576 ut
2153 2505 2350 2575 Sulla

227 2637 571 2711 nusquam
601 2638 767 2684 eum
806 2638 846 2684 a
881 2639 957 2685 se
994 2612 1416 2704 dimitteret,
1452 2631 1899 2714 cuperetque
1927 2642 2177 2689 secum
2214 2616 2343 2685 de-

229 2722 501 2796 ducere.
529 2728 664 2796 Cui
694 2747 926 2820 quum
962 2724 1396 2822 persuadere
1409 2739 1773 2812 „tentaret3
1805 2726 2044 2813 «Noli,
2073 2751 2204 2796 oro
2240 2740 2346 2809 te,

227 2864 256 2896 «t
279 2837 512 2932 inquit
543 2837 1019 2930 Pomponius,
1061 2834 1444 2908 adversum
1497 2860 1623 2906 eos
1666 2861 1780 2906 me
1820 2837 1997 2907 velle
2034 2837 2341 2917 ducere,

229 2974 260 3008 ι
283 2969 440 3016 cum
478 2943 752 3041 quibus
788 2970 880 3016 ne
919 2960 1171 3017 contra
1217 2959 1288 3016 te
1331 2969 1527 3015 arma
1564 2943 1866 3032 ferrem,
1906 2944 2183 3015 Italiam
2231 2967 2344 3012 re-

229 3054 450 3152 «liqui
485 3085 539 3125 n.
606 3059 696 3126 At
756 3054 988 3142 Sulla,
1041 3054 1513 3127 adolescentis
1575 3051 1816 3126 officio
1850 3047 2290 3123 'collaudato
2324 3106 2342 3134 ,

230 3167 459 3237 omnia
476 3190 780 3236 munera
809 3168 919 3251 ei,
943 3190 1103 3263 quae
1126 3164 1428 3235 Athenis
1456 3178 1860 3262 acceperat,
1882 3159 2346 3259 proficiscens

224 3274 416 3367 jussit
453 3273 740 3347 deferri.
776 3277 903 3347 Hic
940 3274 1350 3373 complures
1382 3299 1612 3346 annos
1652 3287 2000 3356 moratus,
2018 3294 2250 3369 quum
2272 3286 2344 3341 et

227 3388 318 3455 rei
343 3384 676 3457 familiari
707 3401 986 3456 tantum
1024 3408 1260 3483 operae
1296 3383 1537 3470 daret,
1574 3397 1931 3482 quantum
1963 3406 2111 3452 non
2154 3381 2341 3484 indi-

225 3492 444 3591 figens
460 3494 761 3566 deberet
779 3481 1319 3592 paterfamilias,
1345 3508 1418 3564 et
1444 3496 1688 3566 omnia
1716 3493 1994 3588 reliqua
2021 3489 2381 3588 tempora*

224 3620 338 3676 aut
389 3605 655 3691 literis,
722 3620 847 3675 aut
899 3605 1445 3677 Atheniensium
1492 3602 1907 3702 reipublicae
1959 3600 2344 3684 tribueret,

223 3713 453 3787 nihilo
501 3717 746 3787 minus
782 3717 1027 3786 amicis
1069 3714 1346 3785 urbana
1384 3711 1619 3784 officia
1663 3712 2012 3808 praestitit.
2057 3713 2237 3780 Nam
2282 3725 2353 3781 et

293 3981 336 4012 ι.
369 3966 533 4015 Pilia.
571 3966 664 4015 Adi
699 3967 760 4015 de
788 3969 889 4028 ejus
913 3967 1009 4016 loci
1035 3945 1242 4015 lectione
1330 3968 1496 4031 pium,
1534 3964 1804 4014 Verisimil.
1848 3964 1954 4024 111,
2004 3965 2064 4011 8.
2117 3963 2352 4022 Videatur

216 4040 553 4107 disputantem
594 4047 835 4111 lipsium,
873 4047 1028 4096 Eleet.
1065 4048 1115 4105 1,
1163 4055 1241 4102 ιι.
1331 4060 1528 4108 quoqne
1548 4043 1787 4102 Barthius,
1807 4041 2238 4101 Advem.XXlX‚
2266 4058 2355 4096 ια.

214 4120 561 4184 Ragonium,
586 4128 701 4172 var.
727 4128 860 4175 Lect.
879 4128 942 4183 V,
987 4143 1027 4172 ι.
1066 4126 1242 4189 Sciop-
1331 4136 1377 4170 et
1405 4134 1530 4171 nost.
1550 4123 1728 4182 editio,
1745 4138 1852 4187 pag.
1876 4121 1993 4169 260.
2016 4123 2101 4168 En.

1324 4217 1356 4245 ἱ
