3023 4773
590 401 732 474 330
1229 407 1323 475 M.
1377 407 1453 472 Τ.
1510 407 2085 475 CICERONIS

589 527 806 605 cessi,
848 525 979 607 tibi
1013 527 1280 623 primas
1316 523 1587 597 defero.
1624 527 1787 596 Vidi
1816 530 2041 611 enim,
2074 523 2251 609 vidi,
2290 527 2721 622 penitusque

588 636 1079 732 perspexi2iu
1120 635 1295 705 meis
1326 637 1536 705 variis
1575 634 2063 732 temporibuS‚
2098 650 2171 706 et
2203 634 2723 706 sollicitudines

589 758 662 814 et
700 744 975 816 laetitias
1015 758 1192 814 tuas,
1242 746 1402 814 Fuit
1438 745 1619 815 mihi
1669 769 1857 842 saepe
1896 761 1968 817 et
2006 745 2238 816 laudis
2273 759 2534 815 nostrae
2564 770 2721 842 gra-

589 854 843 925 tulatio
873 870 994 925 tua
1024 853 1344 949 jucunda
1367 909 1385 940 ‚
1418 871 1492 926 et
1520 855 1799 927 timoris
1837 856 2235 928 consolatio
2265 871 2480 951 grata.
2521 858 2721 945 Quin

588 964 767 1034 mihi
802 989 1000 1035 nunc
1023 1020 1041 1047 ‚
1085 981 1155 1035 te
1191 963 1525 1053 absente,
1555 991 1709 1037 non
1738 966 1977 1038 solum
2012 964 2387 1037 consilium
2407 1020 2426 1053 ‚
2457 990 2604 1062 quo
2637 981 2719 1036 tu

588 1075 875 1147 excellis
895 1129 913 1160 ‚
950 1075 1073 1147 sed
1102 1080 1320 1146 etiam
1348 1081 1703 1149 sermonis
1731 1079 2317 1159 communicati0‚
2358 1101 2516 1174 quae
2544 1077 2721 1146 mihi

591 1192 1007 1263 suavissima
1049 1205 1290 1260 tecum
1333 1191 1516 1262 solet
1559 1214 1755 1277 esse‚·
1784 1194 2094 1261 maxime
2127 1191 2346 1261 deest.
2390 1190 2581 1279 Quid
2620 1189 2724 1260 di-

591 1300 799 1369 cam?
837 1301 909 1367 in
956 1294 1301 1396 publica⁸
1339 1302 1457 1370 re?
1498 1325 1650 1397 quo
1693 1302 1766 1371 in
1810 1324 2070 1396 genere
2113 1300 2289 1370 mihi
2339 1301 2726 1397 negligenti

591 1433 743 1480 esse
806 1434 959 1480 non
1021 1410 1227 1497 licet3
1286 1435 1377 1480 an
1436 1413 1511 1480 in
1565 1407 1836 1481 forensi
1892 1410 2187 1483 labore?
2236 1435 2461 1507 quem
2515 1427 2725 1482 antea

589 1533 893 1617 propter
947 1520 1418 1593 ambitionem
1469 1521 1952 1608 sustinebam,
2004 1544 2237 1608 nunc,
2291 1536 2370 1591 ut
2421 1521 2723 1618 dignita-

584 1646 729 1700 tem
768 1633 955 1701 tueri
991 1632 1214 1727 gratia
1251 1631 1560 1727 possim3
1599 1656 1692 1704 an
1728 1633 1803 1701 in
1837 1633 2011 1727 ipsis
2053 1630 2462 1701 domesticis
2501 1654 2725 1728 nego-

593 1741 757 1811 tiis?
795 1743 866 1811 in
912 1741 1180 1838 quibus
1217 1765 1353 1837 ego
1396 1764 1625 1837 quum
1667 1756 1912 1825 antea,
1952 1756 2111 1811 tum
2155 1762 2327 1812 vero
2372 1756 2537 1837 post
2580 1739 2722 1811 dis·

591 1872 870 1923 cessum
933 1850 1205 1937 fratris,
1276 1865 1346 1921 te
1418 1874 1939 1949 sermonesque
2011 1864 2297 1920 nostros
2370 1848 2722 1920 desidero.

565 1968 966 2038 ‘Postremo
1019 1990 1168 2035 non
1211 1963 1415 2036 labor
1457 1989 1701 2051 mem,
1746 1990 1895 2034 non
1942 1969 2270 2064 requies;
2317 1988 2464 2034 non
2505 1988 2726 2060 nego-

593 2079 810 2162 tium,
852 2101 1002 2147 non
1047 2078 1318 2162 otium3
1362 2080 1509 2148 non
1549 2074 1872 2146 forenses
1915 2101 2065 2161 rea,
2102 2096 2252 2145 non
2287 2075 2724 2155 domestioee,

595 2211 743 2256 non
783 2185 1088 2282 publicae
1111 2242 1130 2274 ,
1169 2211 1319 2256 non
1359 2186 1649 2283 privatae
1693 2209 1935 2258 carere
1972 2185 2243 2255 diutius
2285 2200 2415 2255 tuo
2454 2185 2725 2255 suavis·-

594 2300 777 2368 simo
805 2311 1020 2394 atque
1056 2297 1548 2368 amantissimo
1584 2295 1885 2368 consilio
1916 2318 1999 2365 ac
2026 2316 2360 2365 sermone
2397 2308 2721 2392 possunt.

690 2411 925 2502 Atque
951 2404 1208 2476 harum
1234 2429 1479 2477 rerum
1507 2409 2274 2477 commemorationem
2298 2406 2729 2476 verecundia

592 2537 779 2611 saepe
828 2514 1205 2612 impedivit
1259 2520 1637 2613 utriusque
1692 2529 2046 2587 nostrum.
2099 2519 2312 2587 Nunc
2361 2531 2601 2586 autem
2648 2541 2727 2587 ea

592 2623 730 2695 fuit
766 2630 1159 2697 necessaria
1196 2639 1497 2723 propter
1532 2652 1687 2698 eam
1730 2642 2005 2725 partem
2041 2627 2360 2723 epistolae
2388 2640 2531 2696 tuae
2552 2682 2571 2713 ‚
2599 2651 2732 2724 per

593 2757 812 2833 quam
869 2751 940 2807 te
983 2755 1065 2806 ac
1118 2760 1358 2808 mores
1418 2751 1581 2808 tuos
1641 2733 1815 2808 mihi
1867 2751 2209 2834 purgatos
2260 2761 2342 2807 ac
2386 2735 2729 2833 probatos

595 2869 748 2917 esse
808 2848 1114 2917 voluisti.
1178 2852 1415 2944 Atque
1477 2852 1551 2919 in
1604 2849 1733 2919 ista
1794 2847 2387 2920 incommoditate
2442 2848 2728 2919 alienati

591 2956 781 3028 illius
837 2960 1053 3027 animi
1103 2973 1177 3029 et
1225 2957 1522 3042 offensi,
1576 2956 1751 3027 illud
1801 2962 1991 3028 inest
2030 2972 2270 3028 tamen
2325 2958 2731 3044 commodi,

592 3065 792 3162 quod
839 3081 912 3136 et
961 3067 1136 3137 mihi
1183 3083 1257 3138 et
1300 3069 1557 3138 ceteris
1598 3070 1844 3138 amicis
1885 3071 2027 3138 tuis
2063 3081 2234 3137 nota
2270 3065 2437 3154 fuit,
2483 3082 2556 3139 et
2602 3068 2732 3139 abs

589 3188 664 3246 te
700 3173 1089 3272 aliquando
1134 3176 1506 3248 testificata
1549 3190 1673 3247 tua
1712 3177 2050 3249 voluntas
2098 3178 2510 3248 omittendae
2555 3203 2725 3274 pro-

590 3286 879 3371 vinciae3
921 3300 1033 3372 ut,
1077 3284 1280 3382 quod
1327 3309 1475 3356 una
1513 3312 1665 3357 non
1713 3287 1917 3374 estis,
1972 3313 2118 3358 non
2162 3287 2601 3358 dissensione
2641 3311 2726 3358 ac

587 3395 886 3469 *dissidio
921 3409 1200 3481 vestm,
1247 3395 1375 3467 sed
1417 3398 1795 3470 voluntate
1842 3419 1924 3469 ac
1961 3398 2238 3494 judicio
2283 3411 2405 3467 tuo
2452 3390 2725 3466 factum

591 3527 743 3577 esse
782 3505 1127 3586 videatur.
1177 3509 1418 3596 Quare
1458 3523 1533 3579 et
1569 3508 1726 3596 illa,
1772 3529 1934 3606 quae
1976 3508 2280 3594 violata,
2327 3506 2725 3604 expiabun-

590 3629 746 3699 tur3
782 3633 855 3687 et
883 3617 1034 3689 haec
1071 3632 1352 3703 nostra,
1390 3643 1553 3716 quae
1590 3634 1761 3690 sunt
1803 3621 2245 3690 sanctissime
2283 3633 2729 3700 conservata,

590 3749 790 3795 suam
830 3727 1252 3825 religionem
1290 3729 1755 3810 obtinebunt.

684 3838 833 3905 Nos
869 3837 983 3909 hic
1022 3841 1092 3910 in
1131 3839 1507 3938 republica
1540 3839 1864 3928 infirma,
1901 3843 2198 3918 misera,
2247 3839 2729 3912 commutabi-

588 3946 786 4042 lique
819 3971 1206 4020 versarnur.
1247 3951 1484 4022 Credo
1522 3953 1714 4021 enim
1748 3966 1819 4020 te
1852 3951 2132 4022 audisse
2158 4005 2175 4028 ,
2214 3965 2504 4020 nostros
2533 3955 2730 4046 equi-

654 4140 704 4189 8.
727 4139 837 4188 Scb.
865 4162 885 4181 ι
911 4139 962 4186 in
980 4139 1237 4203 publicane
1263 4142 1346 4187 rc?
1366 4164 1389 4184 a
1409 4154 1459 4190 et
1477 4159 1590 4191 cum
1611 4143 1744 4192 dces!
1766 4142 2043 4207 conjungit.
