3023 4773
643 389 789 472 444
1264 388 1361 456 Μ.
1411 387 1489 454 Τ.
1543 382 2122 454 CICERONIS

640 508 871 594 hunc,
902 506 1027 580 sed
1062 507 1277 578 etiam
1302 516 1540 601 auget.
1574 508 1751 576 Nam
1786 495 2006 573 ceteri
2029 498 2318 571 dolores
2334 498 2755 596 mitigantur

636 629 1021 704 vetustate3
1056 614 1174 686 hic
1216 640 1368 685 non
1408 628 1649 712 potest
1682 636 1830 682 non
1865 625 1938 682 et
1972 633 2187 681 sensu
2218 612 2585 706 praesentis
2623 613 2755 679 mi-

636 725 873 812 seriae,
903 739 975 795 et
1004 722 1499 795 recordatione
1533 723 1903 820 praeteritae
1929 721 2090 791 vitae
2123 717 2448 815 quotidie
2480 721 2745 815 augeri.

634 831 984 905 Desidero
1015 837 1209 904 enim
1246 858 1393 903 non
1428 856 1588 902 mea
1622 832 1856 902 solum
1876 882 1895 917 ,
1937 852 2177 926 neque
2211 851 2410 899 meos
2432 882 2452 914 ‚
2483 826 2606 898 sed
2632 852 2750 898 me

635 940 896 1037 ipsum.
930 941 1121 1031 Quid
1150 943 1337 1015 enim
1374 941 1622 1012 sums?
1647 938 1772 1011 sed
1792 963 1942 1011 non
1972 936 2223 1009 faciam
2245 990 2264 1025 ,
2288 950 2372 1007 ut
2401 950 2522 1007 aut
2543 951 2747 1006 tuum

635 1052 1241 1148 animum'angam
1279 1051 1627 1149 quereIiS‚
1678 1065 1805 1122 aut
1841 1050 2018 1122 meis
2049 1046 2468 1119 vulneribus
2499 1048 2752 1144 saepius

635 1183 895 1232 manus
933 1159 1245 1232 afferam.

733 1271 912 1338 Nam
945 1267 1148 1365 quod
1182 1293 1448 1367 purgas
1472 1292 1635 1358 eos,
1668 1292 1855 1366 quos
1890 1291 2026 1363 ego
2066 1266 2246 1337 mihi
2278 1267 2528 1364 scripsi
2569 1267 2751 1334 invi-

560 1411 573 1426 ·
635 1376 823 1448 disse
843 1430 862 1460 ‚
890 1380 1065 1448 etin
1098 1383 1199 1450 eis
1223 1384 1605 1467 Catonem,
1642 1403 1777 1476 ego
1809 1402 1981 1448 vero
2009 1390 2292 1447 tantum
2330 1375 2534 1445 illum
2573 1388 2754 1471 puto

634 1484 727 1556 ab
759 1487 896 1557 isto
925 1486 1190 1559 scelere
1214 1486 1560 1575 abfuisse,
1589 1501 1672 1558 ut
1695 1488 2000 1557 maxime
2028 1485 2341 1570 doleam,
2372 1482 2756 1583 plusbapud

635 1620 754 1667 me
772 1597 1295 1669 simulationem
1317 1598 1617 1669 aliorum
1637 1652 1658 1684 ,
1681 1621 1899 1695 quam
1923 1597 2127 1668 istius
2151 1595 2370 1666 fidem
2389 1650 2408 1684 ‚
2427 1594 2754 1665 valuisse.

634 1708 872 1777 Ceteri
894 1704 948 1795 ³,
994 1733 1180 1804 quos
1223 1732 1520 1805 purgaS‚
1558 1706 1826 1779 debent
1859 1706 2036 1777 mihi
2077 1710 2363 1804 purgati
2403 1727 2595 1792 esse,
2629 1703 2757 1774 tibi

635 1820 696 1885 si
739 1832 928 1887 sunt.
985 1816 1122 1888 Sed
1175 1816 1326 1886 haec
1379 1841 1540 1887 sero
1579 1820 1875 1915 agimus.
1923 1819 2154 1888 Crassi
2199 1816 2541 1887 libertum
2578 1814 2790 1885 nihil<

636 1941 819 2022 puto
856 1927 1129 1997 sincere
1167 1924 1578 2023 loquutum.

733 2039 817 2104 In
854 2048 1109 2105 senatu
1137 2061 1287 2106 rem
1316 2034 1547 2133 probe
1574 2033 1823 2108 scribis
1848 2050 2098 2107 actam.
2124 2033 2261 2107 Sed
2290 2032 2468 2131 quid
2498 2031 2760 2105 Curio?

635 2168 727 2213 an
758 2143 946 2214 illam
984 2149 1427 2216 orationem4
1461 2171 1615 2216 non
1645 2145 1857 2243 legit?
1895 2171 2055 2242 quae
2094 2143 2286 2215 unde
2323 2145 2413 2214 sit
2445 2141 2758 2238 prolata,

634 2255 899 2326 nescio.
933 2255 1069 2327 Sed
1099 2257 1314 2327 Axius
1331 2253 1386 2343 ⁵,
1417 2256 1737 2351 ejusdem
1772 2254 1909 2325 diei
1945 2252 2265 2326 scribens
2300 2251 2391 2322 ad
2419 2276 2537 2322 me
2569 2264 2756 2335 acta,

634 2391 784 2435 non
824 2368 920 2437 ita
960 2366 1199 2437 laudat
1235 2367 1648 2440 Curionem.
1690 2370 1778 2436 At
1811 2358 2089 2463 potest⁶
2120 2362 2238 2434 ille
2276 2358 2546 2460 aliquid
2581 2383 2759 2458 prae-

637 2478 1026 2547 termittere
1048 2502 1065 2546 :
1091 2491 1175 2546 tu
1193 2531 1213 2564 ‚
1239 2478 1378 2547 nisi
1404 2475 1604 2574 quod
1633 2491 1820 2560 erat,
1841 2472 2168 2573 profecto
2204 2498 2355 2544 non
2392 2471 2755 2569 scripsisti.

635 2588 979 2657 Varronis
1014 2610 1251 2658 sermo
1274 2584 1442 2657 facit
1471 2590 2080 2685 exspectationem
2117 2583 2448 2655 Caesaris⁷
2481 2609 2497 2651 ε
2540 2595 2760 2677 atque

704 2758 759 2791 α.
786 2744 973 2792 Ernest.
997 2744 1127 2805 conj.
1148 2765 1173 2785 σι
1191 2745 1292 2808 Qui
1310 2744 1437 2792 enim
1456 2760 1564 2792 sum
1580 2748 1602 2793 ?
1620 2765 1645 2785 ι·

633 2832 688 2869 ut
705 2821 756 2869 in
779 2820 876 2870 fine
892 2857 906 2881 ,
935 2844 957 2865 ι
978 2823 1233 2886 quoniam,
1260 2824 1346 2887 qui
1371 2824 1443 2872 fui
1458 2858 1473 2882 ‚
1496 2835 1546 2871 et
1564 2825 1650 2886 qni

632 2916 734 2948 esse
775 2902 948 2965 potui,
973 2904 1074 2963 jam
1108 2918 1210 2949 esse
1244 2918 1347 2949 non
1390 2917 1647 2967 possum».

633 2980 682 3029 J.
707 2981 771 3029 V.
794 2983 852 3029 L.

707 3059 755 3106 3.
780 3059 883 3106 Alii
898 3094 913 3118 ,
934 3071 1134 3109 ceteros.
1158 3063 1208 3109 J.
1226 3064 1293 3109 V.
1313 3062 1370 3108 1..

706 3144 754 3191 4.
782 3138 929 3186 Illam
957 3139 1242 3187 orationem.
1273 3142 1329 3186 In
1354 3139 1533 3201 ipsum.
1554 3139 1647 3201 Ep.

640 3231 720 3263 η.
746 3217 909 3265 Placet
925 3229 1112 3278 autem,
1132 3231 1187 3266 ut
1206 3219 1266 3267 de
1283 3217 1495 3266 Curione
1514 3228 1652 3293 patre

630 3296 1243 3359 potinsaccipiatnr,qnam
1259 3295 1432 3343 defilio
1445 3312 1460 3353 3
1474 3305 1650 3360 utpote

633 3375 774 3435 cujus
798 3375 1083 3422 sententiam
1099 3409 1114 3433 ‚
1142 3375 1574 3437 auctoritatemque
1597 3376 1650 3421 in

633 3467 802 3503 senatu
823 3454 976 3519 pluris
993 3455 1167 3504 Cicero
1187 3455 1381 3503 deberet
1400 3456 1651 3502 aestimare.

634 3535 867 3582 Praeteoea
884 3569 899 3593 ‚
933 3550 1084 3597 quum
1118 3532 1338 3597 loquitur
1380 3533 1553 3581 Cicero
1593 3533 1653 3581 de

634 3610 740 3658 filio
753 3645 768 3669 ‚
785 3629 973 3676 semper
989 3611 1173 3676 aliquid
1184 3612 1389 3676 apponit
1400 3644 1415 3668 ,
1432 3623 1488 3659 nt
1501 3628 1651 3674 quum

637 3689 787 3749 dicit,
816 3692 965 3738 Curio
994 3690 1271 3738 adolescens
1291 3727 1306 3751 ,
1336 3708 1415 3757 ep.
1449 3692 1477 3737 8
1510 3701 1558 3737 et
1590 3692 1650 3737 18

634 3767 725 3816 lib.
754 3770 819 3816 11.
845 3770 994 3818 Curio
1020 3786 1153 3817 meus
1169 3804 1186 3828 ,
1215 3770 1357 3835 epist.
1394 3785 1453 3816 ια
1478 3768 1566 3817 lib.
1588 3771 1654 3818 11.

636 3845 787 3895 Curio
817 3845 974 3904 filius,
997 3865 1074 3911 ep.
1111 3864 1171 3910 19
1201 3860 1250 3896 et
1279 3856 1346 3903 24
1369 3848 1454 3895 lib.
1484 3850 1551 3895 11.
1582 3848 1655 3894 De

637 3935 775 3987 patre
804 3941 953 3987 quum
979 3926 1212 3990 loquitur,
1244 3928 1365 3975 nihil
1394 3925 1656 3985 adscribit,

635 4013 694 4049 nt
717 4018 795 4066 ep.
827 4014 885 4049 xa
917 4014 964 4050 et
996 4020 1053 4066 ¹7
1084 4006 1169 4054 lib.
1194 4010 1246 4067 1,
1275 4017 1325 4055 et
1350 4022 1417 4054 20
1443 4006 1530 4054 lib.
1560 4008 1650 4055 111.

633 4081 709 4129 De
734 4081 824 4130 hac
845 4085 1061 4133 oratione
1079 4086 1131 4134 in
1154 4078 1418 4138 Curionem
1440 4086 1584 4134 simul
1607 4096 1653 4133 et

1736 2743 1965 2793 Clodium
1982 2742 2277 2791 mentionem
2294 2740 2479 2788 faciunt
2496 2739 2757 2801 Quintilis·

1735 2839 1854 2881 nus,
1872 2825 1934 2878 V,
1960 2838 2045 2880 xo,
2069 2837 2134 2884 9²
2152 2838 2168 2879 ;
2186 2820 2405 2882 Nonius,
2422 2836 2471 2883 p.
2500 2818 2633 2876 465;
2661 2822 2762 2867 Ru·

1736 2902 1961 2949 tinianus.
1981 2903 2192 2949 Munna
2207 2925 2279 2936 —-
2295 2898 2391 2947 Sed
2408 2897 2521 2946 vide
2538 2907 2710 2945 notum
2729 2896 2759 2942 6

1736 2980 1801 3028 ad
1818 2980 1958 3044 epist.
1981 2996 2041 3026 12
2071 2993 2243 3044 supra:
2274 2977 2420 3038 hujus
2444 2985 2637 3025 exstant
2659 2976 2760 3024 reli·

1737 3059 1889 3122 quiae;
1903 3070 1951 3107 et
1969 3059 2147 3105 suntin
2165 3055 2460 3121 fragmentis.
2472 3058 2612 3102 nanc
2636 3065 2759 3101 orat.

1737 3137 1965 3185 adversus
1983 3137 2241 3185 Curionem
2256 3146 2442 3199 patrem
2463 3135 2610 3181 fnisse
2627 3132 2760 3180 habi-

1738 3226 1838 3263 tam
1877 3216 2088 3264 adsentit
2113 3218 2161 3264 J.
2183 3217 2248 3262 V.
2284 3217 2340 3263 Ι..
2359 3223 2429 3263 ,οἱ
2466 3210 2759 3271 confirmant

1739 3296 1950 3343 recentia
1976 3295 2115 3342 DN.
2141 3293 2262 3341 Maii
2289 3292 2493 3341 scholia.
2523 3293 2621 3339 En.

1811 3376 1863 3423 5.
1887 3373 2063 3422 Axius.
2085 3374 2230 3420 Hunc
2249 3373 2427 3436 opinor
2445 3386 2546 3417 esse
2565 3369 2760 3429 Axium,

1739 3455 1817 3502 vel
1835 3454 1981 3514 hujus
2001 3462 2130 3500 certe
2152 3449 2307 3498 filium
2320 3484 2334 3506 ,
2357 3449 2512 3513 quiin
2533 3458 2758 3512 argenteo

1741 3533 1940 3581 denario
1965 3554 1989 3574 α
2008 3534 2063 3580 Ι..
2088 3531 2270 3579 Axsius
2300 3531 2355 3578 L.
2381 3533 2434 3578 F.
2463 3529 2597 3577 Naso
2617 3550 2643 3569 a
2676 3525 2761 3574 de·

1741 3615 1947 3676 scriptus
1965 3621 2058 3658 est.
2088 3611 2272 3657 Unsm.

1814 3693 1861 3739 6.
1890 3693 2078 3739 Ernest.
2106 3687 2366 3751 legendum
2386 3696 2549 3733 censet
2569 3684 2649 3732 vel
2667 3699 2760 3747 po-

1745 3770 1862 3825 tuit,
1891 3768 1968 3815 vel
2006 3766 2389 3832 prater-misisse.
2428 3764 2542 3814 Sch.
2578 3762 2758 3826 recepit

1735 3847 1914 3914 potuit.
1942 3846 2199 3910 Vulgatam
2219 3862 2336 3893 vero
2361 3844 2624 3892 lectionem
2651 3844 2760 3903 jure

1744 3926 1961 3975 defendit
1980 3927 2204 3973 Goerenz.
2227 3925 2290 3973 sd
2309 3925 2412 3974 Cic.
2440 3923 2500 3971 de
2530 3921 2730 3969 Finibus
2744 3953 2760 3977 ,

1742 4008 1841 4066 111,
1874 4020 1950 4052 ro.
1977 4006 2030 4053 J.
2049 4003 2111 4051 V.
2132 4006 2187 4051 L.

1815 4098 1866 4146 7.
1893 4081 2317 4149 &spectationem
2340 4079 2560 4134 (Restatis.
2579 4077 2763 4137 Habet,
