3023 4773
564 407 697 479 188
1196 415 1294 482 Μ.
1344 415 1420 481 Τ.
1477 415 2048 508 CICERONIS

552 618 1808 645 mmm-”mmmmm

2125 621 2308 644 m
2318 621 2691 643 mmmm

1168 827 1511 907 EPIST
1533 830 1768 910 OLA
1822 830 2063 909 XVI.

552 984 803 1058 Quintus
831 985 996 1045 fratri
1022 985 1097 1045 de
1118 985 1335 1047 Tirone
1362 990 1738 1063 manumisso,
1766 1004 1824 1049 et
1850 989 2061 1067 gratias
2088 988 2234 1068 agit,
2261 1002 2320 1047 et
2340 990 2676 1069 gratulatur.

1092 1083 1203 1161 (Ex
1234 1084 1569 1159 Britannia,
1615 1107 1770 1147 anno
1796 1092 1869 1148 U.
1896 1092 1960 1147 C.
1981 1086 2141 1166 699.)
2663 1095 2668 1102 '

883 1282 965 1364 Q.
1003 1281 1076 1346 c,
1110 1281 1203 1346 M.
1241 1282 1654 1347 clcERoNI
1697 1284 2008 1349 FRATRI
2056 1284 2121 1348 S.
2159 1283 2233 1347 P.
2270 1284 2350 1347 D.

645 1433 756 1499 Dr.
798 1430 1065 1498 Tirone
1093 1437 1142 1516 ¹,
1188 1432 1287 1497 mi
1337 1432 1612 1519 Marce,
1650 1431 1749 1499 ita
1793 1443 1907 1518 te,
1955 1451 2346 1526 meumque
2392 1430 2684 1499 Cicero-

550 1562 763 1624 nem,
820 1551 893 1607 et
937 1560 1169 1607 meam
1199 1537 1581 1609 Tulliolam
1608 1593 1628 1624 ‚
1672 1553 2029 1637 tuumque
2065 1537 2295 1609 filium
2350 1536 2633 1610 videam
2662 1591 2684 1625 ,

549 1661 634 1717 ut
683 1646 860 1717 mihi
911 1650 1392 1744 gratissimum
1449 1646 1718 1736 fecisti,
1763 1673 1994 1746 quum
2041 1673 2207 1719 eum
2234 1703 2254 1734 ‚
2299 1645 2686 1743 indignum

548 1758 669 1828 illa
697 1755 1028 1845 fortuna,
1059 1756 1312 1828 nobis²
1355 1761 1710 1847 amicum,
1746 1783 1968 1857 quam
2008 1781 2294 1829 servum
2334 1780 2487 1827 esse
2531 1779 2687 1826 ma-

548 1867 763 1939 luisti.
801 1865 985 1937 Mihi
1010 1865 1225 1938 crede
1243 1922 1262 1956 ‚
1294 1871 1439 1939 tuis
1466 1883 1542 1939 et
1568 1869 1758 1940 illius
1792 1870 2013 1941 literis
2037 1866 2404 1966 perlecti5‚
2430 1866 2687 1937 exsilui

547 1976 834 2074 gaudio.
877 1976 1037 2048 Tibi
1072 1992 1144 2049 et
1170 2002 1307 2075 ago
1341 1982 1634 2077 gratiam,
1664 1994 1736 2051 et
1772 1980 2115 2076 gratulor.
2159 1978 2230 2049 Si
2274 1980 2465 2048 enim
2502 1974 2688 2046 mihi

548 2084 794 2158 Statii-'-
827 2084 1131 2160 fidelitas
1159 2104 1267 2160 est
1299 2105 1510 2160 tantae
1536 2090 1929 2187 voluptati,
1953 2092 2208 2187 quanti
2247 2101 2399 2159 esse
2426 2089 2504 2155 in
2541 2089 2690 2156 isto

545 2193 700 2266 haec
732 2194 982 2268 eadem
1021 2197 1217 2269 bona
1248 2198 1552 2289 debent,
1593 2198 1852 2271 additis
1884 2200 2148 2286 literiS‚
2184 2194 2690 2283 sermonibuS‚

543 2304 1026 2397 humanitate,
1083 2335 1245 2407 quae
1290 2323 1460 2380 sunt
1514 2310 1627 2381 his
1677 2313 1851 2408 ipsis
1905 2307 2308 2380 commodis
2351 2305 2692 2406 potiora?

544 2420 730 2487 Amo
768 2432 838 2489 te
876 2419 1220 2490 omnibus
1258 2419 1598 2518 equidem
1641 2423 1968 2492 maximis
2001 2418 2092 2490 de
2124 2421 2391 2505 causis,
2428 2442 2689 2487 verum

545 2530 760 2599 etiam
798 2544 1100 2626 propter
1143 2529 1366 2617 hanc,
1411 2531 1523 2602 vel
1563 2531 1766 2629 quod
1806 2528 1984 2600 mihi
2029 2532 2168 2614 sic,
2211 2542 2294 2598 ut
2330 2524 2681 2612 debuisti,

547 2639 916 2709 nuntiasti.
961 2643 1060 2710 Te
1104 2654 1342 2710 totum
1386 2644 1461 2711 in
1504 2641 1730 2712 literis
1787 2640 1957 2711 vidi.
2016 2637 2262 2711 Sabini
2320 2638 2564 2734 pueris
2609 2649 2685 2706 et

546 2750 842 2845 promisi
888 2749 1166 2838 omnia,
1206 2764 1281 2820 et
1321 2748 1599 2821 faciam.
1974 2728 1985 2745 ⁸

623 2956 669 2988 1.
706 2941 778 2986 De
806 2940 997 2989 Tirone.
1025 2943 1104 2989 Ex
1141 2941 1233 2989 hac
1266 2942 1407 3006 epist.
1434 2940 1574 2990 colli-
1661 2956 1763 2989 esse
1787 2956 1832 2987 a.
1850 2941 1978 3003 699,
2004 2953 2108 3003 quo
2130 2950 2346 3002 tempore
2375 2938 2589 3000 Quintus
2615 2937 2688 2985 le·

548 3019 680 3083 gitur
706 3019 915 3067 Statium
941 3022 1004 3084 Q.
1025 3037 1217 3069 servum
1239 3022 1376 3085 prins
1403 3037 1573 3068 mauu·
1660 3031 1799 3082 gatus
1828 3017 2030 3067 Cauris
2055 3017 2226 3065 eratin
2247 3016 2402 3064 Gallia
2429 3026 2477 3063 et
2493 3018 2691 3064 Britan·

544 3099 745 3147 missum
771 3115 888 3157 esse,
903 3117 1049 3164 quam
1074 3101 1271 3148 Marcus
1286 3100 1459 3148 Tironi
1480 3116 1572 3147 mo
1658 3100 1756 3145 nia.
1778 3100 1841 3146 Et
1863 3098 1915 3145 iu
1941 3097 2073 3144 huuc
2108 3099 2267 3160 ipsum
2296 3111 2477 3143 anuum
2503 3096 2691 3144 incidit

538 3178 819 3226 libertatem
838 3177 1041 3227 dederit.
1070 3179 1252 3226 Statius
1269 3195 1387 3227 vero
1404 3195 1573 3226 mauu·
1658 3177 1969 3225 manumissio
1988 3172 2198 3224 Tironis.
2228 3176 2344 3222 Scu.

541 3257 714 3304 missus
741 3269 815 3306 est
839 3274 955 3307 aun.
977 3259 1041 3307 U.
1064 3259 1120 3307 C.
1141 3257 1262 3320 695.
1289 3258 1477 3306 Deinde
1503 3275 1567 3306 ex
1732 3273 1784 3306 α.
1805 3256 1951 3319 Vulg.
1972 3272 2035 3303 ac
2055 3254 2211 3303 nobis.
2227 3257 2277 3303 J.
2292 3256 2357 3300 V.
2376 3255 2431 3302 1..

539 3336 701 3383 verbis
726 3359 751 3378 ιι
771 3337 838 3386 ita
878 3349 948 3387 te.
965 3336 1205 3384 ..videam
1224 3356 1248 3376 υ
1274 3370 1289 3394 ,
1325 3338 1563 3402 perspici·
1728 3338 1774 3385 3.
1801 3335 1960 3383 Statii.
1984 3337 2030 3383 A
2048 3336 2110 3396 Q.
2129 3335 2365 3384 Cicerone
2383 3330 2691 3382 manumissi.

540 3426 622 3464 tur
648 3432 709 3463 eo
735 3428 953 3481 tempore
977 3416 1218 3479 Quintum
1252 3414 1446 3480 lougius
1479 3416 1566 3464 ab·
1653 3416 1782 3464 Vide
1816 3415 1957 3480 epist.
1983 3416 2045 3463 18
2074 3424 2125 3461 et
2158 3428 2218 3476 ¹9
2240 3412 2328 3461 lib.
2354 3413 2401 3459 11
2435 3411 2499 3459 ad
2527 3411 2706 3461 Attio..

538 3494 704 3546 fuine.
730 3494 974 3545 Convenit
1008 3495 1155 3561 igitur
1188 3511 1293 3545 eam
1334 3495 1565 3560 scriptam
1655 3505 1706 3544 et
1729 3496 1872 3561 epist.
1893 3511 1922 3544 a
1951 3494 2037 3544 lib.
2061 3497 2084 3542 1
2107 3493 2172 3543 ad
2197 3492 2373 3555 Quint.
2392 3491 2452 3539 fr.

1327 3784 1902 3813 ψ·-
