3023 4773
778 424 915 497 518
1412 429 1510 495 M.
1563 430 1639 495 T.
1694 428 2245 498 CICERONIS

770 549 1218 644 dialogorum
1249 572 1580 619 meorum
1610 576 1627 618 :
1673 545 1798 619 ut⁵
1838 549 1913 617 in
1946 551 2309 634 oratoriis,
2337 572 2511 644 quos
2535 551 2690 618 tuin
2714 574 2798 620 cae·

767 657 918 729 lum
956 659 1133 744 fem,
1168 683 1321 728 non
1367 661 1643 728 mentio
1684 660 1920 755 potuit
1961 655 2116 727 fieri
2157 660 2565 754 cujusquam
2604 655 2680 726 ab
2712 659 2798 742 iis,

769 769 897 863 qui
924 767 1335 864 disputant,
1375 769 1510 837 nisi
1559 767 1742 862 ejus,
1790 769 1917 863 qui
1967 767 2104 838 illis
2147 780 2390 853 notuS‚
2433 780 2546 835 aut
2578 764 2801 834 auditus

769 892 974 948 esset.
1024 882 1223 948 Hanc
1272 901 1405 975 ego
1456 876 1546 946 de
1590 875 1992 975 republica,
2035 900 2253 972 quam
2291 875 2584 961 institui,
2619 872 2804 968 dispu-

769 987 1116 1056 tationem
1155 988 1227 1055 in
1262 983 1573 1055 Africani
1611 1009 2024 1082 personam,
2071 1000 2140 1055 et
2182 984 2405 1072 Phili,
2440 998 2507 1053 et
2542 982 2727 1064 Laelii,
2754 994 2807 1049 et

766 1095 1038 1166 Manilii
1073 1093 1367 1166 contuli.
1388 1093 1491 1164 Ad
1493 1094 1706 1189 junxi
1733 1094 2253 1180 adolescenteS‚
2282 1097 2372 1184 Q.
2400 1091 2807 1174 Tuberonem,

769 1207 842 1274 P.
896 1205 1241 1274 Rutilium
1269 1257 1288 1290 ,
1340 1203 1488 1275 duo
1533 1205 1725 1274 Loelii
1767 1229 2110 1302 generOS‚
2153 1202 2529 1275 Scaevolam
2572 1216 2635 1272 et
2670 1204 2807 1268 Fan·

767 1313 987 1383 nium.
1038 1317 1290 1408 Itaque
1338 1312 1778 1409 cogitabam,
1822 1314 2167 1409 quoniam
2218 1315 2292 1384 in
2347 1312 2625 1407 singulis
2661 1307 2810 1382 libris

773 1431 943 1488 utor
971 1421 1375 1515 prooemiis,
1412 1433 1492 1489 ut
1528 1412 1942 1514 Ᾱριστοτέλης
1979 1421 2054 1488 in
2096 1421 2210 1506 iis,
2252 1444 2438 1517 quos
2463 1406 2812 1510 ἑξωτερικοὺς6

770 1540 1014 1613 vocat,
1062 1526 1334 1624 aliquid
1380 1525 1706 1614 efficere,
1747 1541 1830 1598 ut
1870 1551 2021 1597 non
2062 1529 2215 1600 sine
2255 1552 2468 1598 causa
2509 1530 2694 1596 istum
2725 1546 2814 1618 ap·

770 1635 1146 1734 pellarem:
1184 1636 1259 1706 id
1284 1637 1485 1732 quod
1510 1636 1832 1732 intelligo
1856 1634 1986 1705 tibi
2018 1635 2322 1734 placere.
2355 1639 2624 1707 Utinam
2651 1630 2817 1702 modo

775 1760 1029 1816 conata
1057 1744 1342 1816 efficere
1374 1742 1668 1843 possim!
1695 1749 1870 1816 Rem
1907 1748 2100 1815 enim
2122 1800 2141 1834 ‚
2174 1745 2378 1842 quod
2404 1760 2473 1816 te
2500 1769 2635 1814 non
2658 1739 2820 1835 fugit,

771 1879 1106 1952 magnam
1149 1854 1566 1950 complexus
1614 1879 1774 1925 sum
1813 1869 1884 1924 et
1923 1879 2248 1950 gravem,
2299 1871 2373 1928 et
2411 1852 2679 1953 plurimi
2703 1849 2821 1932 otii,

774 1990 924 2061 quo
961 1989 1094 2060 ego
1138 1967 1445 2034 maxime
1492 1988 1692 2061 egeo.
1737 1962 1957 2053 Quod
1994 1966 2069 2033 in
2111 1965 2193 2033 iis
2228 1964 2471 2052 libris,
2513 1985 2679 2060 quos
2710 1958 2823 2027 lau·

772 2074 930 2160 das,
976 2097 1356 2171 personam
1393 2071 1782 2144 desideras⁷
1828 2074 2153 2144 Scaevolae
2185 2100 2203 2159 3
2244 2099 2395 2146 non
2431 2096 2581 2143 eam
2616 2085 2825 2139 temere

772 2173 1127 2248 dimovissz
1169 2178 1291 2249 sed
1341 2177 1476 2249 feci
1528 2179 1760 2265 idem,
1812 2178 2012 2276 quod
2062 2181 2139 2248 in
2181 2182 2514 2273 πολιτείᾳθ
2549 2176 2707 2246 deus
2741 2171 2828 2240 ille

772 2303 1022 2360 noster
1052 2290 1271 2360 Plato.
1315 2293 1560 2381 Quum
1603 2294 1678 2361 in
1715 2291 2056 2359 Piraeeum
2100 2293 2428 2360 Socrates
2458 2287 2738 2358 venisset
2765 2277 2830 2349 ad

775 2400 1168 2498 Cephalum
1188 2457 1206 2483 ,
1237 2402 1674 2498 locupletem
1705 2415 1772 2471 et
1813 2399 2148 2473 festivum
2177 2426 2465 2487 senem;
2495 2394 2713 2496 quoad
2735 2395 2835 2490 pri·

773 2534 938 2580 mus
974 2511 1092 2580 ille
1123 2534 1358 2581 sermo
1386 2509 1801 2598 haberetur,
1825 2510 2022 2581 adest
2051 2511 2124 2580 in
2157 2509 2594 2607 disputando
2621 2526 2832 2577 senex:

774 2615 1036 2689 deinde
1085 2645 1314 2716 quum
1364 2621 1519 2716 ipse
1572 2644 1866 2717 quoque
1921 2619 2502 2691 commodissime
2546 2618 2837 2713 loquutus

773 2743 988 2816 esset,
1019 2729 1107 2798 ad
1136 2754 1289 2799 rem
1330 2727 1642 2800 divinam
1677 2727 1848 2799 dicit
1882 2753 1957 2799 se
1991 2729 2170 2800 velle
2207 2727 2605 2811 discedere3
2646 2742 2839 2818 neque

773 2852 1024 2934 postea
1067 2840 1464 2910 revertitur.
1530 2838 1762 2909 Credo
1807 2839 2173 2910 Platonem
2222 2840 2342 2908 vix
2396 2854 2671 2939 putasse
2711 2832 2843 2903 satis

772 2972 1174 3019 consonum
1222 2946 1410 3034 fore,
1461 2951 1520 3018 si
1582 2948 1949 3019 hominem
1992 2947 2064 3016 id
2109 2949 2331 3017 aetatis
2377 2952 2454 3017 in
2495 2962 2632 3017 tam
2668 2943 2845 3033 longo

771 3083 1104 3129 sermone
1126 3058 1397 3129 diutius
1424 3059 1855 3128 retinuisset.
1881 3059 2113 3128 Multo
2148 3082 2283 3154 ego
2311 3061 2531 3129 satius
2556 3058 2685 3126 hoc
2706 3047 2847 3119 mihi

771 3167 1169 3237 cavendum
1205 3169 1445 3264 putavi
1484 3168 1557 3234 in
1594 3168 1945 3254 Scaevola3
1983 3170 2108 3265 qui
2146 3184 2217 3239 et
2252 3183 2499 3253 (etate,
2536 3181 2605 3238 et
2636 3161 2849 3232 valitu-

770 3277 936 3348 dine
983 3291 1133 3347 erat
1182 3301 1304 3364 ea,
1351 3301 1494 3375 qua
1545 3300 1696 3347 esse
1740 3279 2165 3367 meministi3
2208 3293 2280 3348 et
2323 3279 2409 3350 iis
2451 3269 2850 3349 honoribu5‚

840 3498 888 3547 5.
914 3500 1103 3545 Ernest.
1134 3508 1185 3543 uc
1206 3496 1459 3543 insititiam
1483 3506 1640 3560 putat.
1668 3500 1787 3545 Fru·
1875 3496 2016 3560 pulos
2035 3530 2051 3555 ‚
2070 3512 2127 3543 ac
2151 3495 2424 3543 familiares.
2450 3498 2660 3544 Saum.
2682 3516 2743 3528 —
2758 3483 2854 3533 Vid-

765 3586 879 3625 stra.
904 3578 952 3625 J.
976 3578 1036 3623 V.
1059 3576 1112 3622 L.
1874 3578 1940 3623 A.
1971 3575 2097 3624 Gen.
2123 3577 2251 3633 XX,
2277 3576 2327 3622 5.
2356 3575 2451 3622 En.

843 3658 895 3705 6.
949 3645 1276 3722 Ιῖὶξωτερικούς.
1330 3642 1612 3718 Ἐξωτιρυιοὶ
1655 3652 1787 3722 λόγω
1949 3670 1994 3714 7.
2026 3653 2298 3703 Desideras.
2323 3652 2431 3701 Lib.
2452 3655 2498 3699 11
2521 3647 2728 3699 etmde
2742 3646 2856 3691 Orat.

764 3734 1054 3783 dicebantur
1086 3733 1149 3780 ad
1176 3749 1299 3797 quos
1332 3748 1433 3779 nou
1460 3731 1612 3779 modo
1638 3731 1786 3780 disci·
1874 3732 2000 3779 Nam
2029 3734 2080 3778 in
2111 3731 2271 3794 primo
2301 3730 2541 3793 loquitur.
2578 3728 2670 3776 Sed
2697 3740 2792 3773 eum
2819 3722 2859 3769 in

762 3816 890 3876 puli,
929 3815 1013 3861 sed
1046 3814 1251 3877 quilibet
1282 3830 1307 3860 e
1335 3812 1525 3877 populo
1558 3810 1786 3859 admitte·
1874 3826 2007 3872 seqq.
2035 3809 2172 3856 libris
2199 3810 2372 3858 Cicero
2401 3826 2431 3857 e
2458 3807 2705 3871 colloquio
2730 3815 2859 3850 remo·

758 3892 901 3938 batur
919 3928 932 3945 ,
974 3893 1059 3955 qui
1106 3888 1369 3959 ὶξωτιρυιοὶ
1417 3891 1520 3938 sive
1569 3892 1784 3938 extranei
1873 3899 2019 3936 verat.
2047 3890 2142 3935 En.

762 3969 879 4016 dicti
907 3982 1052 4017 sunt:
1081 3973 1207 4018 sicut
1236 3967 1470 4036 ἀκροαταὶ
1497 3972 1602 4030 ejus
1633 3969 1781 4015 dioei-
1943 3969 1989 4012 8.
2015 3964 2219 4013 Dimove'.
2244 3967 2436 4014 Ernest.
2462 3964 2664 4025 conjicit
2690 3956 2857 4010 semovi·

762 4048 895 4113 puli,
935 4059 985 4094 et
1022 4050 1301 4107 familiam3
1346 4050 1461 4096 hinc
1506 4043 1781 4115 ἀκροατυωὶ
1868 4049 1915 4094 J.
1943 4047 2003 4093 V.
2031 4046 2090 4091 L.

754 4123 886 4194 λέγω
905 4141 1032 4188 quos
1049 4124 1252 4173 habebnt
1273 4126 1336 4172 ad
1354 4126 1486 4173 solos
1503 4141 1619 4172 nuos
1640 4126 1780 4172 disci·
1938 4141 1990 4186 9.
2015 4121 2250 4189 Πολιτείᾳ.
2272 4121 2429 4171 Libris
2454 4122 2516 4170 de
2536 4117 2804 4184 Republica
