3023 4773
551 371 1068 439 EPISTOLAE
1117 375 1250 441 AD
1301 374 1797 464 ATTICUM,
1835 383 1925 465 V,
1977 407 2089 454 21.
2251 384 2392 484 589

261 490 444 585 plica
464 487 525 533 ⁵¹
567 491 732 588 plus
753 488 840 560 ⁵².
886 492 1023 563 Sed
1067 492 1156 564 ad
1198 518 1351 564 rem
1389 493 1635 566 redeo.
1670 499 2018 574 Meditare
2048 505 2387 582 adversus

261 602 561 668 Brutum
594 623 879 671 causam
906 626 1180 673 meam:
1212 604 1271 674 si
1297 602 1448 674 haec
1475 630 1685 677 causa
1708 624 1849 699 est,
1887 630 2137 686 contra
2168 643 2388 715 quam

259 707 443 778 nihil
489 709 794 782 honeste
839 710 980 781 dici
1032 727 1309 819 potest;
1341 719 1737 812 praesertim
1777 745 2007 816 quum
2035 727 2386 825 integram

260 840 414 885 rem
444 831 519 887 et
545 843 830 890 causam
860 820 1293 917 reliquerim.

360 923 662 1022 Reliqua
692 941 859 997 sunt
888 924 1300 999 domestica.
1329 933 1437 1000 De
1466 926 1783 1027 ἐνδομιῖχῳ
1800 932 1891 1024 ⁵3,
1921 940 2157 1034 probo
2193 943 2385 1018 idem

263 1035 464 1130 quod
523 1052 645 1122 ως
704 1040 1083 1109 Postumiae
1107 1034 1170 1092 ⁵4
1237 1046 1307 1110 F.
1365 1041 1523 1129 ille,
1578 1047 1925 1140 quoniam
1979 1051 2307 1126 Pontidia
2324 1054 2388 1100 ⁵⁵

262 1159 595 1241 nugatur.
667 1146 804 1217 Sed
867 1146 1122 1218 vellem
1188 1148 1488 1222 adesses.
1564 1157 1619 1223 A
1674 1158 1950 1246 Quinto
2003 1159 2220 1235 fratre
2276 1166 2388 1238 his

262 1253 630 1326 mensibus
655 1257 834 1327 nihil
859 1261 1290 1355 exspectaris
1318 1287 1334 1330 ε
1364 1286 1532 1332 nam
1560 1266 1834 1337 Taurus
1865 1286 2164 1368 propter
2190 1278 2389 1348 nives

261 1377 427 1432 ante
461 1389 777 1437 mensem
803 1367 1089 1462 junium
1137 1373 1418 1440 transiri
1460 1398 1614 1444 non
1655 1394 1912 1473 potest.
1951 1381 2342 1458 Thermum
2365 1445 2385 1476 ‚
2430 1369 2446 1402 s

261 1485 342 1539 ut
366 1496 613 1570 rogas,
642 1475 1092 1549 creberrimis
1133 1478 1357 1552 literis
1395 1479 1636 1554 fulcio.
1678 1489 1754 1555 P.
1782 1489 2142 1564 Valerium
2170 1515 2383 1595 negat

262 1579 531 1654 habere
558 1583 956 1680 quidquam
984 1589 1365 1683 Dejotarus
1393 1616 1549 1679 rex,
1590 1619 1905 1693 eumque
1933 1601 2030 1670 ait
2055 1629 2093 1673 a
2128 1629 2202 1676 se
2233 1633 2383 1678 sus-

266 1697 540 1763 tentari.
586 1694 829 1782 Quum
866 1697 1085 1781 scieS‚
1125 1702 1366 1768 Romae
1412 1701 1906 1776 intercalatum
1948 1711 2076 1798 sit,
2114 1739 2379 1805 necne;
2451 1777 2460 1782 ,

257 1890 422 1937 culam
455 1890 672 1942 duxerit.
694 1895 771 1940 De
794 1893 885 1941 hnc
911 1911 962 1941 re
987 1894 1114 1942 nihil
1146 1896 1281 1960 apud

262 1978 449 2016 veteres
467 1970 729 2018 historicos
744 1972 944 2035 reperiri
972 1974 1106 2020 testis
1128 1984 1200 2022 est
1216 1972 1280 2020 ad

260 2048 390 2094 hunc
415 2046 577 2095 locum
614 2051 914 2113 Mongaltius
953 2062 1150 2111 noster-3
1195 2050 1280 2099 sed

259 2125 400 2172 facile
453 2126 621 2174 credas
670 2129 726 2176 C.
770 2129 958 2177 ,Iulium
1006 2130 1244 2178 Caesnrem
1266 2162 1281 2186 ‚

259 2203 473 2265 primum
496 2205 743 2253 consulem
760 2240 775 2264 ‚
798 2206 913 2254 dum
940 2207 1034 2255 sibi
1055 2224 1282 2271 qmcum·

262 2296 360 2343 que
387 2284 575 2330 ratione
607 2299 754 2346 quam
789 2285 1052 2333 multorum
1094 2286 1282 2334 animos

260 2360 521 2409 conciliare
563 2361 739 2423 vellet,
786 2363 1090 2413 debitoribus
1122 2365 1280 2414 laxio-

258 2454 359 2485 rem
377 2440 544 2503 pnullo
562 2441 782 2489 solvendi
803 2442 928 2489 diem
947 2444 1277 2492 constituisse.

259 2519 460 2566 Constat
494 2521 623 2567 enim
665 2520 834 2583 illum,
855 2522 1044 2571 Catone
1070 2524 1281 2571 nonnul·

258 2597 412 2661 lisque
437 2598 712 2647 earumdem
731 2600 941 2664 partium
966 2601 1083 2648 viris
1103 2603 1278 2650 frustra

260 2677 576 2726 renitentibus
603 2711 617 2735 ,
677 2679 950 2743 publicanis
1003 2696 1103 2728 non
1158 2697 1279 2744 psu-

259 2771 314 2801 ca
349 2754 409 2801 de
437 2757 753 2819 vectigalibus
778 2758 991 2822 publicis
1018 2759 1273 2808 remisisse.

259 2834 412 2894 Quod
447 2851 598 2897 quum
623 2836 688 2883 its
727 2837 814 2894 sit,
842 2837 1006 2885 nullus
1035 2849 1106 2886 est
1134 2837 1277 2886 dubi·

260 2910 396 2958 tandi
427 2912 567 2961 locus
593 2914 715 2977 quin
738 2914 818 2962 hic
847 2916 903 2964 C.
930 2916 1091 2964 Julius
1117 2918 1277 2966 Caesnr

260 2988 536 3053 designetur
557 3026 572 3050 ,
610 2993 696 3056 qui
723 3004 886 3056 postea
913 2994 1121 3044 dictator
1145 2997 1239 3044 suit
1258 3029 1273 3054 ‚

257 3066 370 3115 licet
404 3072 585 3134 Popma
628 3071 908 3133 refragetur.
945 3073 1051 3121 Nec
1094 3075 1277 3124 doctis·

255 3149 381 3195 simo
424 3150 567 3196 etiam
607 3149 803 3214 Graevio
845 3151 1063 3199 assentiri
1101 3169 1278 3216 possu-

257 3241 364 3273 mus
380 3262 397 3284 ,
446 3228 533 3290 qui
576 3227 647 3275 sic
684 3228 1029 3291 interpretatur
1055 3244 1069 3277 :
1094 3252 1120 3272 ι
1142 3231 1277 3294 Quid

257 3303 374 3351 olim
410 3306 522 3353 meli
560 3306 778 3354 facturus
805 3307 868 3354 sit
907 3309 1087 3366 Caesnr,
1138 3320 1274 3373 post·

257 3398 399 3445 quam
424 3385 665 3449 pauculos
688 3385 774 3448 qui
797 3396 1083 3449 supersunt,
1105 3387 1277 3434 diesin

255 3464 510 3524 provincia
546 3462 766 3522 duxerit,
808 3463 861 3510 id
895 3475 1000 3525 est,
1045 3481 1277 3514 consum-

147 3535 151 3539 ’
254 3542 408 3601 poerit
420 3564 462 3590 u.
498 3543 602 3590 Nec
644 3542 771 3591 dIcm
808 3542 984 3591 ducere
1019 3560 1147 3608 saepe
1184 3562 1277 3610 pro

256 3616 381 3665 diem
399 3636 680 3669 consumere
696 3622 853 3686 accipi
876 3638 1106 3687 negamus
1124 3637 1142 3684 ς
1160 3640 1279 3688 quo-

257 3698 384 3745 niam
423 3715 538 3747 vero
582 3701 679 3749 hoc
717 3701 831 3750 loco
876 3702 936 3751 de
980 3703 1277 3753 creditorum

255 3793 420 3835 censs,
445 3779 718 3842 tabulisque
741 3782 882 3829 novis
918 3793 1106 3847 agatur,
1131 3786 1276 3833 unice

257 3872 425 3904 veram
469 3858 766 3922 Msloespinae
828 3861 1273 3926 interpretationem

253 3935 606 3999 amplectimur,
634 3938 818 3987 scilicet
837 3940 1022 4004 «Quod
1049 3941 1151 3991 dies
1171 3945 1275 3992 sol·

1360 1892 1501 1938 vendi
1542 1894 1651 1953 die,
1684 1898 1837 1962 Epist.
1883 1901 1947 1948 ad
1992 1903 2144 1954 Attic.
2169 1908 2268 1965 VI,
2310 1926 2328 1955 1
2363 1927 2375 1955 ε

1359 1991 1383 2010 u
1404 1970 1578 2019 statuo
1602 1974 1731 2023 diem
1749 1979 1865 2026 satis
1882 1979 2039 2028 laxam
2060 2005 2101 2033 ιι.
2120 1987 2249 2035 Hinc
2270 1991 2372 2036 usi-

1360 2059 1472 2097 tatae
1497 2052 1630 2115 apud
1656 2057 1881 2120 antiquos
1915 2060 2132 2111 formula
2152 2080 2166 2113 :
2189 2088 2213 2107 αι
2241 2071 2373 2118 venit

1360 2125 1464 2174 dies
1486 2149 1539 2189 n,
1566 2147 1662 2193 qua
1698 2149 1872 2199 nempe
1899 2140 2113 2189 solvatur
2139 2149 2375 2207 pecuniam

1361 2229 1386 2248 οι
1405 2206 1506 2256 dies
1528 2226 1688 2259 annua
1707 2245 1723 2271 ,
1741 2213 1871 2262 bima
1884 2251 1898 2272 ,
1927 2229 2023 2268 etc.
2036 2243 2060 2261 ι·
2087 2222 2138 2269 id
2157 2236 2243 2284 est,
2263 2245 2373 2292 spa·

1360 2286 1480 2334 tium
1508 2289 1651 2337 nnius
1676 2295 1792 2341 anni
1811 2328 1827 2352 ‚
1865 2296 1944 2343 vel
1982 2297 2188 2350 duorum
2222 2322 2376 2354 anno-

1359 2382 1466 2414 rum
1490 2402 1508 2428 ,
1544 2369 1723 2433 quibus
1761 2372 1935 2438 elapsis
1953 2412 1968 2435 ,
2009 2379 2245 2432 solvendo
2272 2402 2377 2434 esse

1362 2444 1590 2496 deberent
1616 2483 1632 2507 ,
1704 2453 1789 2515 qni
1843 2468 2059 2507 mutuam
2116 2466 2371 2527 pecuniam

1358 2539 1658 2590 acceperant.
1685 2532 1776 2580 En.

1433 2606 1517 2653 51.
1548 2609 1834 2674 Numquam
1867 2618 2154 2680 respublica.
2193 2624 2372 2673 Melior

1359 2684 1554 2734 videtur
1596 2688 1744 2739 lectio
1785 2694 1897 2742 cod.
1931 2698 2121 2751 Balliol.
2160 2706 2371 2769 «reipu-

1357 2763 1569 2828 blicae»,
1608 2769 1823 2831 scilicet,
1854 2775 1969 2822 mali
2014 2779 2195 2829 factum
2242 2800 2365 2833 esse.

1355 2843 1480 2891 J.v.
1506 2847 1561 2893 1..

1430 2923 1516 2971 52.
1560 2924 1686 2973 Plus.
1718 2929 1852 2977 Tulit
1885 2933 2023 2993 mali,
2062 2940 2371 3004 perspicuum

1354 3010 1427 3047 est
1454 3001 1721 3054 subaudiri.
1744 3008 1888 3057 Mau.

1429 3083 1511 3129 53.
1538 3071 1818 3153 ἐνδομὺχῳ.
1853 3091 2126 3142 Domestica
2156 3101 2370 3163 negotio.

1356 3159 1534 3207 Sensus
1576 3173 1685 3210 est:
1736 3165 1899 3215 Probo
1940 3169 2069 3219 idem
2109 3178 2246 3238 qnod
2290 3190 2369 3238 tu,

1355 3239 1616 3288 Postumiae
1645 3243 1830 3294 scilicet
1861 3245 2018 3298 filium
2051 3269 2253 3304 uxorem
2280 3258 2372 3307 du·

1356 3333 1464 3364 cere
1507 3320 1757 3372 Tulliam:
1805 3338 1921 3389 sut,
1970 3331 2228 3383 Postumiae
2266 3336 2371 3387 filio

1356 3396 1566 3447 Tulliam
1615 3405 1793 3466 nuptui
1843 3407 1970 3470 dari,
2009 3414 2238 3474 quoniam
2290 3418 2374 3465 ille

1356 3476 1594 3525 Pontidiae
1625 3478 1753 3530 filius
1779 3498 2008 3549 nugatur.
2031 3492 2290 3543 Postumiae
2314 3496 2373 3545 fi-

1355 3552 1474 3600 lium
1494 3570 1639 3606 vocst
1663 3557 1820 3609 fllium
1851 3566 1950 3613 Ser.
1972 3568 2193 3633 sulpitii,
2231 3576 2371 3637 cujus

1355 3649 1481 3680 uxor
1503 3647 1605 3684 erat
1631 3640 1893 3690 Postumia.
1910 3644 2037 3694 Vide
2054 3664 2200 3714 snpra
2221 3670 2299 3719 ep.
2321 3665 2371 3712 4.

1355 3712 1553 3763 Bonus.

1428 3792 1511 3849 54.
1539 3796 1689 3842 Ειτοι·
1712 3809 1857 3846 ustus
1891 3817 1919 3848 e
1944 3811 2256 3870 compendia
2287 3817 2375 3864 Le·

1356 3870 1568 3933 gendum
1614 3876 1743 3923 euim
1795 3878 1989 3930 videtur
2012 3886 2208 3952 filium,
2252 3894 2286 3944 i.
2328 3913 2371 3944 e.

1354 3950 1488 3999 Serv.
1535 3952 1798 4019 Sulpitium
1817 3992 1835 4018 ,
1890 3958 2047 4012 fllium
2091 3969 2371 4024 Postumiae.

255 4013 404 4062 vendi
441 4014 609 4078 paullo
649 4015 802 4065 laxior
834 4033 864 4065 ι
899 4019 1038 4067 ,Iulio
1078 4023 1263 4071 Cas-re
1349 4030 1482 4078 LV.
1522 4033 1581 4081 L.

253 4094 516 4143 constituta
542 4094 687 4143 fuerit
699 4117 744 4146 υ.
759 4097 841 4146 Sic
865 4108 914 4147 et
937 4098 1038 4148 dies
1059 4115 1150 4164 pro
1166 4104 1263 4153 sol·

1422 4108 1510 4159 55.
1539 4111 1686 4177 ang.
1710 4118 1970 4171 Pontidiae.
1995 4125 2041 4173 J.
2055 4128 2116 4174 V.
2141 4130 2196 4176 1..
