3023 4773
242 393 1871 420 “mmmmm
1875 401 2340 422 §fimum

494 615 677 736 M.
765 611 902 737 T.
995 615 2020 745 CICERONIS

274 869 2270 1154 EPISTOLARUaeM

929 1202 1063 1269 AD
1115 1202 1634 1272 DIVERSOS

363 1399 774 1504 LIBER
851 1403 1483 1513 DECIMUS
1549 1405 2199 1539 QUINTUS.

934 1817 1513 1938 EPISToLA
1569 1821 1628 1901 Ι.

212 1980 297 2038 De
321 1977 478 2037 bello
503 1978 777 2037 Parthico
808 1959 951 2056 quae'
969 1994 1345 2059 cognoverat,
1375 1980 1450 2039 ad
1483 1996 1748 2040 senatum
1775 1979 2085 2060 perscribit
2102 2002 2175 2040 ex
2196 2000 2342 2060 pro-

412 2078 623 2137 vincia.
654 2079 767 2157 (Ex
788 2078 1007 2153 Cilicia,
1036 2099 1190 2137 anno
1209 2084 1282 2140 U.
1305 2082 1368 2139 C.
1394 2099 1536 2153 702,
1561 2100 1757 2140 mense
1784 2077 2145 2158 septembri.)

213 2270 293 2335 M.
323 2267 684 2370 ‘mulus
726 2269 819 2334 Μ.
865 2271 939 2334 F.
973 2270 1290 2334 emmo
1353 2269 1709 2336 PRocos,
1753 2269 2339 2336 coss,1>RAETr.
2435 2233 2442 2240 “

682 2377 952 2443 Tama.
990 2377 1115 2442 PL
1154 2376 1531 2443 SENATm
1576 2378 1640 2444 5.
1684 2379 1756 2445 Ρ.
1794 2380 1874 2443 n.

213 2487 317 2609 S.
349 2541 440 2609 V.
465 2540 551 2608 V.
578 2542 653 2609 B.
683 2542 764 2609 E.
791 2541 872 2608 E.
911 2537 999 2627 Q.
1029 2539 1113 2607 V.
1183 2541 1333 2607 Etsi
1376 2561 1529 2608 non
1577 2535 1801 2610 dubie
1837 2537 2018 2609 mihi
2062 2540 2342 2609 nuntia-

208 2642 460 2730 batur,
496 2646 797 2719 Parthos
842 2650 1179 2718 transisse
1236 2646 1684 2744 Euphratem
1708 2658 1730 2690 ¹
1788 2671 1956 2719 cum
1999 2646 2342 2719 omnibus

210 2754 355 2829 fere
383 2758 535 2848 suis
571 2758 800 2855 copiis
829 2782 845 2826 ε
878 2771 1120 2827 tamen
1143 2812 1162 2845 ‚
1195 2756 1397 2853 quod
1429 2755 1855 2846 arbitrabar,
1882 2782 1921 2828 a
1952 2760 2053 2829 M.
2084 2756 2342 2829 Bibulo

210 2867 690 2963 proconsule²
736 2869 1046 2939 certiora
1081 2864 1172 2937 de
1197 2865 1307 2938 his
1329 2863 1549 2938 rebus
1578 2864 1667 2935 ad
1691 2891 1816 2937 vos
1852 2866 2069 2939 scribi
2098 2890 2340 2965 posse,

210 2978 612 3049 statuebam
638 2976 817 3047 mihi
848 3002 998 3047 non
1035 3000 1323 3049 necesse
1362 3001 1518 3073 esse
1547 2974 1835 3075 publice
1873 2976 2189 3048 scribere
2228 3000 2343 3060 ea,

210 3111 365 3183 quae
422 3087 514 3160 de
556 3086 850 3159 alterius
895 3087 1262 3184 provincia
1301 3092 1834 3159 nuntiarentur.
1879 3090 2133 3158 Postea
2170 3110 2344 3156 vero

210 3220 425 3293 quam
468 3198 879 3269 certissimis
918 3196 1368 3283 auctoribus,
1418 3198 1669 3295 legatis
1690 3251 1711 3283 ‚
1766 3199 2082 3282 nuntiis,
2122 3194 2345 3267 literis

209 3331 365 3377 sum
396 3312 664 3379 certior
688 3306 916 3379 factus
949 3335 964 3377 ε
1002 3307 1116 3377 vel
1150 3307 1356 3403 quod
1387 3322 1586 3379 tanta
1619 3331 1736 3380 res
1763 3322 1917 3378 erat
1937 3361 1957 3395 ‚
1986 3305 2100 3377 vel
2139 3304 2340 3401 quod

209 3416 538 3489 nondum
574 3417 1066 3507 audieramuS,
1100 3416 1434 3488 Bibulum
1461 3419 1539 3489 in
1568 3419 1844 3517 Syriam
1871 3418 2151 3488 venisse
2174 3470 2194 3505 ‚
2229 3415 2344 3489 vel

210 3529 376 3623 quia
411 3527 937 3599 administratio
974 3526 1195 3623 hujus
1231 3526 1404 3600 belli
1433 3528 1613 3599 mihi
1650 3553 1818 3601 cum
1845 3525 2102 3598 Bibulo
2138 3550 2344 3624 paene

214 3653 316 3709 est
350 3641 797 3727 communis;
857 3663 1019 3735 quae
1066 3637 1156 3709 ad
1202 3663 1319 3710 me
1363 3638 1598 3711 delata
1639 3651 1908 3728 essent,
1962 3635 2344 3708 scribenda

214 3745 298 3817 ad
320 3772 452 3819 vos
472 3752 742 3846 putavi.
768 3752 978 3845 Regis
992 3747 1334 3820 Antiochi
1354 3744 1871 3879 Commageni{
1890 3746 2103 3846 legati
2127 3748 2343 3845 primi

284 3951 327 3984 1.
365 3936 498 3997 Alii,
538 3946 596 3985 nt
616 3935 823 4000 passim,
855 3936 1233 4001 «Euphraten...
1321 3935 1521 3985 thorum
1553 3934 1742 3984 ditione
1777 3933 2025 3984 dividebat
2057 3933 2346 3998 Euphrates.

210 4015 335 4063 J.v.
366 4017 421 4064 1..
1398 4017 1447 4065 3.
1478 4013 1813 4079 Commageni.
1841 4014 2170 4078 Commagene
2192 4012 2349 4076 Syria

278 4110 326 4144 2.
344 4095 665 4145 Procomuk.
686 4096 869 4160 Syriae,
891 4111 1038 4161 quam
1063 4111 1094 4145 a
1122 4097 1237 4146 Par-
1327 4111 1437 4161 pars
1470 4093 1536 4143 nd
1563 4093 1860 4159 Euphratem
1890 4104 1942 4144 et
1961 4095 2175 4143 Taurum
2205 4104 2348 4139 mon-
