3023 4773
887 403 1449 489 EPISTOLAE,
1482 405 1649 488 XV,
1696 426 1752 470 1.
2254 426 2375 472 121

265 523 550 594 thorum
577 576 598 610 ‚
660 519 889 591 filium
911 575 930 607 ,
988 546 1159 594 cum
1216 547 1613 620 permagno
1670 523 1996 618 equitatu
2057 521 2388 594 Parthico

259 637 600 704 transisse
649 631 1139 730 Euphratem,
1182 646 1254 703 et
1303 648 1534 704 castra
1577 636 1900 731 posuisse
1935 632 2187 728 Tybae3
2241 657 2391 704 ma-

256 767 631 840 gnumque
661 741 1058 813 tumultum
1085 766 1241 816 esse
1269 744 1344 813 in
1369 744 1738 841 provincia
1753 746 1950 838 Syria
1980 745 2387 813 excitatum.

254 853 525 924 Eodem
557 851 675 925 die
707 851 799 924 ab
833 852 1229 926 Iamblicho
1249 907 1268 939 ,
1311 852 1710 950 phylarcho
1739 851 2058 924 Arabum
2077 864 2132 940 9,
2171 877 2390 950 quem

252 962 589 1034 homines
620 965 1014 1060 opinantur
1039 961 1228 1034 bene
1261 964 1529 1034 sentire
1552 1017 1572 1048 ,
1608 964 2071 1058 amicumque
2093 985 2244 1033 esse
2267 964 2396 1032 rei-

250 1072 561 1171 publicae
600 1088 903 1158 nostrae‚
945 1071 1164 1143 literae
1193 1071 1285 1144 de
1313 1070 1582 1144 eisdem
1614 1069 1836 1142 rebus
1872 1069 2053 1140 mihi
2097 1069 2394 1142 redditae

253 1197 447 1253 sunt.
472 1185 600 1252 His
626 1181 847 1253 rebus
869 1181 1120 1269 allatiS,
1141 1186 1273 1252 etsi
1306 1179 1787 1278 intelligebam
1805 1235 1825 1265 ,
1853 1181 2085 1251 socios
2112 1177 2396 1250 infirme

251 1279 609 1364 animatos
650 1316 847 1379 esse,
884 1305 955 1363 et
1002 1315 1357 1362 novarum
1395 1316 1646 1363 rerum
1697 1290 2228 1388 exspectatione
2275 1314 2397 1359 su-

252 1428 558 1501 spensos
586 1430 601 1472 :
637 1401 1016 1500 sperabam
1049 1415 1290 1473 tamen
1315 1457 1334 1491 ,
1373 1427 1534 1487 eOS,
1561 1401 1653 1472 ad
1685 1424 1870 1497 quos
1897 1400 2046 1494 jam
2080 1423 2397 1470 accesse-

252 1538 443 1601 ram,
484 1514 759 1610 quique
793 1527 1111 1583 nostram
1148 1511 1777 1584 mansuetudinem
1801 1523 1862 1556 ¹⁰
1890 1512 2397 1607 integritatem-

256 1648 398 1720 que
468 1638 1022 1723 perspexerant,
1082 1624 1458 1694 amiciores
1521 1622 1801 1720 populo
1864 1646 2167 1692 romano
2241 1645 2399 1691 esse

257 1733 524 1820 factos3
585 1734 903 1804 Ciliciam
957 1748 1198 1804 autem
1242 1731 1638 1805 firmiorem
1690 1729 1884 1820 fore,
1939 1732 1999 1802 si
2044 1733 2400 1827 aequitatis

256 1859 519 1935 nostrae
559 1844 918 1941 particeps
947 1842 1131 1915 facta
1168 1858 1374 1915 esset.
1407 1850 1495 1914 Et
1527 1843 1625 1914 ob
1658 1868 1816 1913 eam
1850 1866 2171 1930 causam,
2206 1856 2278 1913 et
2313 1855 2398 1911 ut

259 1956 848 2052 opprimerentur
881 1955 1033 2041 iifl,
1067 1959 1195 2050 qui
1223 1979 1312 2026 ex
1350 1952 1650 2025 Cilicum
1681 1967 1894 2049 gente
1925 1952 2002 2021 in
2041 1955 2255 2022 armis
2288 1976 2398 2021 es-

259 2078 453 2149 sent,
486 2076 562 2133 et
597 2076 680 2131 ut
711 2060 938 2132 hostis
965 2065 1062 2150 is,
1091 2065 1431 2159 quiesset
1467 2063 1544 2132 in
1574 2067 1811 2159 Syria,
1849 2062 2092 2147 sciret,
2130 2061 2398 2131 exerci-

259 2187 414 2243 tum
454 2170 709 2269 populi
744 2173 1028 2241 romani
1068 2197 1220 2242 non
1258 2169 1481 2242 modo
1518 2197 1669 2241 non
1705 2169 1961 2241 cedere
1990 2168 2101 2256 his
2127 2172 2401 2240 nuntiis

260 2282 487 2353 allatis
511 2336 530 2368 ,
596 2281 723 2353 sed
780 2287 995 2353 etiam
1064 2284 1368 2380 propius
1421 2280 1801 2370 accedere,
1857 2281 2252 2352 exercitum
2308 2279 2400 2350 ad

258 2398 577 2467 Taurum
620 2395 900 2464 institui
945 2393 1233 2465 ducere.
1306 2478 1309 2483 μ

350 2503 539 2593 Sed,
569 2508 628 2574 si
666 2502 840 2600 quid
867 2501 1065 2601 apud
1100 2528 1230 2575 vos
1269 2508 1655 2576 auctoritas
1691 2527 1851 2574 mea
1893 2500 2237 2601 ponderis
2274 2502 2406 2571 ha·-

258 2714 366 2745 vers
414 2707 580 2745 nutem
619 2699 786 2762 copias
825 2701 1002 2746 Osaces
1038 2699 1249 2747 ducebat
1272 2735 1286 2758 ,

258 2794 401 2842 quem
424 2787 595 2841 postea
616 2778 672 2825 C.
693 2778 886 2826 Cassius
907 2777 1079 2842 praelio
1100 2779 1286 2827 victum

258 2857 460 2904 occidit.
497 2858 710 2903 Pacorus
744 2866 904 2903 autem
936 2858 1034 2903 hoc
1070 2868 1287 2921 tempore

258 2935 481 2983 nondum
524 2952 586 2983 ex
631 2934 832 2998 ephebis
869 2946 1150 2984 excesserat.
1188 2935 1286 2982 Dio

257 3014 347 3063 lib.
367 3017 475 3063 xl..
499 3015 628 3063 Eum
648 3024 759 3078 post
785 3014 975 3077 aliquot
995 3030 1150 3061 annos
1173 3031 1287 3061 cum

259 3095 488 3142 omnibus
532 3096 687 3157 copiis
733 3109 911 3141 caesum
934 3109 988 3165 ‘a
1024 3093 1286 3156 Ventidio,

260 3175 344 3239 qui
382 3174 446 3222 de
485 3173 674 3221 Parthis
711 3173 899 3236 primus
937 3172 1285 3236 triumphavit,

259 3254 386 3301 idem
438 3253 540 3300 Dio
589 3251 677 3299 lib.
718 3253 922 3310 XLIX,
962 3250 1146 3299 Justin.
1200 3251 1286 3299 lib.

259 3333 428 3393 nn,
455 3342 506 3378 et
526 3330 609 3377 alii
634 3330 974 3393 prodiderunt.
1002 3332 1147 3378 Mu.

328 3428 381 3475 9.
418 3411 496 3458 Ab
527 3408 793 3457 Iamblicho
809 3445 824 3469 ‚
860 3408 1130 3473 phylarcho
1164 3410 1293 3456 Ara·

260 3492 390 3538 bum.
449 3490 565 3538 Fuit
636 3487 934 3541 lamblichus
994 3487 1293 3554 phylarchus

260 3572 611 3618 Emesenorum
638 3569 691 3615 in
715 3566 853 3632 Syria
882 3568 945 3615 ad
977 3567 1290 3631 Euphratem.

261 3651 440 3698 Strabo
482 3649 571 3697 lib.
606 3649 729 3696 xvl
759 3662 773 3696 τ
814 3668 841 3689 «ι
862 3634 1105 3713 Ᾰρίθουσα
1139 3642 1222 3695 καὶ
1258 3645 1290 3699 ἡ

261 3726 630 3796 Σαμψυιιράμου
646 3762 661 3786 ,
688 3737 781 3775 etc.
805 3727 868 3774 Et
889 3725 1131 3775 Arethusa
1156 3727 1292 3774 Sam·

260 3810 521 3873 μίσει-οιαὶ
539 3843 555 3869 ,
592 3818 641 3856 et
669 3806 924 3855 Iamblichi
944 3807 1048 3867 ejus
1073 3805 1188 3866 filii,
1205 3808 1293 3870 qui

260 3889 525 3954 phylsrehi
570 3887 746 3952 populi
784 3888 1131 3935 Emesenorum
1183 3886 1289 3935 fue-

261 3980 379 4016 runt
396 3991 438 4014 a.
476 3967 615 4015 Illam
641 3981 761 4013 vero
784 3966 1031 4029 regionem
1064 3966 1294 4014 tenebant

260 4047 453 4096 Arabes
467 4083 482 4106 ,
505 4058 561 4094 ut
580 4046 763 4093 ibidem
785 4045 937 4093 docet
955 4045 1148 4094 Strabo.
1164 4044 1290 4093 Ara-

264 4126 386 4175 bum
412 4139 573 4177 autem
605 4142 723 4195 gens
751 4125 846 4174 suit
882 4125 937 4173 in
975 4124 1076 4176 ἔθνη
1112 4124 1292 4184 divisa,

1375 2699 1470 2763 ipsi
1491 2697 1640 2764 φύλας
1661 2710 1855 2746 vocant.
1870 2697 2016 2746 Unde
2033 2711 2149 2744 suos
2177 2695 2408 2760 dynastas

1376 2788 1615 2826 vocarunt
1637 2778 1949 2842 phylarchos.
1986 2780 2121 2828 Sicut
2148 2779 2289 2825 etiam
2321 2779 2405 2825 Sa-

1376 2858 1540 2904 raceni
1565 2873 1682 2905 snos
1719 2859 1866 2906 duces
1893 2859 1963 2905 sic
1992 2855 2248 2906 vocabant.
2271 2858 2401 2904 Vide

1376 2935 1605 2984 Strabou.
1649 2936 1697 2985 d.
1736 2937 1772 2986 l.
1817 2938 2020 3001 Joseph.
2062 2938 2234 2999 Antiq.
2279 2937 2400 2984 Jud.

1373 3014 1462 3062 lib.
1484 3018 1538 3073 1,
1572 3031 1678 3079 cap.
1707 3016 1785 3062 13.
1823 3016 2020 3063 Suidam
2046 3017 2098 3063 in
2126 3012 2366 3080 φυλάρχης
2385 3049 2403 3075 ,

1375 3106 1426 3143 et
1464 3099 1528 3143 Is.
1556 3095 1830 3144 casaubon.
1864 3094 1925 3142 ad
1958 3094 2211 3142 laudatum
2239 3092 2403 3140 locum

1374 3175 1647 3224 Strabonis.
1684 3177 1837 3222 Inus.

1452 3270 1532 3304 10.
1566 3252 2010 3301 Blansueeuditrcm.
2036 3254 2170 3300 Vett.
2189 3251 2301 3299 libri
2324 3253 2407 3301 ha-

1376 3332 1497 3381 bent
1513 3331 1927 3381 consuetudinem.
1950 3330 2047 3379 Sed
2071 3332 2405 3391 conjecturam

1378 3414 1669 3478 Hieronymi
1690 3414 1893 3462 Ferrarii
1911 3413 2172 3475 sequimur,
2202 3412 2404 3463 adducti

1378 3492 1697 3541 similitudine
1723 3490 2103 3541 locorum.Vide
2129 3492 2193 3540 ad
2212 3495 2402 3543 Divers.

1378 3572 1496 3630 XV,
1520 3573 1585 3621 3:
1621 3589 1709 3620 «ea
1747 3570 2116 3619 mansuetudine
2153 3583 2202 3619 et
2244 3575 2408 3621 conti-

1380 3651 1545 3698 nentia
1570 3663 1762 3712 nostra,
1797 3650 2046 3709 sociorum
2074 3649 2308 3701 fidelitate
2333 3664 2405 3701 te·

1376 3745 1578 3776 neamus
1598 3745 1654 3788 »3
1683 3740 1731 3777 et
1757 3729 1873 3790 XV,
1902 3730 1962 3777 5:
1998 3751 2020 3773 ι
2036 3732 2404 3781 mansuetudine

1380 3820 1430 3857 et
1454 3809 1743 3857 innocentia»
1760 3796 2067 3873 imperatoris
2103 3812 2404 3874 provinciam
2447 3848 2462 3867 .

1380 3899 1618 3935 retentam
1645 3899 1792 3951 atque
1818 3900 2202 3939 conservatam».
2224 3891 2286 3938 Et
2306 3889 2406 3937 hoc

1383 3966 1495 4014 Sch.
1521 3966 1764 4031 probavit.
1793 3970 1886 4017 En.

1460 4062 1479 4092 1
1495 4061 1515 4091 1
1528 4082 1539 4094 .
1565 4046 1626 4094 Ii.
1652 4047 1965 4097 Amanienses
1978 4045 2235 4112 significat.
2256 4046 2403 4095 Conf.

1382 4124 1443 4172 ad
1463 4125 1578 4173 niv.
1593 4127 1707 4187 XV,
1738 4134 1789 4182 4.
