3023 4773
599 392 736 467 652
1253 410 1347 478 M.
1402 414 1483 480 T.
1535 416 2086 490 CICERONIS

597 543 769 590 nem
819 522 1012 595 illam
1068 525 1420 601 urbanam
1465 558 1548 604 ac
1600 533 1952 633 perditem
2007 539 2335 638 plebem,
2395 541 2738 616 tribunos

594 630 951 721 valentes,
984 635 1228 709 addito
1273 644 1349 711 C.
1388 647 1629 717 Cassio
1653 644 1745 736 ¹⁶,
1796 674 2047 722 omnes
2072 705 2091 739 ,
2135 654 2265 747 qui
2318 676 2452 724 aere
2493 654 2737 726 alieno

596 759 1071 835 premantur3
1123 773 1311 845 quos
1356 751 1599 849 plures
1639 781 1795 828 esse
1832 759 2186 857 intelligo,
2238 785 2456 857 quam
2519 778 2734 860 puta-

593 871 771 918 ram.
790 855 1095 926 Causam
1113 859 1347 930 solum
1383 861 1503 933 illa
1522 888 1734 937 causa
1760 893 1907 938 non
1930 867 2187 957 habet;
2224 872 2479 942 ceteris
2511 871 2736 945 rebus

589 954 937 1031 abundat.
976 967 1107 1036 Hic
1144 971 1385 1040 omnia
1419 969 1652 1046 facere
1685 1001 1939 1049 omnes
1961 1033 1980 1064 ,
2016 1004 2107 1049 ne
2139 979 2358 1049 armis
2387 979 2729 1052 decerna-

588 1079 746 1155 tur3
788 1094 1103 1166 quorum
1142 1080 1375 1151 exitus
1411 1106 1699 1182 semper
1740 1091 2025 1176 incerti,
2072 1114 2272 1159 nunc
2305 1115 2482 1161 vero
2522 1093 2596 1162 in
2628 1095 2729 1163 al-

592 1189 819 1247 teram
871 1197 1145 1278 partem
1205 1193 1426 1286 magis
1475 1194 1799 1268 timendi.
1854 1197 2151 1269 Bibulus
2210 1197 2300 1269 de
2356 1203 2731 1298 provincia

593 1283 932 1379 decessit,
975 1295 1453 1371 Veientonem
1497 1302 1835 1401 praefecit.
1886 1310 1972 1377 In
2011 1306 2511 1379 decedendo¹⁷
2557 1314 2730 1397 erit,

595 1410 677 1465 ut
717 1397 969 1489 audio,
1014 1404 1290 1479 tardior
1336 1438 1352 1479 :
1392 1437 1613 1509 quem
1651 1441 1880 1513 quum
1930 1414 2288 1489 ornavit¹8
2338 1422 2553 1506 Cato,
2591 1420 2724 1492 de-

588 1502 921 1597 claravit,
960 1513 1046 1583 iis
1078 1538 1154 1586 se
1182 1520 1352 1591 solis
1385 1547 1538 1594 non
1567 1534 1626 1581 ¹9
1654 1525 1972 1597 invidere
1997 1581 2015 1614 ,
2053 1526 2321 1624 quibus
2352 1529 2571 1617 nihil,
2602 1547 2729 1602 aut

586 1640 735 1686 nou
783 1621 1098 1695 multum
1132 1627 1221 1699 ad
1257 1629 1674 1729 dignitatem
1713 1651 1960 1733 posset
1996 1637 2355 1710 accedere.

682 1729 895 1801 Nunc
942 1740 1156 1808 venio
1207 1739 1298 1810 ad
1356 1743 1646 1839 privata.
1701 1749 1879 1816 Fere
1932 1750 2123 1817 enim
2175 1747 2521 1844 respondi
2582 1753 2732 1821 tuis

573 1823 807 1911 literis
836 1840 927 1913 de
955 1846 1361 1943 republica,
1408 1867 1480 1922 et
1518 1853 1603 1924 iis
1625 1907 1645 1942 ,
1680 1878 1859 1951 quas
1895 1859 1967 1925 in
2009 1854 2470 1942 suburbano,
2508 1870 2582 1927 et
2609 1859 2731 1938 iis.

584 1970 764 2042 quas
798 1968 1052 2049 postea
1078 1961 1445 2056 scripsisti.
1480 1960 1591 2033 Ad
1623 1965 1900 2062 privata
1937 1967 2170 2036 venio.
2207 1969 2454 2036 Unum
2503 1968 2721 2036 etiam

585 2052 676 2125 de
732 2062 962 2132 Coelio
1022 2092 1038 2133 :
1094 2080 1377 2139 tantum
1433 2069 1666 2161 abest,
1711 2088 1792 2143 ut
1835 2099 2066 2146 meam
2123 2074 2244 2146 ille
2286 2078 2722 2147 sententiam

581 2184 903 2260 moveat,
945 2188 1027 2245 nt
1069 2177 1278 2252 valde
1328 2205 1465 2278 ego
1514 2185 1692 2280 ipsi,
1728 2184 1930 2282 quod
1977 2184 2068 2255 de
2110 2195 2319 2255 sua²⁰
2357 2188 2721 2257 sententia

582 2273 999 2371 decesserit,
1044 2289 1549 2384 poenitendum
1600 2307 1874 2391 putem.
1921 2292 2059 2364 Sed
2103 2292 2279 2391 quid
2323 2309 2469 2380 est,
2515 2294 2715 2392 quod

580 2386 645 2454 ei
682 2389 895 2458 vici²¹
949 2399 1237 2469 Lucceii
1298 2402 1439 2471 sint
1495 2402 1824 2475 addicti?
1859 2403 1999 2475 hoc
2051 2420 2123 2475 te
2177 2408 2714 2503 praetermisisse

584 2495 826 2568 miror.
862 2503 970 2572 De
1008 2505 1430 2597 Philotimo,
1460 2508 1716 2583 faciam
1756 2513 2130 2610 equidem,
2157 2528 2239 2584 ut
2264 2540 2542 2587 mones.
2575 2515 2714 2587 Sed

582 2626 716 2700 ego
759 2608 936 2679 mihi
970 2610 1060 2682 ab
1098 2615 1258 2706 illo,
1301 2618 1442 2690 hoc
1473 2634 1839 2720 tempore,
1885 2649 2039 2695 non
2090 2626 2409 2697 rationes
2457 2651 2712 2724 exspe-

653 2878 734 2927 16.
749 2881 829 2929 Sic
846 2882 961 2931 edd.
985 2884 1053 2933 At
1070 2886 1125 2934 C.
1145 2886 1238 2936 fuit
1254 2864 1598 2955 Pompeianus.
1687 2895 1787 2943 lent
1810 2897 2015 2962 Mslssp.
2055 2898 2222 2949 Lamb.
2261 2901 2433 2949 Rosius
2457 2917 2472 2950 ε
2501 2902 2708 2949 retinent

578 2959 746 3023 Itaque
770 2961 1017 3012 Corradus
1042 2963 1199 3030 legere
1219 2967 1362 3029 jubet
1391 2973 1450 3034 Q.
1475 2972 1600 3021 Cas-

576 3037 666 3086 sio.
690 3042 741 3089 J.
760 3042 823 3091 V.
850 3045 908 3093 L.

651 3136 730 3180 ¹7·
756 3124 991 3173 Decessit.
1005 3159 1042 3173 ..
1073 3128 1133 3174 In
1149 3128 1598 3180 decedendo-Vide-

575 3209 657 3246 tur
689 3199 827 3264 loqui
867 3207 1207 3268 repugnantia,
1232 3209 1274 3257 si
1289 3243 1306 3269 ,
1332 3210 1563 3259 decedere
1577 3248 1595 3276 ,

576 3277 836 3342 utrobique
861 3280 989 3329 idem
1010 3283 1267 3347 significet.
1288 3286 1440 3349 Quod
1457 3304 1597 3337 secus

578 3368 685 3406 est:
715 3358 841 3407 valet
878 3361 1005 3407 enirn
1034 3363 1212 3422 modo,
1240 3365 1302 3413 de
1337 3368 1594 3430 provincis

576 3434 853 3497 discedere,
923 3441 1294 3492 administrandi
1353 3456 1596 3510 potestate

575 3518 831 3566 terminata
867 3534 882 3568 ε
926 3521 1078 3569 modo
1123 3536 1185 3570 ex
1234 3525 1490 3587 provincis
1530 3526 1594 3574 sd

541 3595 758 3643 ·Urbetn
796 3598 1065 3662 proficisci.
1124 3604 1263 3650 Prior
1301 3604 1592 3667 significatio

572 3684 708 3737 patet
739 3675 793 3723 in
817 3678 879 3724 iis
902 3680 1062 3728 verbis
1085 3695 1100 3730 :
1128 3703 1148 3724 ι
1163 3681 1365 3731 Bibulus
1392 3683 1452 3732 de
1475 3702 1594 3749 pro-

576 3753 733 3800 vincia
765 3754 970 3806 decessit
984 3781 1005 3802 ι
1033 3776 1046 3807 :
1068 3761 1309 3825 posterior
1328 3763 1379 3810 in
1396 3763 1483 3812 iis:
1498 3768 1592 3812 «Iu

575 3829 859 3881 decedendo
886 3834 979 3884 erit
998 3839 1239 3887 tardior».
1268 3842 1416 3890 Mu«.

650 3910 729 3956 18.
761 3911 975 3963 Omavie.
1004 3917 1394 3982 supplicationes
1438 3921 1483 3969 ei
1510 3921 1595 3969 de-

573 4004 774 4037 cernens
787 4022 801 4046 ,
820 4006 940 4052 quas
963 3993 1093 4042 idem
1113 3997 1231 4044 mihi
1252 4008 1364 4045 ante
1385 4015 1592 4064 negave-

571 4078 661 4118 rat.
694 4069 847 4116 lusu.

647 4164 725 4212 ¹9·
758 4149 872 4197 Non
894 4145 1124 4223 invidere.
1156 4153 1477 4218 Negationem
1505 4158 1586 4206 de-

1684 2975 1849 3023 ceteri.
1870 3003 1940 3012 —
1965 2974 2160 3026 Schiitz.
2202 2977 2333 3027 delet
2370 2996 2491 3036 non,
2521 2990 2709 3028 mutato

1683 3069 1826 3101 sensu
1847 3056 2107 3104 verborum
2134 3058 2458 3121 sequentium.
2479 3062 2529 3108 J.
2553 3063 2619 3107 V.
2648 3062 2705 3107 1..

1752 3147 1837 3181 ιο.
1853 3136 1928 3181 De
1943 3152 2035 3183 sua
2051 3136 2309 3186 sententia.
2324 3138 2475 3200 Quod
2487 3138 2576 3194 ‚ob
2593 3140 2706 3185 smi-

1682 3210 1848 3258 citism
1875 3212 2127 3272 Curionis,
2165 3224 2214 3262 et
2254 3215 2424 3262 odium
2461 3216 2611 3280 Appii
2628 3252 2643 3277 ,
2672 3232 2702 3262 s

1681 3305 1785 3353 rep.
1806 3290 2055 3341 defecerit.
2078 3292 2160 3341 Ad
2184 3294 2299 3343 Div.
2325 3296 2468 3357 epist.
2511 3311 2589 3355 17,
2607 3294 2699 3343 lib.

1680 3371 1823 3418 vm.
1847 3372 1994 3419 Mur.

1749 3462 1779 3494 α
1792 3462 1838 3495 ι.
1859 3448 2008 3509 Quod
2026 3447 2071 3495 ei
2090 3448 2212 3497 vici.
2227 3449 2428 3498 Veteres
2438 3450 2573 3509 libri,
2591 3467 2700 3515 pnr-

1677 3525 1768 3574 tim
1785 3516 1946 3574 Eruci
1963 3529 2182 3586 Luce-eis,
2208 3530 2382 3592 partim
2398 3528 2448 3577 ei
2460 3530 2565 3578 vici
2578 3531 2703 3577 Lm:-

1677 3604 1773 3652 eeii
1788 3621 1807 3652 .·
1831 3622 1941 3669 quse
1964 3622 2164 3668 vereor,
2190 3623 2254 3654 ne
2279 3607 2460 3655 certior
2483 3609 2545 3656 sit
2578 3608 2702 3656 scri·

1677 3695 1819 3748 ptura
1837 3718 1851 3742 ‚
1868 3696 1926 3733 ut
1944 3685 2019 3744 ei,
2043 3685 2199 3734 Coelio
2225 3685 2590 3751 intelligendum
2607 3688 2701 3745 sit,

1680 3765 1759 3812 cui
1780 3766 1874 3812 vici
1897 3767 2087 3814 Lucceii
2102 3799 2117 3824 ‚
2142 3767 2365 3829 praetoris
2382 3767 2584 3831 imperio
2610 3767 2702 3815 ad-

1682 3843 1936 3902 dicti,aeris
1952 3844 2111 3901 alieni,
2132 3854 2217 3892 aut
2233 3845 2514 3893 alteriusoei
2533 3862 2700 3906 eausa,

1683 3923 1778 3972 hoc
1799 3935 1894 3982 est,
1908 3923 2174 3984 adjudicati
2193 3924 2385 3972 fuerint.
2398 3927 2514 3972 Tam
2536 3925 2702 3988 privs·

1683 4013 1745 4050 tae
1765 4004 1833 4050 rei
1858 4003 2104 4050 historiam
2127 4020 2364 4068 querere,
2388 4004 2590 4051 stultum
2607 4016 2702 4052 est.

1677 4082 1899 4129 Mmsr.
1917 4108 1986 4119 ·—-
2008 4082 2114 4129 Nisi
2140 4082 2290 4146 magis
2306 4082 2494 4147 placeat
2511 4084 2672 4146 legere
2684 4119 2700 4137 ,

1676 4161 1814 4221 «ejus
1834 4161 1933 4210 vici
1950 4163 2165 4211 Lucceiis
2183 4162 2282 4211 sint
2297 4162 2535 4212 addicti».
2555 4163 2704 4213 certe
