3023 4773
587 458 1106 529 EPISTOLAE
1155 460 1290 528 AD
1335 459 1825 544 ATTICUM,
1865 460 1954 544 V,
2001 482 2111 527 21.
2270 457 2404 556 587

282 583 471 654 tatis.
512 583 826 678 Reperio
861 577 1010 650 duo
1047 578 1674 650 senatusconsulta
1709 578 1960 650 iisdem
1992 580 2413 652 consulibus

284 693 375 764 de
421 690 667 764 eadem
718 689 1146 787 syngrapha.
1198 690 1563 760 Salaminii
1611 713 1839 785 quum
1885 694 2125 761 Romae
2172 716 2414 762 versu-

281 827 436 874 ram
471 799 706 873 facere
731 799 999 873 vellent
1017 854 1035 883 ‚
1071 826 1223 870 non
1247 803 1626 898 poterant3
1656 797 1855 895 quod
1881 799 1995 870 lex
2018 796 2082 842 ³⁶
2112 800 2417 872 Gabinia

280 912 572 984 vetabat
610 910 689 1009 [e
732 911 1135 1009 syngrapha
1166 911 1285 1005 jus
1326 908 1636 1007 dicere].
1685 913 1869 979 Tum
1906 910 1956 979 ii
1989 914 2190 981 Bruti
2219 910 2409 982 fami-

282 1024 495 1095 liares
518 1077 538 1109 ,
574 1020 740 1092 freti
777 1025 1001 1117 gratia
1043 1021 1275 1106 Bruti,
1317 1019 1487 1092 dare
1531 1018 1872 1089 volebant
1910 1022 2319 1116 quaternis,
2355 1023 2415 1090 si

283 1132 420 1204 sibi
458 1129 1082 1203 senatusconsulto
1122 1144 1509 1200 caveretur.
1560 1130 1671 1199 Fit
1708 1130 1932 1227 gratia
1973 1131 2172 1201 Bruti
2218 1155 2417 1203 sena-

285 1241 850 1327 tusconsultum,
887 1263 981 1310 ur
1030 1265 1210 1310 nvn
1254 1244 1708 1326 susumus,
1756 1264 1941 1309 Neve
1983 1263 2109 1322 Qut
2148 1264 2253 1310 ms
2293 1265 2416 1309 mz-

281 1375 559 1437 mmm,
621 1373 892 1420 rasum
957 1373 1181 1420 Essss‘r.
1244 1352 1625 1419 Pecuniam
1683 1363 2178 1420 numerarunt.
2234 1353 2325 1419 At
2351 1346 2414 1404 3⁷

282 1474 532 1557 postea
576 1460 776 1529 venit
824 1462 901 1528 in
943 1472 1258 1529 mentem
1312 1456 1903 1546 foeneratoribuS,
1954 1459 2133 1548 nihil
2179 1485 2255 1531 se
2291 1461 2412 1556 ju-

280 1592 448 1640 vare
497 1567 676 1666 illud
722 1566 1467 1655 senatusconsultum,
1526 1566 1727 1664 quod
1779 1594 1867 1639 ex
1922 1570 2327 1666 syngrapha
2348 1565 2414 1614 ³3

274 1679 394 1775 jus
435 1678 576 1750 dici
622 1678 738 1749 lex
790 1675 1097 1750 Gabinia
1149 1692 1439 1749 vetaret.
1487 1681 1673 1747 Tum
1714 1675 1797 1747 fit
1834 1679 2414 1749 senatusconsul-

282 1802 440 1858 tum
467 1842 486 1876 ,
557 1811 652 1858 UT
726 1811 819 1856 EA
885 1811 1318 1857 sruonsrns
1387 1812 1585 1858 ESSET
1613 1842 1632 1876 ,
1695 1812 1841 1870 Qus
1903 1813 1974 1857 v1
2000 1785 2063 1846 39
2110 1812 2413 1859 cnrssnffi.

284 1898 423 1988 Sed
463 1911 543 1967 ut
581 1896 838 1967 eodem
859 1899 961 1965 ⁴⁰:
991 1920 1221 1992 quum
1249 1895 1401 1967 haec
1438 1895 1927 1978 disseruissem
1948 1951 1966 1984 ,
1997 1898 2273 1969 seducit
2296 1923 2415 1970 me

283 2009 648 2104 Scaptius;
685 2010 780 2076 ait
815 2029 888 2075 se
922 2004 1101 2074 nihil
1136 2020 1385 2076 contra
1421 2004 1699 2093 dicere3
1730 2006 1857 2078 sed
1884 2031 2009 2078 eos
2027 2010 2085 2058 4¹
2125 2022 2417 2105 putare,

283 2117 554 2187 talenta
598 2140 684 2186 cc
721 2139 797 2187 se
838 2112 1146 2202 debere3
1179 2137 1262 2185 ea
1293 2139 1368 2185 se
1398 2115 1582 2184 velle
1615 2117 1974 2213 accipere,
2006 2114 2271 2188 debere
2299 2140 2416 2187 au-

282 2238 433 2296 tem
482 2229 687 2296 eos4²
741 2222 985 2322 paullo
1048 2224 1336 2294 minus:
1380 2237 1628 2319 rogat,
1682 2238 1760 2293 ut
1808 2249 1932 2296 eos
1984 2224 2074 2295 ad
2120 2250 2205 2298 cc
2243 2252 2415 2324 per·

282 2334 563 2407 ducam.
612 2336 938 2433 Optime,
986 2336 1305 2432 inquam.
1347 2339 1553 2407 Voco
1597 2334 1759 2406 illos
1803 2334 1893 2407 ad
1931 2360 2090 2426 me,
2131 2353 2413 2410 remoto

282 2447 590 2543 Scapti0.
667 2446 863 2535 Quid
933 2446 1114 2515 vos?
1184 2461 1540 2543 quantum
1569 2501 1588 2535 ,
1667 2451 1966 2544 inquam
1990 2502 2008 2535 ,
2090 2448 2417 2520 debetis?

194 2567 207 2581 '
283 2556 793 2654 Respondent,
823 2581 957 2627 cvi.
990 2554 1251 2627 Refero
1281 2556 1369 2627 ad
1397 2558 1786 2655 Scaptium.
1825 2564 2062 2629 Homo
2086 2560 2410 2630 clamare.

284 2664 476 2754 Quid
537 2689 725 2763 opus
785 2666 935 2735 est?
985 2666 1307 2762 inquam.
1366 2667 1707 2738 Rationes
1759 2666 2164 2740 conferatis
2217 2658 2411 2741 Assi‘-

284 2773 506 2861 dunt,
550 2773 1004 2865 subducunt3
1053 2775 1144 2846 ad
1187 2801 1571 2848 nummum
1611 2781 1970 2850 convenit.
2012 2780 2121 2849 Illi
2162 2806 2237 2852 se
2281 2807 2412 2851 nu-

284 2907 563 2954 merare
589 2884 808 2970 velle,
835 2909 1090 2982 urgere
1111 2940 1131 2976 ,
1160 2900 1241 2958 ut
1264 2888 1642 2985 acciperet.
1673 2892 1997 2986 Scaptius
2023 2914 2141 2960 me
2165 2914 2414 2962 rursus

355 3064 441 3111 36.
474 3065 584 3110 Lex
627 3062 855 3112 Gabinia.
899 3065 1039 3127 Legi·
1080 3067 1304 3116 Gabinia
1391 3076 1496 3115 tum
1535 3082 1595 3113 ne
1635 3065 1837 3113 multam
1880 3065 1998 3129 legis
2033 3067 2255 3114 Gabiniae
2280 3068 2412 3115 subi·

280 3143 388 3192 hec
404 3142 480 3190 vis
504 3144 598 3190 fuit
613 3177 630 3201 ,
653 3158 717 3190 ne
735 3142 1115 3205 provincialibus
1133 3148 1305 3193 Roma
1390 3156 1524 3206 rent,
1563 3145 1652 3208 qui
1675 3143 1946 3192 Salaminiis
1970 3146 2225 3208 pecuniam
2249 3145 2409 3196 dedis·

282 3238 530 3272 versuram
558 3223 744 3280 facere,
770 3220 822 3268 id
840 3232 935 3279 eat,
962 3232 1187 3271 mutuum
1211 3225 1304 3272 sub
1389 3234 1528 3282 seut,
1564 3223 1656 3271 sub
1681 3224 1840 3270 usuris
1866 3234 2113 3282 mutuam3
2140 3223 2226 3271 sed
2253 3236 2309 3273 ut
2329 3228 2411 3287 jus

279 3301 440 3349 usuris
459 3316 648 3348 sumere
666 3299 831 3346 liceret
852 3314 865 3345 ε
893 3300 937 3347 si
964 3299 1188 3348 fecissent
1204 3335 1219 3359 ‚
1238 3318 1303 3351 ne
1390 3301 1607 3350 dicerent
1626 3317 1685 3352 ex
1703 3302 1788 3349 tali
1800 3302 2074 3367 syngrapha
2095 3304 2411 3366 proconsules

281 3394 345 3426 ex
398 3377 483 3425 tali
532 3376 812 3442 syngrapha
861 3376 942 3438 jus
1002 3377 1299 3429 redderetur.
1388 3392 1558 3428 contra
1588 3381 1743 3446 legem
1784 3382 2041 3431 Gabiniam
2080 3398 2181 3430 non
2212 3395 2406 3431 cautum

280 3458 329 3504 J.
348 3458 400 3505 1³.
424 3458 593 3505 Gnoa.
1387 3472 1490 3508 erat
1516 3462 1957 3511 senatuseonsulto.
1988 3463 2286 3510 Mam—De
2311 3461 2410 3509 hoc

351 3535 437 3595 37.
463 3535 596 3592 Alii,
619 3544 701 3581 -et
714 3555 756 3580 n.
777 3535 827 3583 J.
838 3536 900 3581 V.
922 3536 981 3583 L.
1388 3540 1522 3586 omni
1543 3542 1770 3605 negotio,
1798 3552 1845 3588 et
1871 3540 1932 3589 de
1953 3540 2058 3604 lege
2078 3540 2298 3600 Gabinia,
2326 3543 2408 3591 adi

352 3611 437 3660 38.
481 3612 630 3676 Quod
649 3628 714 3660 ex
736 3612 1039 3677 syngrapha.
1073 3616 1172 3662 Lex
1203 3617 1301 3665 Ga·
1386 3618 1751 3668 celeberrimum
1780 3622 1945 3682 jur-isc.
1981 3621 2212 3685 Savigny,
2258 3622 2405 3671 Μέω.

278 3690 411 3738 binia
429 3702 635 3750 caverat,
656 3691 816 3739 neulli
835 3692 1124 3759 provinciali
1137 3693 1300 3757 legato
1388 3697 1449 3744 de
1474 3698 1608 3747 t’Ac.
1635 3699 1697 3747 de
1721 3699 1883 3747 Berlin
1899 3735 1914 3761 ,
1946 3701 2097 3754 1824.
2122 3701 2214 3749 En.
2237 3728 2306 3737 -——
2346 3704 2412 3749 Ut

280 3771 451 3818 Rome
483 3770 691 3834 pecunia
723 3772 815 3819 sub
839 3774 997 3820 usuris
1022 3784 1188 3821 mutua
1212 3773 1299 3822 da-
1386 3793 1448 3824 ea
1470 3793 1510 3824 ε.
1531 3766 1666 3835 Aliij
1689 3791 1745 3825 ue
1762 3790 1811 3825 ee
1824 3796 1886 3826 ea
1905 3796 1943 3827 s.
1967 3780 2080 3828 J.v.
2107 3780 2162 3827 L.

275 3859 411 3896 retur
435 3863 448 3897 :
483 3859 530 3896 et
557 3865 621 3897 ne
647 3850 950 3913 magistratus
972 3852 1297 3915 provinciales
1457 3857 1541 3919 39.
1564 3859 1678 3920 Qua
1703 3859 1777 3906 vi.
1800 3860 1883 3905 Est
1899 3894 1913 3918 ,
1941 3875 2042 3922 quo
2061 3860 2185 3920 jure.
2215 3860 2328 3910 Bos.

276 3942 339 3976 ex
365 3925 452 3975 tali
477 3928 750 3991 syngrapha
774 3931 857 3990 jus
875 3930 1121 3989 dicerent,
1149 3932 1294 3995 siqui
1454 3945 1536 3993 4ο.
1580 3939 1645 3983 Ue
1681 3938 1867 3987 eodem.
1907 3938 2086 4001 Supple
2103 3975 2118 4002 ‚
2163 3951 2404 3989 revertar:

272 4007 486 4054 Romani
512 4008 644 4072 apud
662 4024 745 4056 eos
763 4022 1079 4073 quererentur
1101 4012 1163 4060 de
1179 4027 1292 4077 pro-
1381 4030 1556 4078 nempe
1582 4015 1645 4062 ad
1674 4018 1944 4081 Scaptium.

239 4074 252 4093 ⁸
272 4084 555 4133 vincialium
581 4086 759 4135 debitis
783 4104 883 4135 non
913 4090 1102 4138 solutis.
1145 4092 1292 4140 Sena·
1453 4103 1541 4152 ⁴¹·
1562 4096 1662 4145 Alii
1687 4132 1702 4159 ,
1745 4096 1890 4144 -mos
1905 4118 1948 4145 »-
1972 4099 2004 4146 J
2011 4101 2100 4146 .V.
2123 4099 2175 4146 L.

273 4164 585 4215 tuscomulto
611 4177 770 4215 autem
800 4167 888 4216 iuo
914 4169 1173 4219 cavebatur
1192 4182 1290 4220 tan-
1451 4182 1536 4231 ka.
1559 4174 1688 4238 Alii,
1718 4176 1860 4226 «illos
1877 4199 1916 4225 ι.
1942 4177 2071 4224 LV.
2099 4178 2152 4223 1..
2183 4226 2188 4231 ,
