3023 4773
665 406 759 488 42
1296 406 1392 474 M.
1441 406 1520 472 T.
1575 398 2158 498 CICEROJNIS

661 529 848 595 simo
889 523 1203 621 benigne
1251 519 1521 596 fecisse.
1568 525 1758 596 Volo
1807 527 2037 611 enim,
2082 523 2175 595 ad
2216 522 2326 613 id,
2377 523 2570 622 quod
2618 544 2758 596 mea

667 652 880 706 causa
914 632 1178 721 fecisti,
1222 632 1365 706 hoc
1400 636 1616 706 etiam
1654 635 1994 707 accedere
2008 632 2064 706 ⁶.

765 757 792 801 ⁷
804 749 955 818 Nec
973 743 1556 817 Lacedaemonios
1579 744 1911 817 dubitare
1937 745 2270 834 arbitror,
2293 748 2472 842 quin
2499 744 2626 841 ipsi
2648 762 2761 813 sua

661 855 1168 953 majorumque
1191 876 1489 926 suorum
1507 858 1930 927 auctoritate
1957 858 2124 927 satis
2140 853 2615 926 commendati
2637 855 2764 923 sint

661 958 830 1034 fidei
866 974 938 1035 et
960 965 1252 1060 justitiae
1288 978 1460 1054 tuae3
1500 980 1573 1036 et
1608 990 1778 1064 ego,
1812 967 1943 1065 qui
1979 980 2053 1038 te
2089 969 2364 1065 optime
2396 966 2763 1051 novissem,

660 1100 812 1146 non
844 1075 1186 1163 dubitavi,
1215 1078 1395 1177 quin
1424 1076 1557 1147 tibi
1591 1080 1962 1149 notissima
1989 1093 2061 1149 et
2083 1078 2247 1174 jura
2282 1091 2355 1149 et
2392 1080 2632 1146 merita
2654 1098 2765 1172 po-

659 1187 1003 1285 pulorum
1030 1198 1304 1267 essent.
1340 1192 1593 1285 Itaque
1631 1213 1861 1286 quum
1895 1214 1937 1258 a
1967 1200 2085 1259 me
2116 1201 2394 1286 peteret
2419 1186 2767 1284 Philippus

655 1292 1276 1388 Lacedaemonhw,
1322 1312 1404 1371 ut
1439 1298 1571 1369 tibi
1609 1302 1966 1371 civitatem
2001 1299 2618 1371 commendarem:
2648 1295 2766 1367 etsi

657 1409 1163 1494 memineram,
1193 1431 1311 1479 me
1343 1411 1408 1479 ei
1445 1410 1714 1482 civitati
1749 1411 1996 1481 omnia
2027 1402 2296 1482 debere
2314 1406 2372 1501 ὃς
2409 1425 2636 1480 tamen
2664 1430 2769 1477 re-

658 1515 961 1614 spondi,
1003 1520 1635 1593 commendatione
1671 1506 2252 1594 Laccdaemonios
2292 1522 2486 1621 apud
2527 1533 2596 1590 te
2636 1539 2767 1587 non

659 1630 890 1725 egere.
939 1632 1192 1726 Itaque
1229 1632 1332 1701 sic
1362 1631 1577 1701 velim
1622 1634 2016 1717 existimes»,
2055 1656 2174 1703 me
2219 1652 2476 1704 omnes
2517 1627 2771 1701 Achaiai

657 1739 973 1809 civitates
1003 1737 1333 1811 arbitrari
1351 1756 1486 1837 pro
1511 1741 1779 1812 horum
1810 1757 2225 1840 temporum
2249 1740 2771 1839 perturbatione

658 1846 938 1939 feliceS,
980 1850 1179 1947 quod
1210 1850 1322 1920 his
1360 1864 1440 1921 tu
1469 1856 1751 1948 praesi53
1801 1854 2287 1950 eumdemque
2321 1878 2439 1924 rne
2475 1855 2566 1922 ita
2595 1845 2771 1944 judi-

657 1974 820 2032 care
838 2014 856 2048 ‚
883 1973 992 2049 te,
1024 1960 1226 2058 quod
1253 1970 1443 2032 unus
1470 1963 1749 2059 optime
1782 1987 2054 2049 nosseS,
2082 1988 2231 2033 non
2261 1978 2506 2034 nostra
2529 1958 2773 2041 solum,

657 2073 781 2144 sed
814 2075 1028 2145 etiam
1062 2079 1353 2144 Graeciae
1378 2082 1856 2146 'monumenta
1887 2076 2155 2163 omnia,
2185 2087 2308 2145 tua
2337 2088 2593 2174 sponte
2622 2066 2773 2138 ami-

657 2208 827 2255 cum
851 2183 1415 2256 Lacedaemoniis
1451 2200 1525 2257 et
1558 2209 1753 2273 esse,
1793 2201 1866 2257 et
1908 2183 2085 2258 fore.
2154 2188 2400 2275 Quare
2440 2195 2708 2255 tantum
2736 2201 2774 2245 a

654 2308 726 2365 te
764 2309 980 2392 pet0,
1033 2304 1147 2381 ut,
1186 2314 1416 2394 quum
1451 2318 1536 2367 ea
1573 2295 1787 2367 facies
1810 2296 2517 2368 Lacedaemoniorum
2546 2312 2774 2379 causa,

658 2431 822 2504 quae
859 2420 982 2477 tua
1013 2395 1194 2478 fides
1215 2462 1234 2495 ,
1264 2405 1699 2504 amplitudo,
1729 2409 2004 2504 justitia
2030 2408 2391 2506 postulat;
2431 2417 2510 2477 ut
2544 2406 2647 2474 his
2668 2456 2686 2487 ,
2722 2398 2775 2469 si

654 2515 787 2588 tibi
826 2515 1211 2606 videbitur,
1246 2516 1638 2615 significeS,
1670 2536 1740 2590 te
1776 2545 1928 2589 non
1964 2519 2269 2590 moleste
2310 2516 2501 2590 ferre
2528 2572 2547 2603 ,
2590 2507 2776 2611 quod

653 2625 1010 2724 intelligas
1032 2682 1051 2714 ,
1107 2650 1190 2697 ea
1253 2652 1416 2724 quae
1484 2625 1696 2700 facias
1718 2684 1737 2717 ,
1782 2629 1963 2700 mihi
2016 2635 2316 2727 quoque
2373 2639 2570 2726 grata
2612 2644 2774 2694 esse.-

655 2738 977 2807 Pertinet
1013 2737 1204 2807 enim
1244 2735 1333 2808 ad
1366 2736 1689 2810 officium
1722 2753 1968 2811 meum
1991 2794 2010 2825 ,
2047 2764 2171 2811 eos
2200 2741 2631 2820 existimare,
2659 2753 2777 2804 cu-

656 2870 754 2915 rae
784 2844 961 2914 mihi
989 2869 1154 2917 suas
1176 2871 1293 2919 res
1331 2873 1503 2921 esse.
1544 2854 1700 2920 Hoc
1725 2863 1795 2921 te
1831 2850 2299 2922 vehementer
2328 2851 2542 2921 etiam
2573 2859 2778 2941 atque

662 2956 876 3028 etiam
909 2980 1112 3054 rogo.

652 3136 805 3185 fendo
817 3158 861 3186 υ.
880 3135 1039 3184 Plaut.
1072 3136 1125 3183 in
1150 3135 1326 3184 Pseud.
1366 3155 1389 3179 ι
1406 3137 1680 3185 Tibicinum
1845 3155 1895 3199 7.
1915 3138 2070 3187 Novae
2104 3137 2187 3185 hie
2214 3138 2436 3204 epistola
2471 3136 2664 3186 initium
2685 3146 2783 3180 θεοῦ

652 3216 813 3277 illam,
835 3227 947 3266 tuns
972 3232 1118 3280 quam
1144 3226 1317 3279 gnatus
1342 3214 1556 3279 deperit,
1576 3233 1680 3264 eam
1762 3218 2054 3281 jamdudum
2088 3220 2281 3284 putavit
2316 3218 2589 3266 Manutius.
2615 3209 2782 3262 Schiitz

654 3296 1015 3344 circumducam
1041 3294 1260 3359 lapide».
1286 3295 1434 3343 Mn.
1462 3325 1530 3334 —
1551 3297 1677 3356 Alii,
1769 3298 1816 3345 ei
1850 3298 2153 3362 obsequntus
2194 3309 2293 3360 est,
2329 3309 2377 3345 et
2413 3298 2539 3345 hanc
2565 3313 2592 3344 n
2616 3305 2782 3358 prince-

651 3374 710 3422 id
729 3374 781 3421 in
806 3391 992 3442 meque.
1014 3375 1062 3423 J.
1076 3377 1138 3421 V.
1166 3377 1220 3422 L.
1770 3376 1916 3426 dente
1943 3378 2202 3442 separavit.
2225 3381 2272 3427 J.
2285 3382 2348 3425 V.
2368 3380 2427 3426 L.
2615 3443 2620 3448 ἱ

726 3453 775 3501 6.
799 3454 918 3500 Volo
940 3453 1273 3505 hoc-...etiam
1295 3453 1679 3503 aocedere.v0lo
1843 3459 1893 3506 8.
1932 3459 2139 3506 Debere.
2182 3457 2343 3506 Scilic.
2381 3455 2568 3524 efficia.
2603 3454 2782 3513 Nempe

651 3532 780 3579 enim
797 3565 811 3587 ‚
835 3542 889 3578 nt
906 3532 1145 3597 intelligas
1174 3543 1219 3580 te
1243 3532 1333 3590 iis,
1370 3548 1478 3595 quae
1497 3534 1678 3581 Mesci-
1766 3549 1972 3602 propter
2005 3538 2110 3597 ejus
2142 3538 2481 3601 antiquitatem
2518 3547 2566 3583 et
2601 3530 2782 3579 clarita-

653 3612 737 3659 nio
757 3611 1097 3675 commodnti,
1115 3630 1216 3660 non
1243 3611 1365 3660 mihi
1385 3612 1542 3660 solnm
1572 3629 1677 3677 gra-
1766 3626 1865 3663 tem
1882 3654 1897 3679 ‚
1914 3635 2023 3681 qnae
2050 3618 2183 3682 apud
2213 3618 2430 3665 eruditos
2457 3614 2677 3663 homines
2701 3624 2778 3656 so-

651 3690 891 3738 tissimum
910 3690 1094 3750 fecisse,
1113 3693 1196 3740 sed
1216 3709 1279 3740 ex
1298 3694 1409 3758 ipso
1431 3693 1676 3740 Mescinio
1764 3695 1834 3743 let
1877 3698 2052 3747 valere.
2105 3699 2234 3744 Hinc
2281 3697 2405 3744 infra
2444 3696 2783 3742 commemorat

652 3771 797 3819 etiam
816 3770 942 3816 hanc
962 3770 1259 3833 voluptatem
1279 3782 1536 3836 capturum
1556 3788 1673 3832 esse,
1764 3788 2079 3825 monumenta
2107 3778 2329 3827 Graeciae.
2352 3773 2781 3824 Eam—fortasse

652 3860 710 3897 ut
734 3849 913 3896 sentias
939 3849 1127 3896 homini
1156 3861 1203 3897 te
1233 3853 1502 3915 gratissimo
1531 3862 1579 3920 et
1596 3853 1676 3913 ju·
1765 3863 1923 3903 tamen
1964 3854 2317 3904 Lacedaemonii
2356 3870 2406 3902 se
2452 3855 2503 3901 in
2539 3842 2783 3899 ciceron&

654 3929 953 3978 candissimo
980 3928 1188 3992 benigne
1207 3931 1387 3980 fecisse.
1404 3934 1495 3981 En.
1764 3933 2034 3982 clientelam
2064 3935 2317 3984 dederant.
2346 3936 2436 3981 En.

1445 4099 1947 4128 *ῃψ-
1977 4113 2021 4121 -
