3023 4773
500 394 591 465 28
1125 398 1224 464 M.
1274 398 1353 464 T.
1406 396 1988 469 CICERONIS

491 515 785 588 datione
821 515 1155 588 cumulus
1181 515 1489 588 accedat.
1526 520 1653 589 Sin
1682 532 1921 594 autem
1947 531 2250 617 propter
2276 540 2624 590 verecun-
2665 534 2674 543 ·

497 626 692 698 diam
735 649 938 696 suam
977 628 1216 697 minus
1260 651 1337 699 se
1377 626 1511 697 tibi
1549 626 1857 718 obtulit,
1907 642 2033 699 aut
2073 627 2402 700 nondum
2456 652 2628 698 eum

496 740 668 808 satis
703 735 927 807 habes
953 740 1323 835 cognitum
1343 791 1363 825 ,
1400 751 1523 810 aut
1549 761 1709 835 quae
1746 762 1958 810 causa
1995 754 2134 829 est,
2170 764 2301 811 cur
2338 738 2632 835 majoris

495 845 1139 919 commendationis
1186 846 1549 945 indigeat;
1603 849 1705 919 sic
1754 847 1891 919 tibi
1942 873 2112 920 eum
2151 845 2631 934 commendo,

487 971 573 1028 ut
591 981 830 1054 neque
856 957 1131 1052 majore
1151 955 1387 1038 studio
1418 982 1891 1055 quemquam,
1926 984 2168 1056 neque
2196 956 2631 1055 justioribus

496 1067 588 1140 de
636 1071 865 1139 causis
915 1066 1427 1139 commendare
1468 1072 1782 1166 possim:
1816 1067 2216 1166 faciamque
2265 1068 2378 1156 id,
2428 1067 2637 1165 quod

495 1176 768 1255 debent
795 1175 1028 1249 facere
1064 1179 1112 1247 ii
1132 1231 1152 1265 ,
1187 1179 1317 1274 qni
1348 1176 1684 1275 religiose
1709 1193 1783 1250 et
1808 1180 1963 1250 sine
1989 1177 2386 1249 ambitione
2426 1201 2638 1248 com·

491 1288 858 1360 mendant.
900 1286 1297 1385 Spondebo
1353 1290 1548 1359 enim
1601 1288 1767 1376 tibi,
1818 1288 1933 1360 vel
1971 1290 2219 1387 potius
2262 1286 2632 1386 spondeo,

492 1402 570 1469 in
601 1422 869 1495 meque
904 1401 1218 1496 recipi0‚
1258 1424 1383 1471 eos
1432 1423 1585 1471 esse
1618 1399 1735 1470 Μ’.
1764 1401 1962 1471 Curii
1999 1423 2272 1487 mores,
2316 1421 2632 1494 eamque

489 1522 649 1579 tum
686 1506 1162 1606 probitatem,
1196 1523 1352 1579 tum
1384 1514 1596 1581 etiam
1632 1509 2158 1580 humanitatem
2179 1562 2198 1594 ,
2237 1522 2321 1579 ut
2352 1531 2521 1578 eum
2556 1522 2634 1578 et

491 1620 806 1689 amicitia
837 1632 998 1706 tua,
1032 1634 1105 1691 et
1144 1634 1288 1689 tam
1334 1635 1665 1690 accurata
1701 1617 2371 1704 commendatione,
2402 1618 2459 1688 si
2497 1616 2634 1687 tibi

491 1730 585 1801 sit
637 1732 967 1825 cognitus
997 1784 1018 1816 ,
1081 1728 1384 1826 dignum
1442 1731 1539 1802 sis
1597 1732 2153 1801 existimaturus.
2213 1727 2394 1805 Mihi
2433 1741 2633 1799 certe

492 1840 971 1935 gratissimum
1023 1837 1313 1927 feceris,
1363 1839 1423 1909 si
1469 1839 1896 1911 intellexero
1918 1893 1938 1927 ,
1995 1837 2124 1909 has
2171 1837 2412 1909 literas
2468 1850 2630 1907 tan-

492 1961 689 2036 tum,
720 1963 1080 2045 quantum
1115 1946 1441 2022 scribens
1468 1947 1962 2038 confidebam,
2003 1946 2196 2045 apud
2232 1961 2305 2024 te
2342 1944 2637 2046 pondus

494 2055 856 2130 habuisse.

493 2241 769 2263 mmm
2260 2239 2632 2260 mm
2667 2222 2676 2225 -

1060 2428 1668 2510 EPISTOLA
1731 2428 2071 2509 XVIII.

492 2593 723 2656 Gratias
755 2594 898 2672 agit,
928 2595 1088 2674 quod
1122 2596 1342 2675 optima
1383 2597 1444 2655 in
1479 2597 1741 2656 Atticum
1775 2597 2077 2655 voluntate
2105 2595 2216 2667 sit,
2243 2614 2447 2672 quem,
2485 2592 2633 2652 dum

576 2692 971 2752 commendari
996 2693 1137 2752 dicit
1164 2713 1397 2753 necesse
1422 2713 1542 2753 non
1568 2714 1727 2767 esse,
1770 2713 1841 2752 eo
1863 2693 1996 2770 ipso
2027 2691 2196 2751 valde
2225 2689 2633 2763 commendat,

576 2806 696 2864 quo
727 2787 963 2846 Servius
996 2787 1051 2845 ei
1078 2800 1276 2866 neque
1312 2789 1373 2847 in
1400 2789 1748 2866 Epiroticis,
1785 2807 1975 2866 neque
2008 2787 2070 2844 in
2098 2787 2226 2846 aliis
2263 2785 2436 2844 rebus
2461 2785 2636 2844 desit.

584 2884 837 2966 (Romae,
867 2904 1019 2942 anno
1049 2888 1123 2945 U.
1149 2889 1212 2945 C.
1244 2892 1401 2961 707·)

1070 3117 1075 3126 .
1154 3067 1467 3133 CICERO
1506 3065 1820 3132 SERVIO
1841 3073 1862 3105 ¹
1904 3066 1971 3131 S.

590 3207 755 3277 Non
804 3202 1232 3288 concedam,
1288 3217 1371 3273 ut
1432 3203 1672 3274 Attico
1735 3217 1987 3273 nostro
2012 3255 2032 3290 ,
2086 3224 2306 3298 quem
2362 3199 2638 3271 elatum

497 3315 738 3387 laetitia
776 3313 969 3400 vidi,
1031 3310 1498 3407 jucundiores
1541 3328 1679 3383 tuae
1723 3314 2158 3384 suavissimae
2211 3309 2298 3382 ad
2346 3334 2515 3381 eum
2560 3324 2641 3381 et

500 3423 1013 3494 humanissime
1046 3421 1324 3519 scriptae
1357 3420 1612 3511 literae,
1632 3421 1904 3493 fuerint
1921 3476 1942 3507 ,
1970 3446 2191 3518 quam
2215 3420 2419 3490 mihi.
2444 3421 2636 3490 Nam

497 3534 632 3606 etsi
667 3531 954 3628 utrique
992 3546 1323 3603 nostrum
1351 3556 1579 3631 prope
1610 3556 1815 3629 aeque
1853 3546 2066 3628 gratae
2103 3544 2310 3601 erant
2338 3558 2354 3601 ε
2387 3543 2638 3599 tamen

498 3668 634 3740 ego
677 3639 1081 3714 admirabar
1125 3645 1382 3740 magis,
1438 3656 1511 3713 te
1536 3695 1556 3729 ‚
1619 3644 1824 3738 quasi
1866 3654 2195 3737 rogatUS,
2249 3653 2373 3711 aut
2427 3653 2625 3710 certe

498 3751 950 3839 admonitus,
999 3750 1388 3824 liberaliter
1426 3755 1661 3823 Attico
1704 3749 2201 3849 respondisses
2242 3747 2472 3847 (quod
2514 3763 2626 3819 ta·

575 3989 624 4021 1.
660 3971 838 4019 Servio.
872 3971 1061 4035 Nempe
1099 3972 1345 4037 Sulpicio,
1381 3974 1523 4035 enim
1610 3983 1779 4033 erant,
1825 3973 1879 4021 in
1919 3972 2174 4039 provincia
2213 3970 2420 4035 Sulpicii
2450 3968 2643 4018 Achaia

498 4066 782 4118 pronomen
797 4048 959 4097 solum
975 4050 1153 4099 Cicero
1179 4051 1393 4101 adhibet.
1410 4053 1522 4117 Epi·
1610 4065 1728 4100 erat.
1760 4051 1883 4100 Alia
1909 4063 2023 4099 sunt
2047 4051 2193 4115 epist.
2217 4049 2282 4097 ad
2308 4049 2442 4097 hunc
2472 4047 2644 4113 Sulpi-

500 4146 608 4192 τω,
644 4129 697 4178 in
741 4144 836 4194 qua
877 4129 977 4178 sere
1011 4129 1175 4179 omnia
1201 4131 1355 4180 Attici
1391 4131 1520 4180 bona
1611 4134 1773 4191 etum,
1804 4131 1969 4192 lib.V,
1997 4145 2030 4194 9
2054 4145 2190 4193 seqq.
2224 4129 2314 4176 En.
