3023 4773
682 403 779 489 64
1311 399 1406 465 M.
1459 396 1537 461 T.
1592 391 2184 462 CICERONIS

677 524 1099 608 nobiscum,
1153 532 1372 615 atque
1428 517 1646 586 etiam
1688 512 1963 583 diutius
2015 513 2093 581 in
2138 532 2351 581 causa
2399 521 2546 597 est,
2597 532 2812 605 quam

678 661 815 707 nos
838 690 857 723 ‚
890 643 1379 705 commoratus
1422 653 1440 696 ι
1477 650 1629 722 quo
1665 622 1969 693 melius‘*
2001 634 2072 691 te
2118 620 2211 691 de
2247 643 2336 689 eo
2377 621 2811 690 existimatu·

682 770 844 818 rum
873 742 1198 815 arbitror.
1226 744 1363 809 Fac
1386 738 1631 834 igitur,
1656 734 1758 803 mi
1781 738 1933 804 Rex
1950 787 1971 821 ‚
1997 746 2082 802 ut
2106 730 2457 828 intelligat
2475 782 2495 817 ,
2525 729 2654 800 has
2682 725 2811 799 sibi

683 856 924 928 literas
960 851 1358 950 plurimum
1396 843 1778 945 profuisse.

753 1046 800 1093 4.
840 1032 1030 1083 Melius.
1065 1030 1157 1077 His
1180 1026 1340 1076 verbis
1364 1025 1615 1083 adducor,
1649 1035 1706 1073 ut
1795 1024 1979 1087 Regem
2006 1019 2209 1086 Pighius
2233 1034 2371 1091 ¹anno
2398 1020 2462 1066 U.
2491 1018 2550 1067 C.
2580 1018 2675 1079 708
2703 1030 2810 1080 pro·

682 1115 924 1180 suspicer,
969 1113 1023 1157 in
1072 1124 1215 1156 causa
1258 1105 1479 1169 Pompeii
1526 1107 1710 1167 Regem
1798 1112 2056 1166 praetorem
2121 1099 2271 1147 fuisse
2332 1106 2476 1162 putat
2535 1096 2591 1145 in
2645 1094 2811 1145 Sicilia.

684 1197 852 1244 fuisse.
885 1192 1035 1240 Mn.
1068 1212 1136 1222 —
1178 1188 1324 1234 Hunc
1370 1185 1433 1246 Q.
1469 1182 1712 1232 Marcium
1800 1182 1922 1230 Sca.

1794 1353 2342 1376 mmmm
2348 1348 2794 1372 mmm

685 1358 1516 1391 mmmm—mmmm

1310 1539 1910 1622 EPISTOLA
1961 1536 2211 1616 LIII.

691 1718 950 1774 Curvum
1000 1708 1059 1765 in
1111 1703 1379 1764 omnibus
1425 1699 1628 1771 rebus,
1667 1695 1962 1776 praecipue
2006 1695 2065 1752 in
2095 1693 2515 1773 Hellespontiis
2553 1689 2811 1770 negotiis,

1114 1796 1501 1862 commendat.
1550 1796 1675 1876 (Ex
1705 1794 1933 1867 Cilicia,
1968 1812 2122 1851 anno
2146 1796 2223 1853 U.
2244 1795 2310 1851 C.
2339 1789 2500 1869 70²·)

1149 1967 1466 2033 ClCERO
1510 1962 1919 2028 THERMO¹
1967 1961 2272 2025 PROPR.
2316 1960 2379 2024 S.

790 2115 874 2181 L.
898 2112 1302 2179 vancimo
1324 2102 1574 2170 Cunvo
1601 2095 2034 2195 jampridem
2065 2110 2234 2167 utor
2259 2093 2816 2171 familiarissime,

694 2221 972 2318 optimo
1009 2215 1167 2285 viro
1190 2268 1208 2302 ,
1245 2227 1318 2283 et
1352 2210 1652 2281 homine
1689 2208 2110 2305 gratissimo.
2148 2212 2334 2278 Eum
2371 2204 2509 2276 tibi
2547 2202 2815 2302 penitus

695 2324 1130 2404 commendo
1156 2338 1373 2420 atque
1399 2318 1629 2391 trad0.
1650 2320 2001 2406 Primum,
2034 2330 2117 2386 ut
2142 2313 2486 2386 omnibus
2517 2316 2590 2383 in
2616 2308 2818 2381 rebus

696 2445 762 2515 ei
799 2437 925 2538 [te]
962 2433 1415 2519 commodes,
1453 2427 1698 2527 quoad
1733 2425 1915 2498 fides
1956 2441 2078 2497 tua
2116 2425 2572 2523 dignitasque
2609 2419 2816 2519 patie-

697 2570 819 2625 tur
861 2578 875 2619 ι
924 2549 1238 2647 patietur
1278 2556 1518 2614 autem
1557 2542 1636 2611 iu
1685 2536 2048 2610 omnibus.
2105 2535 2303 2608 Nihil
2355 2536 2553 2604 enim
2591 2529 2712 2602 abs
2751 2539 2819 2595 te

694 2683 1047 2758 umquam
1071 2712 1091 2744 ‚
1131 2652 1335 2754 quod
1370 2657 1460 2725 sit
1486 2652 1804 2724 alienum
1849 2651 2027 2738 tuis,
2069 2662 2195 2720 aut
2237 2651 2454 2719 etiam
2499 2647 2643 2716 suis
2675 2663 2820 2711 mo-

697 2773 939 2855 ribus,
1004 2763 1420 2868 postulabit.
1490 2762 1857 2859 Praecipue
1914 2774 2158 2831 autem
2205 2756 2340 2827 tibi
2400 2746 2819 2827 commendo

701 2882 985 2980 negotia
1039 2878 1227 2972 ejus,
1279 2899 1441 2971 quae.
1478 2887 1647 2945 sunt
1689 2872 1764 2940 in
1805 2868 2317 2966 HellespontO,
2363 2867 2708 2965 primum,
2745 2869 2820 2927 ut

701 2993 1027 3066 obtineat
1073 2986 1144 3057 id
1205 2985 1387 3080 juris
1442 2985 1519 3052 in
1571 2983 1793 3078 agris,
1838 2977 2042 3076 quod
2097 2980 2163 3048 ei
2212 2981 2512 3049 Pariana
2553 2961 2819 3046 civitas²

592 3169 593 3172 ,
699 3101 1019 3179 decrevit
1055 3111 1129 3169 et
1168 3095 1409 3179 dedit,
1455 3106 1527 3161 et
1566 3088 1768 3186 quod
1809 3113 2096 3186 semper
2138 3087 2456 3160 obtinuit
2497 3091 2648 3157 sine
2687 3076 2822 3151 ulla

702 3211 1229 3297 controversia3
1291 3202 1591 3290 deinde,
1661 3203 1719 3271 si
1772 3200 1952 3299 quid
2008 3199 2309 3272 habebit
2364 3223 2534 3269 cum
2591 3194 2819 3288 aliquo

703 3317 1197 3416 Hellespontio
1235 3307 1773 3396 controversiae,
1806 3321 1891 3378 ut
1929 3308 2005 3377 in
2040 3306 2234 3376 illam
2273 3301 2566 3381 διοίκησιν
2590 3299 2616 3344 ³
2666 3296 2819 3390 reji-

705 3433 866 3502 ciaS.
903 3426 1041 3498 Sed
1075 3446 1226 3494 non
1250 3416 1428 3489 mihi
1467 3416 1742 3507 videor,
1768 3441 1997 3514 quum
2034 3415 2167 3486 tibi
2194 3430 2431 3486 totum
2468 3413 2820 3484 hominem

703 3535 1242 3636 diligentissime
1275 3527 1877 3614 commendarim,
1911 3525 2227 3622 singulas
2254 3523 2347 3596 ad
2388 3540 2459 3596 te
2496 3524 2646 3618 ejus
2671 3539 2823 3587 cau·

708 3674 822 3723 sas
840 3643 1287 3745 perscribere
1301 3636 1590 3710 debere.
1615 3640 1906 3708 Summa
1923 3635 2042 3707 illa
2060 3638 2147 3706 sit
2169 3664 2183 3705 ε
2211 3634 2565 3732 quidquid
2591 3626 2822 3709 officii,

707 3756 1074 3840 beneficii,
1097 3753 1429 3838 honoris,
1457 3751 1533 3818 in
1561 3746 2019 3819 Genucilium
2047 3746 2439 3817 contuleris
2458 3799 2476 3831 ,
2502 3742 2571 3814 id
2601 3756 2669 3810 te
2687 3734 2822 3807 exi-

704 3863 1019 3942 stimabo
1049 3865 1124 3932 in
1152 3887 1268 3932 me
1296 3863 1534 3960 ipsum
1558 3913 1577 3947 ,
1612 3873 1833 3955 atque
1862 3860 1937 3927 in
1973 3881 2126 3929 rem
2153 3880 2386 3928 meam
2421 3848 2816 3926 contulisse.

789 4072 809 4103 1
823 4091 835 4105 .
868 4051 1082 4100 Thermo.
1094 4047 1208 4096 vid.
1229 4046 1292 4094 ad
1309 4047 1428 4095 Div.
1448 4049 1515 4105 11,
1541 4047 1619 4093 18.
1640 4048 1730 4093 En.
1819 4045 1871 4092 in
1892 4043 2232 4107 Hellesponto.
2258 4042 2470 4099 Plinius,
2502 4051 2593 4087 etc.
2615 4035 2815 4083 Mum?-

783 4150 833 4184 α.
859 4129 1084 4181 Pariana
1118 4127 1303 4180 civitas.
1342 4126 1537 4178 Parium
1563 4125 1733 4175 civitas
1894 4123 1946 4173 3.
1975 4120 2217 4176 Διοίκησιν.
2239 4123 2270 4173 J
2274 4120 2653 4170 misdictionem.
2846 4129 2850 4134 ·
