<?xml version="1.0" encoding="UTF-8"?>
<!DOCTYPE html PUBLIC "-//W3C//DTD XHTML 1.0 Transitional//EN"
    "http://www.w3.org/TR/xhtml1/DTD/xhtml1-transitional.dtd">
<html xmlns="http://www.w3.org/1999/xhtml" xml:lang="en" lang="en">
 <head>
  <title>
</title>
<meta http-equiv="Content-Type" content="text/html;charset=utf-8" />
  <meta name='ocr-system' content='tesseract 3.04.00' />
  <meta name='ocr-capabilities' content='ocr_page ocr_carea ocr_par ocr_line ocrx_word'/>
</head>
<body>
  <div class='ocr_page' id='page_1' title='image "./mtciceronisquae01bouigoog_0651.png"; bbox 0 0 3023 4773; ppageno 0'>
   <div class='ocr_carea' id='block_1_1' title="bbox 485 379 2326 478">
    <p class='ocr_par' dir='ltr' id='par_1_1' title="bbox 485 379 2326 478">
     <span class='ocr_line' id='line_1_1' title="bbox 485 379 2326 478; baseline 0.004 -22"><span class='ocrx_word' id='word_1_1' title='bbox 485 379 999 456; x_wconf 84' lang='lat' dir='ltr'><strong>EPISTOLAE</strong></span> <span class='ocrx_word' id='word_1_2' title='bbox 1050 386 1186 453; x_wconf 79' lang='lat' dir='ltr'>An</span> <span class='ocrx_word' id='word_1_3' title='bbox 1236 381 1958 472; x_wconf 74' lang='lat' dir='ltr'>ATTICUM‚V11‚</span> <span class='ocrx_word' id='word_1_4' title='bbox 2020 414 2076 458; x_wconf 77' lang='grc' dir='ltr'>ι.</span> <span class='ocrx_word' id='word_1_5' title='bbox 2194 389 2326 478; x_wconf 69' lang='lat'>641</span> 
     </span>
    </p>
   </div>
   <div class='ocr_carea' id='block_1_2' title="bbox 216 506 2345 825">
    <p class='ocr_par' dir='ltr' id='par_1_2' title="bbox 216 506 2345 825">
     <span class='ocr_line' id='line_1_2' title="bbox 222 506 2343 604; baseline 0.002 -24"><span class='ocrx_word' id='word_1_6' title='bbox 222 524 321 580; x_wconf 90' lang='lat' dir='ltr'>est</span> <span class='ocrx_word' id='word_1_7' title='bbox 371 506 570 580; x_wconf 89' lang='lat' dir='ltr'>locus</span> <span class='ocrx_word' id='word_1_8' title='bbox 624 507 715 579; x_wconf 84' lang='lat' dir='ltr'>ad</span> <span class='ocrx_word' id='word_1_9' title='bbox 767 506 1404 604; x_wconf 85' lang='lat' dir='ltr'>tergiversandum.</span> <span class='ocrx_word' id='word_1_10' title='bbox 1465 513 1733 581; x_wconf 83' lang='lat' dir='ltr'>Contra</span> <span class='ocrx_word' id='word_1_11' title='bbox 1779 511 2170 581; x_wconf 81' lang='lat' dir='ltr'>Caesarem?</span> <span class='ocrx_word' id='word_1_12' title='bbox 2216 515 2343 585; x_wconf 90' lang='lat' dir='ltr'>ubi</span> 
     </span>
     <span class='ocr_line' id='line_1_3' title="bbox 217 616 2344 713; baseline 0.004 -26"><span class='ocrx_word' id='word_1_13' title='bbox 217 619 348 689; x_wconf 78' lang='lat' dir='ltr'>illae</span> <span class='ocrx_word' id='word_1_14' title='bbox 397 632 568 690; x_wconf 87' lang='lat' dir='ltr'>sunt</span> <span class='ocrx_word' id='word_1_15' title='bbox 616 616 856 688; x_wconf 81' lang='lat' dir='ltr'>densae</span> <span class='ocrx_word' id='word_1_16' title='bbox 884 628 945 661; x_wconf 90' lang='lat'>¹⁰</span> <span class='ocrx_word' id='word_1_17' title='bbox 998 616 1353 688; x_wconf 80' lang='lat' dir='ltr'>dexterae?</span> <span class='ocrx_word' id='word_1_18' title='bbox 1392 644 1557 695; x_wconf 79' lang='lat' dir='ltr'>nam</span> <span class='ocrx_word' id='word_1_19' title='bbox 1607 636 1691 691; x_wconf 91' lang='lat' dir='ltr'>ut</span> <span class='ocrx_word' id='word_1_20' title='bbox 1732 619 1833 690; x_wconf 90' lang='lat' dir='ltr'>illi</span> <span class='ocrx_word' id='word_1_21' title='bbox 1879 620 2020 692; x_wconf 94' lang='lat' dir='ltr'>hoc</span> <span class='ocrx_word' id='word_1_22' title='bbox 2058 622 2344 713; x_wconf 82' lang='lat' dir='ltr'>liceret,</span> 
     </span>
     <span class='ocr_line' id='line_1_4' title="bbox 216 724 2345 825; baseline 0.005 -28"><span class='ocrx_word' id='word_1_23' title='bbox 216 726 492 822; x_wconf 81' lang='lat' dir='ltr'>adjuvi,</span> <span class='ocrx_word' id='word_1_24' title='bbox 531 740 822 824; x_wconf 83' lang='lat' dir='ltr'>rogatus</span> <span class='ocrx_word' id='word_1_25' title='bbox 858 724 950 797; x_wconf 86' lang='lat' dir='ltr'>ab</span> <span class='ocrx_word' id='word_1_26' title='bbox 985 728 1144 825; x_wconf 94' lang='lat' dir='ltr'>ipso</span> <span class='ocrx_word' id='word_1_27' title='bbox 1181 731 1539 799; x_wconf 82' lang='lat' dir='ltr'>Ravennae</span> <span class='ocrx_word' id='word_1_28' title='bbox 1575 728 1665 800; x_wconf 87' lang='lat' dir='ltr'>de</span> <span class='ocrx_word' id='word_1_29' title='bbox 1693 729 1999 801; x_wconf 81' lang='lat' dir='ltr'>Coelio1¹</span> <span class='ocrx_word' id='word_1_30' title='bbox 2046 732 2345 807; x_wconf 91' lang='lat' dir='ltr'>tribuno</span> 
     </span>
    </p>
   </div>
   <div class='ocr_carea' id='block_1_3' title="bbox 214 835 2346 1150">
    <p class='ocr_par' dir='ltr' id='par_1_3' title="bbox 214 835 2346 1150">
     <span class='ocr_line' id='line_1_5' title="bbox 216 835 2346 935; baseline 0.003 -27"><span class='ocrx_word' id='word_1_31' title='bbox 216 836 466 935; x_wconf 87' lang='lat' dir='ltr'>plebis.</span> <span class='ocrx_word' id='word_1_32' title='bbox 507 835 618 908; x_wconf 90' lang='lat' dir='ltr'>Ab</span> <span class='ocrx_word' id='word_1_33' title='bbox 655 838 816 935; x_wconf 90' lang='lat' dir='ltr'>ipso</span> <span class='ocrx_word' id='word_1_34' title='bbox 854 835 1142 908; x_wconf 82' lang='lat' dir='ltr'>autem?</span> <span class='ocrx_word' id='word_1_35' title='bbox 1191 841 1405 913; x_wconf 80' lang='lat' dir='ltr'>etiam</span> <span class='ocrx_word' id='word_1_36' title='bbox 1437 864 1479 910; x_wconf 88' lang='lat' dir='ltr'>a</span> <span class='ocrx_word' id='word_1_37' title='bbox 1513 842 1728 909; x_wconf 86' lang='lat' dir='ltr'>Cnaeo</span> <span class='ocrx_word' id='word_1_38' title='bbox 1775 854 2024 911; x_wconf 90' lang='lat' dir='ltr'>nostro</span> <span class='ocrx_word' id='word_1_39' title='bbox 2048 895 2068 928; x_wconf 87' lang='lat'><strong>,</strong></span> <span class='ocrx_word' id='word_1_40' title='bbox 2107 843 2183 912; x_wconf 88' lang='lat' dir='ltr'>in</span> <span class='ocrx_word' id='word_1_41' title='bbox 2222 843 2346 915; x_wconf 91' lang='lat' dir='ltr'>illo</span> 
     </span>
     <span class='ocr_line' id='line_1_6' title="bbox 216 940 2345 1042; baseline 0.002 -28"><span class='ocrx_word' id='word_1_42' title='bbox 216 942 461 1015; x_wconf 86' lang='lat' dir='ltr'>divino</span> <span class='ocrx_word' id='word_1_43' title='bbox 492 944 704 1014; x_wconf 89' lang='lat' dir='ltr'>tertio</span> <span class='ocrx_word' id='word_1_44' title='bbox 736 944 1136 1019; x_wconf 82' lang='lat' dir='ltr'><strong>consulatu.</strong></span> <span class='ocrx_word' id='word_1_45' title='bbox 1168 946 1393 1019; x_wconf 85' lang='lat' dir='ltr'><strong>Aliter</strong></span> <span class='ocrx_word' id='word_1_46' title='bbox 1418 943 1761 1016; x_wconf 81' lang='lat' dir='ltr'>sensero?</span> <span class='ocrx_word' id='word_1_47' title='bbox 1788 940 2072 1042; x_wconf 76' lang='grc' dir='ltr'>αἰδέομαι</span> <span class='ocrx_word' id='word_1_48' title='bbox 2097 958 2156 991; x_wconf 77' lang='lat'>¹²</span> <span class='ocrx_word' id='word_1_49' title='bbox 2196 974 2345 1019; x_wconf 92' lang='lat' dir='ltr'>non</span> 
     </span>
     <span class='ocr_line' id='line_1_7' title="bbox 214 1046 1917 1150; baseline 0.001 -31"><span class='ocrx_word' id='word_1_50' title='bbox 214 1051 642 1148; x_wconf 89' lang='lat' dir='ltr'>Pompeium</span> <span class='ocrx_word' id='word_1_51' title='bbox 692 1048 952 1139; x_wconf 89' lang='lat' dir='ltr'>mod0,</span> <span class='ocrx_word' id='word_1_52' title='bbox 1000 1052 1127 1126; x_wconf 88' lang='lat' dir='ltr'>sed</span> <span class='ocrx_word' id='word_1_53' title='bbox 1169 1060 1415 1150; x_wconf 79' lang='grc' dir='ltr'>Τρῶας,</span> <span class='ocrx_word' id='word_1_54' title='bbox 1450 1053 1554 1122; x_wconf 83' lang='grc' dir='ltr'>καὶ</span> <span class='ocrx_word' id='word_1_55' title='bbox 1590 1046 1917 1149; x_wconf 77' lang='grc' dir='ltr'>Τρωάδας.</span> 
     </span>
    </p>
   </div>
   <div class='ocr_carea' id='block_1_4' title="bbox 472 1205 1756 1285">
    <p class='ocr_par' dir='ltr' id='par_1_4' title="bbox 472 1205 1756 1285">
     <span class='ocr_line' id='line_1_8' title="bbox 472 1205 1756 1285; baseline 0 -20"><span class='ocrx_word' id='word_1_56' title='bbox 472 1205 822 1282; x_wconf 34' lang='grc' dir='ltr'>,Πουλυδάμας</span> <span class='ocrx_word' id='word_1_57' title='bbox 860 1231 943 1282; x_wconf 78' lang='grc' dir='ltr'>μοι</span> <span class='ocrx_word' id='word_1_58' title='bbox 972 1219 1167 1284; x_wconf 77' lang='grc' dir='ltr'>πρῶτος</span> <span class='ocrx_word' id='word_1_59' title='bbox 1197 1215 1440 1285; x_wconf 67' lang='grc' dir='ltr'><strong>ἐλεγχείην</strong></span> <span class='ocrx_word' id='word_1_60' title='bbox 1467 1214 1756 1271; x_wconf 70' lang='grc' dir='ltr'><strong>καταθήσει.</strong></span> 
     </span>
    </p>
   </div>
   <div class='ocr_carea' id='block_1_5' title="bbox 213 1358 2442 2993">
    <p class='ocr_par' dir='ltr' id='par_1_5' title="bbox 213 1355 2442 2993">
     <span class='ocr_line' id='line_1_9' title="bbox 217 1358 2349 1456; baseline 0.002 -26"><span class='ocrx_word' id='word_1_61' title='bbox 217 1359 441 1453; x_wconf 85' lang='lat' dir='ltr'>Quis?</span> <span class='ocrx_word' id='word_1_62' title='bbox 488 1374 570 1430; x_wconf 92' lang='lat' dir='ltr'>tu</span> <span class='ocrx_word' id='word_1_63' title='bbox 624 1360 777 1456; x_wconf 89' lang='lat' dir='ltr'>ipse</span> <span class='ocrx_word' id='word_1_64' title='bbox 826 1358 1134 1448; x_wconf 89' lang='lat' dir='ltr'>scilicet,</span> <span class='ocrx_word' id='word_1_65' title='bbox 1178 1361 1509 1431; x_wconf 85' lang='lat' dir='ltr'>laudator</span> <span class='ocrx_word' id='word_1_66' title='bbox 1553 1375 1627 1432; x_wconf 85' lang='lat' dir='ltr'>et</span> <span class='ocrx_word' id='word_1_67' title='bbox 1674 1358 2029 1432; x_wconf 86' lang='lat' dir='ltr'>factorum</span> <span class='ocrx_word' id='word_1_68' title='bbox 2066 1377 2139 1433; x_wconf 87' lang='lat' dir='ltr'>et</span> <span class='ocrx_word' id='word_1_69' title='bbox 2175 1365 2349 1434; x_wconf 90' lang='lat' dir='ltr'>scri-</span> 
     </span>
     <span class='ocr_line' id='line_1_10' title="bbox 216 1468 2352 1570; baseline 0.001 -28"><span class='ocrx_word' id='word_1_70' title='bbox 216 1485 507 1570; x_wconf 88' lang='lat' dir='ltr'>ptorum</span> <span class='ocrx_word' id='word_1_71' title='bbox 533 1492 884 1540; x_wconf 89' lang='lat' dir='ltr'>meorum.</span> <span class='ocrx_word' id='word_1_72' title='bbox 910 1475 1113 1541; x_wconf 85' lang='lat' dir='ltr'>Hanc</span> <span class='ocrx_word' id='word_1_73' title='bbox 1141 1495 1315 1569; x_wconf 83' lang='lat' dir='ltr'>ergo</span> <span class='ocrx_word' id='word_1_74' title='bbox 1340 1468 1399 1515; x_wconf 83' lang='lat'>¹3</span> <span class='ocrx_word' id='word_1_75' title='bbox 1438 1470 1721 1568; x_wconf 84' lang='lat' dir='ltr'>plagam</span> <span class='ocrx_word' id='word_1_76' title='bbox 1755 1469 1975 1569; x_wconf 83' lang='lat' dir='ltr'>effugi</span> <span class='ocrx_word' id='word_1_77' title='bbox 2010 1496 2140 1570; x_wconf 86' lang='lat' dir='ltr'>per</span> <span class='ocrx_word' id='word_1_78' title='bbox 2166 1472 2352 1545; x_wconf 92' lang='lat' dir='ltr'>duos</span> 
     </span>
     <span class='ocr_line' id='line_1_11' title="bbox 215 1576 2352 1678; baseline 0.001 -26"><span class='ocrx_word' id='word_1_79' title='bbox 215 1583 618 1676; x_wconf 87' lang='lat' dir='ltr'>superiores</span> <span class='ocrx_word' id='word_1_80' title='bbox 636 1576 1143 1649; x_wconf 85' lang='lat' dir='ltr'>Marcellorum</span> <span class='ocrx_word' id='word_1_81' title='bbox 1167 1583 1225 1630; x_wconf 70' lang='lat'>¹⁴</span> <span class='ocrx_word' id='word_1_82' title='bbox 1253 1580 1670 1652; x_wconf 82' lang='lat' dir='ltr'>consulatus</span> <span class='ocrx_word' id='word_1_83' title='bbox 1685 1629 1705 1669; x_wconf 87' lang='lat'>‚</span> <span class='ocrx_word' id='word_1_84' title='bbox 1727 1604 1957 1678; x_wconf 90' lang='lat' dir='ltr'>quum</span> <span class='ocrx_word' id='word_1_85' title='bbox 1982 1598 2091 1654; x_wconf 89' lang='lat' dir='ltr'>est</span> <span class='ocrx_word' id='word_1_86' title='bbox 2112 1598 2352 1655; x_wconf 82' lang='lat' dir='ltr'>actum</span> 
     </span>
     <span class='ocr_line' id='line_1_12' title="bbox 215 1687 2349 1794; baseline 0.003 -34"><span class='ocrx_word' id='word_1_87' title='bbox 215 1688 305 1760; x_wconf 91' lang='lat' dir='ltr'>de</span> <span class='ocrx_word' id='word_1_88' title='bbox 340 1687 708 1786; x_wconf 85' lang='lat' dir='ltr'>provincia</span> <span class='ocrx_word' id='word_1_89' title='bbox 722 1689 1037 1760; x_wconf 77' lang='lat' dir='ltr'>CaesariS.</span> <span class='ocrx_word' id='word_1_90' title='bbox 1066 1693 1279 1762; x_wconf 88' lang='lat' dir='ltr'>Nunc</span> <span class='ocrx_word' id='word_1_91' title='bbox 1305 1691 1550 1764; x_wconf 90' lang='lat' dir='ltr'>incido</span> <span class='ocrx_word' id='word_1_92' title='bbox 1577 1693 1651 1762; x_wconf 91' lang='lat' dir='ltr'>in</span> <span class='ocrx_word' id='word_1_93' title='bbox 1672 1691 2059 1765; x_wconf 84' lang='lat' dir='ltr'>discrimen</span> <span class='ocrx_word' id='word_1_94' title='bbox 2084 1697 2349 1794; x_wconf 88' lang='lat' dir='ltr'>ipsum.</span> 
     </span>
     <span class='ocr_line' id='line_1_13' title="bbox 214 1796 2350 1897; baseline 0.003 -26"><span class='ocrx_word' id='word_1_95' title='bbox 214 1804 506 1896; x_wconf 88' lang='lat' dir='ltr'>Itaque,</span> <span class='ocrx_word' id='word_1_96' title='bbox 550 1812 637 1869; x_wconf 88' lang='lat' dir='ltr'>ut</span> <span class='ocrx_word' id='word_1_97' title='bbox 684 1797 948 1870; x_wconf 90' lang='lat' dir='ltr'>stultus</span> <span class='ocrx_word' id='word_1_98' title='bbox 972 1796 1033 1842; x_wconf 84' lang='lat'>¹⁵</span> <span class='ocrx_word' id='word_1_99' title='bbox 1082 1803 1361 1897; x_wconf 88' lang='lat' dir='ltr'>primus</span> <span class='ocrx_word' id='word_1_100' title='bbox 1401 1826 1605 1873; x_wconf 88' lang='lat' dir='ltr'>suam</span> <span class='ocrx_word' id='word_1_101' title='bbox 1651 1806 2083 1875; x_wconf 85' lang='lat' dir='ltr'>sententiam</span> <span class='ocrx_word' id='word_1_102' title='bbox 2124 1804 2350 1894; x_wconf 84' lang='lat' dir='ltr'>dicat,</span> 
     </span>
     <span class='ocr_line' id='line_1_14' title="bbox 213 1907 2350 2011; baseline 0.003 -31"><span class='ocrx_word' id='word_1_103' title='bbox 213 1910 397 1980; x_wconf 86' lang='lat' dir='ltr'>mihi</span> <span class='ocrx_word' id='word_1_104' title='bbox 430 1907 637 1980; x_wconf 84' lang='lat' dir='ltr'>valde</span> <span class='ocrx_word' id='word_1_105' title='bbox 681 1907 955 2006; x_wconf 86' lang='lat' dir='ltr'>placet,</span> <span class='ocrx_word' id='word_1_106' title='bbox 1006 1907 1097 1980; x_wconf 87' lang='lat' dir='ltr'>de</span> <span class='ocrx_word' id='word_1_107' title='bbox 1134 1909 1504 2007; x_wconf 86' lang='lat' dir='ltr'>triumpho</span> <span class='ocrx_word' id='word_1_108' title='bbox 1550 1937 1700 1982; x_wconf 91' lang='lat' dir='ltr'>non</span> <span class='ocrx_word' id='word_1_109' title='bbox 1751 1912 1991 1985; x_wconf 90' lang='lat' dir='ltr'>moliri</span> <span class='ocrx_word' id='word_1_110' title='bbox 2036 1914 2350 2011; x_wconf 78' lang='lat' dir='ltr'>aliquid3</span> 
     </span>
     <span class='ocr_line' id='line_1_15' title="bbox 216 2017 2355 2115; baseline 0.002 -24"><span class='ocrx_word' id='word_1_111' title='bbox 216 2017 483 2093; x_wconf 78' lang='lat' dir='ltr'>extra¹⁶</span> <span class='ocrx_word' id='word_1_112' title='bbox 499 2019 776 2091; x_wconf 87' lang='lat' dir='ltr'>Urbem</span> <span class='ocrx_word' id='word_1_113' title='bbox 786 2042 941 2089; x_wconf 87' lang='lat' dir='ltr'>esse</span> <span class='ocrx_word' id='word_1_114' title='bbox 957 2042 1122 2089; x_wconf 91' lang='lat' dir='ltr'>cum</span> <span class='ocrx_word' id='word_1_115' title='bbox 1126 2044 1153 2115; x_wconf 86' lang='lat' dir='ltr'>J</span> <span class='ocrx_word' id='word_1_116' title='bbox 1166 2021 1520 2092; x_wconf 84' lang='lat' dir='ltr'>ustissima</span> <span class='ocrx_word' id='word_1_117' title='bbox 1534 2045 1764 2093; x_wconf 86' lang='lat' dir='ltr'>causa.</span> <span class='ocrx_word' id='word_1_118' title='bbox 1781 2027 2051 2094; x_wconf 85' lang='lat' dir='ltr'>Tamen</span> <span class='ocrx_word' id='word_1_119' title='bbox 2073 2023 2355 2096; x_wconf 85' lang='lat' dir='ltr'>dabunt</span> 
     </span>
     <span class='ocr_line' id='line_1_16' title="bbox 214 2127 2353 2227; baseline 0.003 -26"><span class='ocrx_word' id='word_1_120' title='bbox 214 2154 552 2227; x_wconf 87' lang='lat' dir='ltr'>operam,</span> <span class='ocrx_word' id='word_1_121' title='bbox 609 2143 693 2199; x_wconf 91' lang='lat' dir='ltr'>ut</span> <span class='ocrx_word' id='word_1_122' title='bbox 743 2127 1032 2199; x_wconf 86' lang='lat' dir='ltr'>eliciant</span> <span class='ocrx_word' id='word_1_123' title='bbox 1081 2135 1513 2201; x_wconf 82' lang='lat' dir='ltr'>sententiam</span> <span class='ocrx_word' id='word_1_124' title='bbox 1574 2155 1827 2202; x_wconf 88' lang='lat' dir='ltr'>meam.</span> <span class='ocrx_word' id='word_1_125' title='bbox 1874 2133 2172 2205; x_wconf 86' lang='lat' dir='ltr'>Ridebis</span> <span class='ocrx_word' id='word_1_126' title='bbox 2210 2135 2353 2207; x_wconf 90' lang='lat' dir='ltr'>hoc</span> 
     </span>
     <span class='ocr_line' id='line_1_17' title="bbox 214 2236 2353 2341; baseline 0.003 -31"><span class='ocrx_word' id='word_1_127' title='bbox 214 2238 378 2310; x_wconf 92' lang='lat' dir='ltr'>loco</span> <span class='ocrx_word' id='word_1_128' title='bbox 416 2236 736 2309; x_wconf 85' lang='lat' dir='ltr'>fortasse.</span> <span class='ocrx_word' id='word_1_129' title='bbox 778 2239 1015 2327; x_wconf 88' lang='lat' dir='ltr'>Quam</span> <span class='ocrx_word' id='word_1_130' title='bbox 1061 2236 1319 2310; x_wconf 87' lang='lat' dir='ltr'>vellem</span> <span class='ocrx_word' id='word_1_131' title='bbox 1366 2243 1585 2311; x_wconf 88' lang='lat' dir='ltr'>etiam</span> <span class='ocrx_word' id='word_1_132' title='bbox 1631 2265 1831 2312; x_wconf 90' lang='lat' dir='ltr'>nunc</span> <span class='ocrx_word' id='word_1_133' title='bbox 1868 2245 1943 2312; x_wconf 92' lang='lat' dir='ltr'>in</span> <span class='ocrx_word' id='word_1_134' title='bbox 1983 2248 2353 2341; x_wconf 85' lang='lat' dir='ltr'>provincia</span> 
     </span>
     <span class='ocr_line' id='line_1_18' title="bbox 215 2343 2355 2450; baseline 0.004 -32"><span class='ocrx_word' id='word_1_135' title='bbox 215 2343 519 2418; x_wconf 84' lang='lat' dir='ltr'>morari!</span> <span class='ocrx_word' id='word_1_136' title='bbox 558 2346 774 2445; x_wconf 83' lang='lat' dir='ltr'>plane</span> <span class='ocrx_word' id='word_1_137' title='bbox 814 2370 1002 2445; x_wconf 88' lang='lat' dir='ltr'>opus</span> <span class='ocrx_word' id='word_1_138' title='bbox 1044 2344 1224 2436; x_wconf 87' lang='lat' dir='ltr'>fuit,</span> <span class='ocrx_word' id='word_1_139' title='bbox 1264 2351 1321 2420; x_wconf 87' lang='lat' dir='ltr'>si</span> <span class='ocrx_word' id='word_1_140' title='bbox 1363 2348 1506 2423; x_wconf 89' lang='lat' dir='ltr'>hoc</span> <span class='ocrx_word' id='word_1_141' title='bbox 1538 2349 2027 2450; x_wconf 72' lang='lat' dir='ltr'>impendebat.</span> <span class='ocrx_word' id='word_1_142' title='bbox 2066 2357 2214 2426; x_wconf 90' lang='lat' dir='ltr'>Etsi</span> <span class='ocrx_word' id='word_1_143' title='bbox 2251 2355 2355 2426; x_wconf 91' lang='lat' dir='ltr'>nil</span> 
     </span>
     <span class='ocr_line' id='line_1_19' title="bbox 217 2448 2353 2551; baseline 0.004 -27"><span class='ocrx_word' id='word_1_144' title='bbox 217 2454 568 2531; x_wconf 87' lang='lat' dir='ltr'>miserius.</span> <span class='ocrx_word' id='word_1_145' title='bbox 600 2455 781 2523; x_wconf 86' lang='lat' dir='ltr'>Nam</span> <span class='ocrx_word' id='word_1_146' title='bbox 811 2448 960 2524; x_wconf 78' lang='grc' dir='ltr'>ὁδοῦ</span> <span class='ocrx_word' id='word_1_147' title='bbox 980 2456 1282 2551; x_wconf 81' lang='grc' dir='ltr'><strong>πάρεργον</strong></span> <span class='ocrx_word' id='word_1_148' title='bbox 1304 2466 1391 2543; x_wconf 83' lang='lat'>¹⁷,</span> <span class='ocrx_word' id='word_1_149' title='bbox 1411 2457 1578 2528; x_wconf 89' lang='lat' dir='ltr'>volo</span> <span class='ocrx_word' id='word_1_150' title='bbox 1607 2472 1678 2529; x_wconf 91' lang='lat' dir='ltr'>te</span> <span class='ocrx_word' id='word_1_151' title='bbox 1705 2457 1847 2529; x_wconf 88' lang='lat' dir='ltr'>hoc</span> <span class='ocrx_word' id='word_1_152' title='bbox 1873 2458 2085 2546; x_wconf 80' lang='lat' dir='ltr'>scire3</span> <span class='ocrx_word' id='word_1_153' title='bbox 2109 2465 2353 2533; x_wconf 88' lang='lat' dir='ltr'>omnia</span> 
     </span>
     <span class='ocr_line' id='line_1_20' title="bbox 217 2564 2351 2662; baseline 0.004 -27"><span class='ocrx_word' id='word_1_154' title='bbox 217 2565 338 2636; x_wconf 84' lang='lat' dir='ltr'>illa</span> <span class='ocrx_word' id='word_1_155' title='bbox 378 2565 644 2662; x_wconf 88' lang='lat' dir='ltr'>prima,</span> <span class='ocrx_word' id='word_1_156' title='bbox 690 2587 851 2659; x_wconf 84' lang='lat' dir='ltr'>quae</span> <span class='ocrx_word' id='word_1_157' title='bbox 901 2564 1114 2635; x_wconf 87' lang='lat' dir='ltr'>etiam</span> <span class='ocrx_word' id='word_1_158' title='bbox 1165 2568 1306 2637; x_wconf 87' lang='lat' dir='ltr'>tuis</span> <span class='ocrx_word' id='word_1_159' title='bbox 1350 2565 1576 2639; x_wconf 87' lang='lat' dir='ltr'>literis</span> <span class='ocrx_word' id='word_1_160' title='bbox 1626 2571 1704 2638; x_wconf 90' lang='lat' dir='ltr'>in</span> <span class='ocrx_word' id='word_1_161' title='bbox 1739 2568 1988 2639; x_wconf 85' lang='lat' dir='ltr'>caelum</span> <span class='ocrx_word' id='word_1_162' title='bbox 2029 2567 2351 2661; x_wconf 62' lang='lat' dir='ltr'>ferebam,</span> 
     </span>
     <span class='ocr_line' id='line_1_21' title="bbox 215 2663 2358 2771; baseline 0.002 -30"><span class='ocrx_word' id='word_1_163' title='bbox 215 2674 523 2747; x_wconf 74' lang='grc' dir='ltr'>ἐπίτηκτα</span> <span class='ocrx_word' id='word_1_164' title='bbox 544 2663 604 2715; x_wconf 79' lang='lat'>¹⁸</span> <span class='ocrx_word' id='word_1_165' title='bbox 637 2667 956 2741; x_wconf 87' lang='lat' dir='ltr'>fuerunt.</span> <span class='ocrx_word' id='word_1_166' title='bbox 996 2671 1233 2760; x_wconf 87' lang='lat' dir='ltr'>Quam</span> <span class='ocrx_word' id='word_1_167' title='bbox 1261 2696 1410 2743; x_wconf 90' lang='lat' dir='ltr'>non</span> <span class='ocrx_word' id='word_1_168' title='bbox 1449 2687 1560 2743; x_wconf 87' lang='lat' dir='ltr'>est</span> <span class='ocrx_word' id='word_1_169' title='bbox 1589 2669 1812 2745; x_wconf 85' lang='lat' dir='ltr'>facilis</span> <span class='ocrx_word' id='word_1_170' title='bbox 1840 2672 2097 2745; x_wconf 85' lang='lat' dir='ltr'>virtus!</span> <span class='ocrx_word' id='word_1_171' title='bbox 2129 2692 2358 2771; x_wconf 78' lang='lat' dir='ltr'>quam&#39;</span> 
     </span>
     <span class='ocr_line' id='line_1_22' title="bbox 215 2777 2353 2876; baseline 0.002 -25"><span class='ocrx_word' id='word_1_172' title='bbox 215 2805 395 2853; x_wconf 85' lang='lat' dir='ltr'>vero</span> <span class='ocrx_word' id='word_1_173' title='bbox 450 2777 759 2853; x_wconf 87' lang='lat' dir='ltr'>difficilis</span> <span class='ocrx_word' id='word_1_174' title='bbox 813 2781 970 2876; x_wconf 87' lang='lat' dir='ltr'>ejus</span> <span class='ocrx_word' id='word_1_175' title='bbox 1020 2781 1362 2853; x_wconf 85' lang='lat' dir='ltr'>diuturna</span> <span class='ocrx_word' id='word_1_176' title='bbox 1412 2780 1809 2854; x_wconf 84' lang='lat' dir='ltr'>simulatio!</span> <span class='ocrx_word' id='word_1_177' title='bbox 1863 2785 2108 2873; x_wconf 87' lang='lat' dir='ltr'>Quum</span> <span class='ocrx_word' id='word_1_178' title='bbox 2157 2788 2353 2856; x_wconf 86' lang='lat' dir='ltr'>enim</span> 
     </span>
     <span class='ocr_line' id='line_1_23' title="bbox 216 2891 2442 2993; baseline 0.002 -31"><span class='ocrx_word' id='word_1_179' title='bbox 216 2892 362 2962; x_wconf 90' lang='lat' dir='ltr'>hoc</span> <span class='ocrx_word' id='word_1_180' title='bbox 396 2904 681 2961; x_wconf 90' lang='lat' dir='ltr'>rectum</span> <span class='ocrx_word' id='word_1_181' title='bbox 709 2904 781 2961; x_wconf 89' lang='lat' dir='ltr'>et</span> <span class='ocrx_word' id='word_1_182' title='bbox 807 2891 1205 2988; x_wconf 86' lang='lat' dir='ltr'>gloriosum</span> <span class='ocrx_word' id='word_1_183' title='bbox 1234 2908 1566 2991; x_wconf 88' lang='lat' dir='ltr'>putarem</span> <span class='ocrx_word' id='word_1_184' title='bbox 1585 2946 1603 2979; x_wconf 88' lang='lat'>‚</span> <span class='ocrx_word' id='word_1_185' title='bbox 1633 2916 1724 2964; x_wconf 83' lang='lat' dir='ltr'>ex</span> <span class='ocrx_word' id='word_1_186' title='bbox 1751 2916 1989 2963; x_wconf 86' lang='lat' dir='ltr'>annuo</span> <span class='ocrx_word' id='word_1_187' title='bbox 2017 2910 2314 2993; x_wconf 89' lang='lat' dir='ltr'>sumptu</span> <span class='ocrx_word' id='word_1_188' title='bbox 2331 2946 2352 2985; x_wconf 81' lang='lat'>‚</span> <span class='ocrx_word' id='word_1_189' title='bbox 2433 2927 2442 2930; x_wconf 88' lang='grc'><em>·</em></span> 
     </span>
    </p>
   </div>
   <div class='ocr_carea' id='block_1_6' title="bbox 298 3125 1239 3192">
    <p class='ocr_par' dir='ltr' id='par_1_6' title="bbox 298 3125 1239 3192">
     <span class='ocr_line' id='line_1_24' title="bbox 298 3125 1239 3192; baseline -0.001 -16"><span class='ocrx_word' id='word_1_190' title='bbox 298 3143 376 3176; x_wconf 89' lang='lat'>10.</span> <span class='ocrx_word' id='word_1_191' title='bbox 424 3128 616 3175; x_wconf 70' lang='lat' dir='ltr'>Densa.</span> <span class='ocrx_word' id='word_1_192' title='bbox 658 3128 854 3176; x_wconf 78' lang='lat' dir='ltr'>Juuctae</span> <span class='ocrx_word' id='word_1_193' title='bbox 904 3135 954 3173; x_wconf 85' lang='lat' dir='ltr'>et</span> <span class='ocrx_word' id='word_1_194' title='bbox 993 3125 1239 3192; x_wconf 60' lang='lat' dir='ltr'>implexa.</span> 
     </span>
    </p>
   </div>
   <div class='ocr_carea' id='block_1_7' title="bbox 217 3211 1241 3343">
    <p class='ocr_par' dir='ltr' id='par_1_7' title="bbox 217 3211 1241 3343">
     <span class='ocr_line' id='line_1_25' title="bbox 217 3211 414 3259; baseline -0.025 0"><span class='ocrx_word' id='word_1_195' title='bbox 217 3211 414 3259; x_wconf 67' lang='lat' dir='ltr'>Portu.</span> 
     </span>
     <span class='ocr_line' id='line_1_26' title="bbox 299 3281 1241 3343; baseline -0.004 -8"><span class='ocrx_word' id='word_1_196' title='bbox 299 3304 320 3335; x_wconf 80' lang='lat'>1</span> <span class='ocrx_word' id='word_1_197' title='bbox 334 3303 379 3334; x_wconf 81' lang='lat'>1.</span> <span class='ocrx_word' id='word_1_198' title='bbox 404 3287 481 3333; x_wconf 80' lang='lat' dir='ltr'>De</span> <span class='ocrx_word' id='word_1_199' title='bbox 508 3281 672 3332; x_wconf 77' lang='lat' dir='ltr'>Coelio.</span> <span class='ocrx_word' id='word_1_200' title='bbox 698 3284 768 3331; x_wconf 85' lang='lat' dir='ltr'>Ut</span> <span class='ocrx_word' id='word_1_201' title='bbox 784 3283 858 3330; x_wconf 91' lang='lat' dir='ltr'>M.</span> <span class='ocrx_word' id='word_1_202' title='bbox 877 3281 1104 3343; x_wconf 70' lang='lat' dir='ltr'>celiam,</span> <span class='ocrx_word' id='word_1_203' title='bbox 1121 3283 1241 3331; x_wconf 78' lang='lat' dir='ltr'>ami·</span> 
     </span>
    </p>
   </div>
   <div class='ocr_carea' id='block_1_8' title="bbox 216 3361 1246 4142">
    <p class='ocr_par' dir='ltr' id='par_1_8' title="bbox 216 3361 1241 3575">
     <span class='ocr_line' id='line_1_27' title="bbox 216 3361 1237 3425; baseline -0.007 -9"><span class='ocrx_word' id='word_1_204' title='bbox 216 3368 467 3416; x_wconf 84' lang='lat' dir='ltr'>cissimum</span> <span class='ocrx_word' id='word_1_205' title='bbox 488 3378 674 3421; x_wconf 86' lang='lat' dir='ltr'>meum,</span> <span class='ocrx_word' id='word_1_206' title='bbox 696 3361 948 3409; x_wconf 83' lang='lat' dir='ltr'>tribunum</span> <span class='ocrx_word' id='word_1_207' title='bbox 974 3361 1133 3425; x_wconf 84' lang='lat' dir='ltr'>plebis</span> <span class='ocrx_word' id='word_1_208' title='bbox 1157 3363 1237 3410; x_wconf 86' lang='lat' dir='ltr'>in-</span> 
     </span>
     <span class='ocr_line' id='line_1_28' title="bbox 220 3439 1239 3509; baseline -0.006 -14"><span class='ocrx_word' id='word_1_209' title='bbox 220 3447 447 3494; x_wconf 83' lang='lat' dir='ltr'>ducerem</span> <span class='ocrx_word' id='word_1_210' title='bbox 480 3441 544 3490; x_wconf 82' lang='lat' dir='ltr'>ad</span> <span class='ocrx_word' id='word_1_211' title='bbox 579 3440 732 3505; x_wconf 80' lang='lat' dir='ltr'>legem</span> <span class='ocrx_word' id='word_1_212' title='bbox 770 3439 1015 3509; x_wconf 32' lang='lat' dir='ltr'>serends‘m</span> <span class='ocrx_word' id='word_1_213' title='bbox 1050 3441 1112 3489; x_wconf 86' lang='lat' dir='ltr'>de</span> <span class='ocrx_word' id='word_1_214' title='bbox 1150 3441 1239 3490; x_wconf 80' lang='lat' dir='ltr'>ha-</span> 
     </span>
     <span class='ocr_line' id='line_1_29' title="bbox 217 3519 1241 3575; baseline -0.006 0"><span class='ocrx_word' id='word_1_215' title='bbox 217 3525 383 3575; x_wconf 71' lang='lat' dir='ltr'>bend·</span> <span class='ocrx_word' id='word_1_216' title='bbox 407 3521 606 3573; x_wconf 78' lang='lat' dir='ltr'>Caesaris</span> <span class='ocrx_word' id='word_1_217' title='bbox 630 3520 842 3568; x_wconf 76' lang='lat' dir='ltr'>absentis</span> <span class='ocrx_word' id='word_1_218' title='bbox 863 3519 1066 3567; x_wconf 75' lang='lat' dir='ltr'>ratione.</span> <span class='ocrx_word' id='word_1_219' title='bbox 1093 3521 1241 3569; x_wconf 71' lang='lat' dir='ltr'><strong>Mn«.</strong></span> 
     </span>
    </p>

    <p class='ocr_par' dir='ltr' id='par_1_9' title="bbox 217 3596 1244 3891">
     <span class='ocr_line' id='line_1_30' title="bbox 301 3596 1244 3669; baseline -0.005 -18"><span class='ocrx_word' id='word_1_220' title='bbox 301 3620 379 3651; x_wconf 64' lang='grc' dir='ltr'>ιη.</span> <span class='ocrx_word' id='word_1_221' title='bbox 418 3596 671 3667; x_wconf 73' lang='grc' dir='ltr'>Ᾰῖδίομαι.</span> <span class='ocrx_word' id='word_1_222' title='bbox 712 3600 895 3646; x_wconf 82' lang='lat' dir='ltr'>Vereor</span> <span class='ocrx_word' id='word_1_223' title='bbox 932 3597 1169 3662; x_wconf 81' lang='lat' dir='ltr'>Trojanos</span> <span class='ocrx_word' id='word_1_224' title='bbox 1196 3611 1244 3669; x_wconf 60' lang='lat' dir='ltr'>et</span> 
     </span>
     <span class='ocr_line' id='line_1_31' title="bbox 225 3676 1244 3747; baseline -0.007 -14"><span class='ocrx_word' id='word_1_225' title='bbox 225 3683 486 3747; x_wconf 77' lang='lat' dir='ltr'>Trojanas.</span> <span class='ocrx_word' id='word_1_226' title='bbox 507 3679 797 3741; x_wconf 79' lang='lat' dir='ltr'>Polydamas</span> <span class='ocrx_word' id='word_1_227' title='bbox 801 3676 988 3742; x_wconf 73' lang='lat' dir='ltr'>primus</span> <span class='ocrx_word' id='word_1_228' title='bbox 1002 3676 1123 3726; x_wconf 69' lang='lat' dir='ltr'>mihi</span> <span class='ocrx_word' id='word_1_229' title='bbox 1128 3695 1244 3742; x_wconf 82' lang='lat' dir='ltr'>pro·</span> 
     </span>
     <span class='ocr_line' id='line_1_32' title="bbox 217 3758 1244 3828; baseline -0.008 -16"><span class='ocrx_word' id='word_1_230' title='bbox 217 3767 362 3813; x_wconf 79' lang='lat' dir='ltr'>brum</span> <span class='ocrx_word' id='word_1_231' title='bbox 382 3759 573 3828; x_wconf 78' lang='lat' dir='ltr'>inseret.</span> <span class='ocrx_word' id='word_1_232' title='bbox 600 3758 739 3807; x_wconf 76' lang='lat' dir='ltr'>Iliad.</span> <span class='ocrx_word' id='word_1_233' title='bbox 773 3758 831 3820; x_wconf 89' lang='lat' dir='ltr'>Z,</span> <span class='ocrx_word' id='word_1_234' title='bbox 857 3766 988 3817; x_wconf 70' lang='lat'>4423</span> <span class='ocrx_word' id='word_1_235' title='bbox 1012 3760 1080 3817; x_wconf 78' lang='lat' dir='ltr'>X,</span> <span class='ocrx_word' id='word_1_236' title='bbox 1114 3758 1208 3806; x_wconf 80' lang='lat'>105</span> <span class='ocrx_word' id='word_1_237' title='bbox 1227 3791 1244 3818; x_wconf 91' lang='lat'>‚</span> 
     </span>
     <span class='ocr_line' id='line_1_33' title="bbox 224 3858 345 3891; baseline -0.008 0"><span class='ocrx_word' id='word_1_238' title='bbox 224 3858 345 3891; x_wconf 85' lang='lat'>100.</span> 
     </span>
    </p>

    <p class='ocr_par' dir='ltr' id='par_1_10' title="bbox 301 3916 891 3983">
     <span class='ocr_line' id='line_1_34' title="bbox 301 3916 891 3983; baseline -0.01 -14"><span class='ocrx_word' id='word_1_239' title='bbox 301 3924 381 3969; x_wconf 84' lang='lat'>13.</span> <span class='ocrx_word' id='word_1_240' title='bbox 400 3918 498 3966; x_wconf 76' lang='lat' dir='ltr'>Alii</span> <span class='ocrx_word' id='word_1_241' title='bbox 516 3952 530 3978; x_wconf 89' lang='lat'>‚</span> <span class='ocrx_word' id='word_1_242' title='bbox 554 3931 663 3983; x_wconf 75' lang='lat' dir='ltr'>ego.</span> <span class='ocrx_word' id='word_1_243' title='bbox 680 3916 729 3964; x_wconf 82' lang='lat' dir='ltr'>J.</span> <span class='ocrx_word' id='word_1_244' title='bbox 746 3917 811 3963; x_wconf 79' lang='lat' dir='ltr'>V.</span> <span class='ocrx_word' id='word_1_245' title='bbox 835 3919 891 3964; x_wconf 83' lang='lat' dir='ltr'>L.</span> 
     </span>
    </p>

    <p class='ocr_par' dir='ltr' id='par_1_11' title="bbox 218 3995 1246 4142">
     <span class='ocr_line' id='line_1_35' title="bbox 304 3995 1245 4061; baseline 0 -16"><span class='ocrx_word' id='word_1_246' title='bbox 304 4009 387 4057; x_wconf 70' lang='lat'>14.</span> <span class='ocrx_word' id='word_1_247' title='bbox 427 3996 787 4046; x_wconf 76' lang='lat' dir='ltr'>Marcellorum.</span> <span class='ocrx_word' id='word_1_248' title='bbox 827 3995 956 4058; x_wconf 81' lang='lat' dir='ltr'>Quia</span> <span class='ocrx_word' id='word_1_249' title='bbox 998 3998 1245 4061; x_wconf 80' lang='lat' dir='ltr'>profectus</span> 
     </span>
     <span class='ocr_line' id='line_1_36' title="bbox 218 4076 1246 4142; baseline -0.016 -11"><span class='ocrx_word' id='word_1_250' title='bbox 218 4093 297 4131; x_wconf 84' lang='lat' dir='ltr'>est</span> <span class='ocrx_word' id='word_1_251' title='bbox 317 4092 428 4130; x_wconf 82' lang='lat' dir='ltr'>ante</span> <span class='ocrx_word' id='word_1_252' title='bbox 446 4081 498 4127; x_wconf 88' lang='lat' dir='ltr'>in</span> <span class='ocrx_word' id='word_1_253' title='bbox 517 4076 845 4142; x_wconf 77' lang='lat' dir='ltr'>provinciam,</span> <span class='ocrx_word' id='word_1_254' title='bbox 863 4093 1008 4140; x_wconf 83' lang='lat' dir='ltr'>quam</span> <span class='ocrx_word' id='word_1_255' title='bbox 1026 4080 1103 4127; x_wconf 89' lang='lat' dir='ltr'>M.</span> <span class='ocrx_word' id='word_1_256' title='bbox 1116 4080 1246 4141; x_wconf 68' lang='grc' dir='ltr'>Μῃ.</span> 
     </span>
    </p>
   </div>
   <div class='ocr_carea' id='block_1_9' title="bbox 483 4164 1082 4248">
    <p class='ocr_par' dir='ltr' id='par_1_12' title="bbox 483 4164 1082 4248">
     <span class='ocr_line' id='line_1_37' title="bbox 483 4164 1082 4248; baseline -0.015 -12"><span class='ocrx_word' id='word_1_257' title='bbox 483 4168 570 4236; x_wconf 78' lang='lat'>11.</span> <span class='ocrx_word' id='word_1_258' title='bbox 628 4180 724 4230; x_wconf 81' lang='lat' dir='ltr'>Cic.</span> <span class='ocrx_word' id='word_1_259' title='bbox 742 4197 862 4248; x_wconf 82' lang='lat' dir='ltr'>pars</span> <span class='ocrx_word' id='word_1_260' title='bbox 895 4164 1082 4248; x_wconf 44' lang='lat' dir='ltr'>quarta.</span> 
     </span>
    </p>
   </div>
   <div class='ocr_carea' id='block_1_10' title="bbox 1326 3119 2356 4239">
    <p class='ocr_par' dir='ltr' id='par_1_13' title="bbox 1326 3119 2356 3503">
     <span class='ocr_line' id='line_1_38' title="bbox 1327 3119 2350 3172; baseline 0 0"><span class='ocrx_word' id='word_1_261' title='bbox 1327 3122 1479 3172; x_wconf 87' lang='lat' dir='ltr'>cellus</span> <span class='ocrx_word' id='word_1_262' title='bbox 1506 3120 1709 3169; x_wconf 71' lang='lat' dir='ltr'>referret</span> <span class='ocrx_word' id='word_1_263' title='bbox 1737 3119 1798 3168; x_wconf 85' lang='lat' dir='ltr'>dc</span> <span class='ocrx_word' id='word_1_264' title='bbox 1833 3121 2138 3169; x_wconf 71' lang='lat' dir='ltr'>successione</span> <span class='ocrx_word' id='word_1_265' title='bbox 2165 3123 2350 3172; x_wconf 75' lang='lat' dir='ltr'>Gallia-</span> 
     </span>
     <span class='ocr_line' id='line_1_39' title="bbox 1329 3196 2347 3263; baseline 0.002 -13"><span class='ocrx_word' id='word_1_266' title='bbox 1329 3219 1455 3252; x_wconf 85' lang='lat' dir='ltr'>rum.</span> <span class='ocrx_word' id='word_1_267' title='bbox 1497 3196 1561 3248; x_wconf 65' lang='grc' dir='ltr'>Εἰ</span> <span class='ocrx_word' id='word_1_268' title='bbox 1586 3215 1717 3248; x_wconf 79' lang='lat' dir='ltr'>anno</span> <span class='ocrx_word' id='word_1_269' title='bbox 1758 3201 2014 3263; x_wconf 80' lang='lat' dir='ltr'>proxime,</span> <span class='ocrx_word' id='word_1_270' title='bbox 2048 3203 2248 3250; x_wconf 87' lang='lat' dir='ltr'>consule</span> <span class='ocrx_word' id='word_1_271' title='bbox 2274 3206 2347 3252; x_wconf 88' lang='grc' dir='ltr'>Μ.</span> 
     </span>
     <span class='ocr_line' id='line_1_40' title="bbox 1327 3277 2356 3342; baseline 0.001 -13"><span class='ocrx_word' id='word_1_272' title='bbox 1327 3280 1588 3341; x_wconf 75' lang='lat' dir='ltr'>Marcello,</span> <span class='ocrx_word' id='word_1_273' title='bbox 1610 3279 1672 3326; x_wconf 88' lang='lat' dir='ltr'>de</span> <span class='ocrx_word' id='word_1_274' title='bbox 1697 3277 1953 3342; x_wconf 77' lang='lat' dir='ltr'>provincia</span> <span class='ocrx_word' id='word_1_275' title='bbox 1992 3279 2260 3339; x_wconf 78' lang='lat' dir='ltr'>decedens,</span> <span class='ocrx_word' id='word_1_276' title='bbox 2282 3294 2356 3330; x_wconf 80' lang='lat' dir='ltr'>ta-</span> 
     </span>
     <span class='ocr_line' id='line_1_41' title="bbox 1327 3358 2354 3422; baseline 0 -13"><span class='ocrx_word' id='word_1_277' title='bbox 1327 3376 1439 3409; x_wconf 86' lang='lat' dir='ltr'>men</span> <span class='ocrx_word' id='word_1_278' title='bbox 1476 3359 1540 3407; x_wconf 72' lang='lat' dir='ltr'>ad</span> <span class='ocrx_word' id='word_1_279' title='bbox 1566 3358 1750 3406; x_wconf 83' lang='lat' dir='ltr'>Urbem</span> <span class='ocrx_word' id='word_1_280' title='bbox 1775 3374 1879 3406; x_wconf 86' lang='lat' dir='ltr'>non</span> <span class='ocrx_word' id='word_1_281' title='bbox 1904 3360 2159 3422; x_wconf 83' lang='lat' dir='ltr'>pervenit,</span> <span class='ocrx_word' id='word_1_282' title='bbox 2199 3361 2354 3409; x_wconf 84' lang='lat' dir='ltr'>tribus</span> 
     </span>
     <span class='ocr_line' id='line_1_42' title="bbox 1326 3438 2350 3503; baseline 0.002 -15"><span class='ocrx_word' id='word_1_283' title='bbox 1326 3439 1573 3489; x_wconf 88' lang='lat' dir='ltr'>mensibus</span> <span class='ocrx_word' id='word_1_284' title='bbox 1593 3438 1646 3485; x_wconf 87' lang='lat' dir='ltr'>in</span> <span class='ocrx_word' id='word_1_285' title='bbox 1667 3438 1838 3485; x_wconf 83' lang='lat' dir='ltr'>itinere</span> <span class='ocrx_word' id='word_1_286' title='bbox 1864 3439 2181 3503; x_wconf 71' lang='lat' dir='ltr'>consumptis.</span> <span class='ocrx_word' id='word_1_287' title='bbox 2200 3441 2350 3491; x_wconf 71' lang='lat' dir='ltr'><strong>Mu«.</strong></span> 
     </span>
    </p>

    <p class='ocr_par' dir='ltr' id='par_1_14' title="bbox 1328 3515 2350 3664">
     <span class='ocr_line' id='line_1_43' title="bbox 1404 3515 2350 3575; baseline 0 -8"><span class='ocrx_word' id='word_1_288' title='bbox 1404 3518 1486 3567; x_wconf 84' lang='lat'>15.</span> <span class='ocrx_word' id='word_1_289' title='bbox 1510 3519 1638 3567; x_wconf 75' lang='lat' dir='ltr'>Cave</span> <span class='ocrx_word' id='word_1_290' title='bbox 1651 3526 1806 3564; x_wconf 76' lang='lat' dir='ltr'>mutes</span> <span class='ocrx_word' id='word_1_291' title='bbox 1819 3517 1871 3564; x_wconf 88' lang='lat' dir='ltr'>in</span> <span class='ocrx_word' id='word_1_292' title='bbox 1889 3515 2039 3575; x_wconf 76' lang='lat' dir='ltr'>alius,</span> <span class='ocrx_word' id='word_1_293' title='bbox 2054 3528 2109 3565; x_wconf 88' lang='lat' dir='ltr'>ut</span> <span class='ocrx_word' id='word_1_294' title='bbox 2125 3519 2350 3568; x_wconf 83' lang='lat' dir='ltr'>Ernestio</span> 
     </span>
     <span class='ocr_line' id='line_1_44' title="bbox 1328 3597 1763 3664; baseline -0.011 -18"><span class='ocrx_word' id='word_1_295' title='bbox 1328 3598 1531 3664; x_wconf 72' lang='lat' dir='ltr'>placuit.</span> <span class='ocrx_word' id='word_1_296' title='bbox 1552 3599 1604 3645; x_wconf 84' lang='lat' dir='ltr'>J.</span> <span class='ocrx_word' id='word_1_297' title='bbox 1627 3598 1691 3643; x_wconf 86' lang='lat' dir='ltr'>V.</span> <span class='ocrx_word' id='word_1_298' title='bbox 1709 3597 1763 3641; x_wconf 83' lang='lat' dir='ltr'>L.</span> 
     </span>
    </p>

    <p class='ocr_par' dir='ltr' id='par_1_15' title="bbox 1334 3674 2353 3818">
     <span class='ocr_line' id='line_1_45' title="bbox 1408 3674 2353 3737; baseline 0 -12"><span class='ocrx_word' id='word_1_299' title='bbox 1408 3679 1491 3725; x_wconf 80' lang='lat'>16.</span> <span class='ocrx_word' id='word_1_300' title='bbox 1506 3677 1688 3726; x_wconf 74' lang='lat' dir='ltr'>Extra.</span> <span class='ocrx_word' id='word_1_301' title='bbox 1703 3676 1828 3723; x_wconf 73' lang='lat' dir='ltr'>Nam</span> <span class='ocrx_word' id='word_1_302' title='bbox 1853 3674 2147 3737; x_wconf 79' lang='lat' dir='ltr'>triumphare</span> <span class='ocrx_word' id='word_1_303' title='bbox 2165 3676 2353 3725; x_wconf 86' lang='lat' dir='ltr'>volenti</span> 
     </span>
     <span class='ocr_line' id='line_1_46' title="bbox 1334 3753 2264 3818; baseline -0.004 -12"><span class='ocrx_word' id='word_1_304' title='bbox 1334 3756 1520 3806; x_wconf 87' lang='lat' dir='ltr'>Urbem</span> <span class='ocrx_word' id='word_1_305' title='bbox 1547 3753 1737 3818; x_wconf 83' lang='lat' dir='ltr'>ingredi</span> <span class='ocrx_word' id='word_1_306' title='bbox 1762 3769 1860 3800; x_wconf 90' lang='lat' dir='ltr'>non</span> <span class='ocrx_word' id='word_1_307' title='bbox 1885 3753 2079 3803; x_wconf 77' lang='lat' dir='ltr'>licebat.</span> <span class='ocrx_word' id='word_1_308' title='bbox 2104 3755 2264 3804; x_wconf 63' lang='lat' dir='ltr'>Coum</span> 
     </span>
    </p>

    <p class='ocr_par' dir='ltr' id='par_1_16' title="bbox 1411 3822 2159 3901">
     <span class='ocr_line' id='line_1_47' title="bbox 1411 3822 2159 3901; baseline -0.001 -18"><span class='ocrx_word' id='word_1_309' title='bbox 1411 3852 1489 3897; x_wconf 86' lang='lat'>17.</span> <span class='ocrx_word' id='word_1_310' title='bbox 1521 3822 1655 3882; x_wconf 71' lang='grc' dir='ltr'>ὁδοῦ</span> <span class='ocrx_word' id='word_1_311' title='bbox 1682 3829 1941 3901; x_wconf 69' lang='grc' dir='ltr'>πάρεργον.</span> <span class='ocrx_word' id='word_1_312' title='bbox 1970 3832 2159 3882; x_wconf 88' lang='lat' dir='ltr'>Obiter.</span> 
     </span>
    </p>

    <p class='ocr_par' dir='ltr' id='par_1_17' title="bbox 1330 3903 2355 4126">
     <span class='ocr_line' id='line_1_48' title="bbox 1411 3903 2355 3976; baseline 0.004 -15"><span class='ocrx_word' id='word_1_313' title='bbox 1411 3917 1488 3963; x_wconf 84' lang='lat'>18.</span> <span class='ocrx_word' id='word_1_314' title='bbox 1519 3903 1782 3965; x_wconf 68' lang='grc' dir='ltr'>ὲπίτηκτα..</span> <span class='ocrx_word' id='word_1_315' title='bbox 1825 3911 2056 3972; x_wconf 78' lang='lat' dir='ltr'>Caduca,</span> <span class='ocrx_word' id='word_1_316' title='bbox 2097 3929 2207 3976; x_wconf 78' lang='lat' dir='ltr'>quae</span> <span class='ocrx_word' id='word_1_317' title='bbox 2253 3918 2355 3965; x_wconf 81' lang='lat' dir='ltr'>cito</span> 
     </span>
     <span class='ocr_line' id='line_1_49' title="bbox 1330 3991 2352 4045; baseline 0.001 -3"><span class='ocrx_word' id='word_1_318' title='bbox 1330 3994 1559 4042; x_wconf 84' lang='lat' dir='ltr'>fluxerint</span> <span class='ocrx_word' id='word_1_319' title='bbox 1582 4002 1631 4039; x_wconf 86' lang='lat' dir='ltr'>et</span> <span class='ocrx_word' id='word_1_320' title='bbox 1658 3991 1960 4041; x_wconf 76' lang='lat' dir='ltr'>evanuerint.</span> <span class='ocrx_word' id='word_1_321' title='bbox 1988 4017 2058 4029; x_wconf 89' lang='lat'>-—</span> <span class='ocrx_word' id='word_1_322' title='bbox 2077 3994 2210 4042; x_wconf 70' lang='lat' dir='ltr'>Male</span> <span class='ocrx_word' id='word_1_323' title='bbox 2234 3995 2352 4045; x_wconf 71' lang='grc' dir='ltr'>ΔΜ.</span> 
     </span>
     <span class='ocr_line' id='line_1_50' title="bbox 1335 4072 1828 4126; baseline -0.008 -3"><span class='ocrx_word' id='word_1_324' title='bbox 1335 4072 1581 4126; x_wconf 68' lang='grc' dir='ltr'>ἐπίκτητα.</span> <span class='ocrx_word' id='word_1_325' title='bbox 1615 4073 1665 4119; x_wconf 90' lang='lat' dir='ltr'>J.</span> <span class='ocrx_word' id='word_1_326' title='bbox 1684 4074 1744 4120; x_wconf 82' lang='lat' dir='ltr'>V.</span> <span class='ocrx_word' id='word_1_327' title='bbox 1773 4074 1828 4119; x_wconf 81' lang='grc' dir='ltr'>Ι..</span> 
     </span>
    </p>

    <p class='ocr_par' dir='ltr' id='par_1_18' title="bbox 2022 4157 2103 4239">
     <span class='ocr_line' id='line_1_51' title="bbox 2022 4157 2103 4239; baseline 0 -15"><span class='ocrx_word' id='word_1_328' title='bbox 2022 4157 2103 4239; x_wconf 71' lang='grc'>41</span> 
     </span>
    </p>
   </div>
  </div>
 </body>
</html>
