3023 4773
555 361 1076 427 EPISTOLAE
1127 361 1265 427 AD
1317 362 1827 444 ATTICUM‚
1865 363 1929 445 Ι,
1991 357 2095 427 16.

2252 359 2388 427 313

366 484 644 576 Itaque,
686 483 743 551 si
781 503 1066 550 causam
1099 486 1358 578 quaeris
1403 481 1875 555 absolutionis
1910 484 2030 577 (ut
2057 482 2204 575 jam
2240 487 2392 577 πρὸς

273 591 346 655 τὸ
381 590 716 682 πρότερον9
754 587 1143 681 revertar),
1189 602 1462 684 egestas
1508 585 1835 682 judicum
1887 585 2023 657 fuit
2061 603 2131 658 et
2162 588 2391 684 turpi-

272 694 466 764 tudo.
496 696 575 767 ld
611 710 847 767 autem
880 711 960 766 ut
988 696 1372 783 accideret,
1405 698 1870 768 commissum
1902 711 2008 766 est
2031 697 2393 767 Hortensii

267 807 612 878 consilio:
650 809 776 904 qui
809 806 983 877 dum
1019 811 1287 879 veritus
1320 823 1577 895 est‚ne
1613 806 1856 878 Fufius
1897 811 1963 876 ei
2001 806 2137 901 legi
2172 810 2392 876 inter-

266 913 602 1003 cederet,
671 943 830 1013 qnae
898 942 985 988 ex
1057 917 1682 989 senatusconsulto
1757 915 2163 1003 ferebatur,
2243 942 2393 985 non

262 1024 443 1094 vidit
483 1026 695 1115 illud,
729 1029 948 1098 satius
987 1052 1174 1116 esse,
1214 1030 1412 1099 illum
1446 1032 1520 1098 in
1560 1027 1847 1099 infamia
1874 1039 1935 1071 ¹⁰
1971 1027 2283 1123 relinqui
2316 1050 2398 1096 ac

263 1132 636 1221 sordibu5‚
655 1162 870 1232 quam
894 1136 1186 1207 infirmo
1200 1139 1473 1232 judicio
1489 1149 1507 1179 ¹
1527 1150 1546 1181 ¹
1581 1139 1952 1209 committi.
1978 1136 2117 1207 Sed
2140 1136 2400 1206 ductus

263 1241 436 1312 odio
495 1248 910 1342 properavit
959 1271 1108 1316 rem
1168 1247 1525 1317 deducere
1591 1250 1665 1316 in
1720 1247 2114 1341 judicium3
2169 1271 2397 1342 quum

265 1349 470 1421 illum
514 1354 860 1451 plumbeo
896 1356 1135 1453 gladio
1158 1367 1216 1400 ¹²
1257 1358 1665 1455 jugulatum
1702 1358 1789 1426 iri
1828 1373 2067 1428 tamen
2108 1357 2397 1426 diceret.

265 1463 405 1532 Sed
463 1465 813 1559 judicium
845 1521 863 1553 ‚
926 1470 1010 1537 si'
1046 1470 1347 1564 quaeris,
1408 1469 1623 1564 quale
1680 1466 1937 1552 fuerit3
1997 1466 2400 1537 incredibili

267 1578 470 1645 exitu
493 1573 588 1645 ¹3:
622 1577 756 1664 sic,
797 1581 902 1648 uti
937 1604 1130 1649 nunc
1164 1604 1251 1649 ex
1281 1596 1548 1649 eventu
1588 1577 1678 1649 ab
1711 1578 1903 1664 aliis,
1931 1603 1971 1648 a
2009 1602 2123 1648 me
2157 1592 2399 1648 tamen

266 1707 353 1753 ex
378 1687 541 1782 ipso
565 1687 775 1756 initio
801 1689 1182 1758 consilium
1206 1691 1566 1760 Hortensii
1589 1686 2186 1786 reprehendatur.
2219 1692 2403 1758 Nam

267 1809 350 1864 ut
387 1796 687 1889 rejectio
711 1800 767 1847 ¹⁴
810 1796 993 1867 facta
1024 1813 1132 1868 est
1163 1798 1597 1869 clamoribus
1624 1801 1993 1885 maximis;
2028 1822 2257 1893 quum
2291 1821 2401 1866 ac-

267 1903 662 1987 cusator¹⁵‚
702 1919 1070 2002 tamquam
1116 1931 1375 1976 censor
1413 1906 1684 1995 bonus,
1733 1907 2065 1977 homines
2109 1909 2401 2002 nequis-

265 2014 495 2081 simos
546 2013 914 2106 rejiceret3
971 2038 1180 2099 rem,
1238 2029 1604 2111 tamquam
1665 2017 1978 2087 clemens
2008 2014 2068 2059 ¹⁶
2112 2017 2402 2102 lanista,

270 2257 501 2305 Scholam
521 2258 666 2305 fuisse
680 2293 693 2316 ‚
708 2258 880 2307 Cicero
899 2264 1069 2307 contra
1090 2270 1290 2308 testatus

270 2349 372 2400 est,
407 2354 470 2384 eo
507 2337 587 2384 die
612 2354 661 2384 ee
691 2338 914 2386 Clodium
944 2339 1081 2386 domi
1107 2355 1287 2386 couve-

271 2419 399 2465 nisse
425 2429 475 2464 et
499 2417 802 2480 alloquutum
823 2435 940 2466 esse.
970 2420 1112 2466 Mn«.

341 2514 392 2559 9.
433 2495 554 2564 Πρὸς
575 2496 626 2545 τὸ
651 2496 896 2564 *erpi-repono.
929 2498 1007 2544 Ad
1037 2497 1202 2561 prius,
1227 2497 1290 2543 ad

274 2575 323 2622 id
347 2577 486 2640 quod
515 2577 674 2639 priore
704 2577 814 2624 loco
842 2578 1074 2642 quaesisti.
1101 2579 1249 2623 luxu.

347 2671 433 2703 10.
464 2658 525 2701 ln
545 2654 769 2718 infamia.
794 2658 917 2703 Nam
934 2692 948 2714 ‚
965 2657 1005 2703 si
1033 2653 1193 2702 Fufius
1217 2657 1293 2701 in-

277 2736 569 2782 tercessione
598 2735 878 2799 impediret,
904 2751 1004 2798 quo
1043 2735 1204 2781 minus
1232 2734 1293 2781 de

279 2830 325 2859 re
352 2814 589 2863 Clodiana
617 2814 829 2878 populus
852 2814 1072 2874 judicare
1099 2825 1293 2877 posset,

275 2893 440 2956 itaque
488 2893 727 2953 judicium
771 2892 831 2939 de
880 2894 1056 2941 Clodio
1105 2893 1292 2939 nullum

277 2969 441 3029 fieret3
462 2972 665 3019 Clodius
692 2983 850 3018 tamen
879 2971 927 3016 in
957 2971 1165 3018 insamiae
1188 2987 1291 3018 sor-

278 3050 421 3099 dibus
456 3054 669 3114 jacerem
702 3067 845 3112 quem
881 3066 982 3097 non
1016 3050 1293 3098 innocentia

279 3130 524 3178 videretur
558 3131 608 3176 in
652 3128 842 3190 judicio
878 3145 1120 3186 servasse,
1158 3128 1293 3191 quod

279 3209 483 3256 sortasse
519 3225 650 3255 nuuc
686 3207 842 3254 videri
870 3217 1030 3271 potest
1054 3241 1069 3264 ‚
1097 3207 1181 3253 sed
1209 3208 1296 3254 tri·

276 3286 438 3334 hunus
491 3298 746 3335 nocentem
798 3286 990 3347 judicio
1046 3286 1295 3350 eripuisse.

277 3368 430 3415 Mn«.

352 3463 434 3494 ιι.
481 3444 685 3512 Infit-mo
723 3443 930 3507 judicio.
971 3443 1121 3507 Quod
1159 3443 1297 3490 facile

280 3526 526 3587 corrumpi
549 3534 727 3587 posset.
750 3524 1093 3570 Firmissimum
1118 3534 1296 3579 autem,

279 3616 328 3651 et
355 3606 596 3665 integrum
625 3602 684 3649 ab
726 3601 860 3649 omni
887 3599 994 3647 labe
1022 3601 1196 3666 populi
1214 3603 1295 3662 ju-

282 3684 462 3730 dicium
481 3685 661 3731 fixisset.
687 3685 742 3729 In
761 3683 1011 3745 rogatione
1038 3681 1297 3738 consulari,

279 3773 334 3809 ut
365 3763 583 3825 populus
604 3762 871 3822 judicaret,
900 3763 1134 3830 scriptum
1172 3771 1291 3808 erat.

282 3842 433 3890 Intn-

357 3937 437 3967 ια.
467 3917 686 3967 plumbeo
711 3921 901 3985 gladio.
944 3923 1052 3968 Hoc
1080 3931 1180 3977 est,
1210 3935 1297 3983 per

281 3999 478 4059 quosvis
495 4010 542 4045 et
561 3999 932 4063 qualescumque
946 3998 1294 4059 judices.Ada-

283 4078 410 4141 gium
442 4089 514 4126 est
541 4077 602 4126 de
632 4095 681 4124 re
711 4081 872 4142 inepta
900 4083 945 4126 ei
971 4080 1068 4140 rei,
1103 4080 1164 4126 de
1200 4095 1298 4142 qua

1378 2260 1502 2307 facta
1544 2271 1633 2308 est.
1681 2262 1760 2306 Sic
1809 2260 1925 2307 alibi
1968 2260 1987 2326 (
2008 2261 2110 2308 Fiu.
2153 2263 2252 2321 lv,
2300 2265 2357 2308 18
2385 2263 2405 2326 )

1379 2341 1553 2390 Cicero
1604 2338 1890 2403 plumbeum
1938 2341 2203 2405 pugionem
2256 2339 2401 2390 dixit.

1380 2420 1559 2467 Gnaev.

1457 2500 1537 2547 13.
1557 2498 1843 2545 Incredibili
1862 2493 2012 2545 editu.
2030 2501 2100 2545 Ita
2120 2498 2255 2562 loqui
2276 2510 2404 2546 amat

1380 2579 1553 2626 Cicero
1577 2595 1718 2625 «cesse
1755 2578 2030 2626 incredibili
2067 2579 2268 2637 exitu»,
2299 2576 2403 2626 ἀντὶ

1379 2656 1605 2703 habuisse
1626 2657 1958 2705 incredibilem
1978 2656 2176 2704 exitum.
2193 2658 2274 2706 Sic
2294 2673 2405 2720 pas·

1383 2735 1475 2782 sim
1499 2735 1742 2798 loquitur,
1768 2737 1981 2797 itemque
2007 2735 2109 2783 alii.
2130 2735 2256 2781 Vide
2282 2736 2401 2781 Gel-

1382 2814 1502 2860 lium
1517 2848 1530 2871 ‚
1546 2816 1610 2872 V,
1631 2814 1678 2862 8.
1703 2816 2005 2878 Interpretor
2032 2825 2193 2861 autem
2228 2835 2248 2854 ι
2261 2811 2397 2881 judi-

1383 2893 1510 2940 cium
1542 2891 1817 2938 incredibili
1843 2893 1974 2939 exitu
2000 2915 2021 2934 ι
2043 2926 2056 2950 ,
2087 2890 2233 2958 κρίσιν
2252 2889 2407 2957 παροί-

1384 2966 1526 3028 ὃοξον
1555 2968 1637 3018 καὶ
1663 2969 1928 3037 θαυμασίαν
1948 3006 1961 3028 ,
1987 2971 2084 3017 hoc
2110 2982 2181 3017 est
2198 3007 2210 3029 ,
2237 2971 2286 3015 in
2311 2986 2406 3032 qua

1381 3053 1531 3099 multa
1587 3061 1764 3114 praeter
1816 3049 2099 3113 opinionem
2152 3050 2404 3096 hominnm

1382 3133 1625 3179 eveniunt.
1652 3132 1712 3177 Et
1734 3128 1980 3193 pertinent
2005 3127 2109 3174 haec
2133 3127 2194 3174 ad
2224 3143 2278 3173 ea
2297 3143 2405 3189 quae

1385 3209 1507 3256 sacta
1550 3221 1685 3266 sunt,
1720 3209 1836 3255 dum
1859 3206 2103 3267 judicium
2138 3206 2401 3271 peragitur.

1385 3288 1604 3337 Canu.

1463 3382 1482 3414 ι
1495 3376 1542 3423 4.
1558 3365 1790 3431 Rejectio.
1807 3369 1838 3413 J
1843 3365 2057 3412 udicum.
2076 3363 2204 3411 Vide
2222 3368 2409 3413 Ascon.

1388 3445 1527 3493 Verr.
1550 3449 1661 3492 Act.
1689 3448 1711 3490 1
1728 3479 1742 3504 ‚
1768 3459 1874 3507 cap.
1905 3445 1953 3491 3.

1464 3524 1546 3571 15.
1591 3528 1876 3570 Accusator.
1906 3522 2166 3578 Lentulus,
2192 3532 2313 3569 orat.
2348 3521 2409 3570 de

1388 3619 1491 3666 rep.
1536 3613 1585 3649 et
1624 3601 1734 3648 Val.
1781 3602 1915 3647 Max.
1957 3600 2046 3648 lib.
2088 3604 2173 3658 lv,
2206 3616 2313 3665 cap.
2346 3617 2407 3659 2;

1388 3681 1692 3743 subscriptor
1726 3679 1781 3725 C.
1821 3679 2062 3735 Fannius,
2086 3696 2167 3744 ep.
2206 3687 2290 3736 14,
2319 3679 2405 3725 lib.

1390 3762 1455 3808 11.
1486 3760 1649 3807 Con.

1463 3855 1482 3885 1
1493 3839 1542 3885 6.
1557 3841 1823 3900 Tamquam
1842 3837 2045 3883 clemens
2060 3837 2255 3884 lanista.
2268 3837 2405 3883 Sole-

1385 3918 1502 3964 bant
1529 3916 1715 3963 lanistae
1730 3932 1878 3978 quum
1900 3918 2027 3979 paria
2044 3916 2273 3980 eligerent
2290 3930 2406 3978 pro-

1387 3995 1636 4053 ducenda,
1662 4013 1745 4042 eos
1784 3997 1942 4059 primo
1967 4013 2164 4059 quoque
2190 4006 2410 4055 tempore

1388 4075 1688 4140 producere,
1734 4075 1817 4139 qui
1857 4073 2204 4138 improbissimi
2234 4082 2403 4126 eram,
