3023 4773
833 464 1376 552 EPISTOLAE,
1406 467 1638 552 XIII,
1680 464 1792 537 38.
2293 469 2383 543 53

246 598 486 656 servat
529 582 1117 682 diligentissime:
1185 585 1394 681 cujus
1442 611 1614 657 cum
1656 601 1857 684 patre
1904 613 2164 690 magna
2205 593 2384 663 mihi

246 693 392 765 fuit
417 696 732 767 amicitia
758 695 908 791 jam
940 694 1110 766 inde
1145 721 1187 766 a
1224 708 1583 792 quaestura
1605 720 1766 767 mea
1794 699 2192 772 Siciliensi¹.
2219 706 2389 771 Om-

245 807 433 877 nino
456 830 659 877 nunc
682 806 836 903 ipse
861 807 1184 889 Bruttius
1209 812 1453 878 Romae
1483 831 1773 880 mecum
1803 823 1911 880 est
1940 838 1956 879 ε
1987 811 2114 882 sed
2140 827 2383 884 tamen

245 913 558 987 domum
588 915 777 1011 ejuS,
815 929 886 987 et
921 940 1077 986 rem
1111 915 1527 990 familiarem
1550 971 1571 1002 ‚
1602 931 1676 988 et
1714 934 2220 1015 procuratores
2253 921 2385 992 tibi

247 1026 356 1095 sic
411 1024 887 1114 commendo,
925 1039 1011 1097 ut
1058 1027 1332 1121 majore
1379 1025 1621 1098 studio
1679 1027 2189 1102 commendare
2236 1055 2387 1101 non

246 1138 548 1233 possim.
576 1137 1076 1208 Gratissimum
1102 1136 1281 1207 mihi
1317 1134 1607 1221 feceris,
1645 1137 1704 1207 si
1730 1139 2036 1226 curaris,
2071 1152 2155 1211 ut
2187 1140 2391 1210 intel-

249 1246 428 1344 ligat
469 1247 830 1334 Bruttius,
872 1246 946 1318 id
997 1246 1198 1344 quod
1240 1251 1307 1317 ei
1347 1247 1625 1344 recepi,
1680 1246 1868 1319 hanc
1914 1256 2149 1321 meam
2191 1274 2389 1320 com-

246 1356 795 1429 mendationem
830 1357 969 1429 sibi
1001 1383 1265 1457 magno
1310 1357 1732 1452 adjumento
1769 1357 2010 1443 fuisse.
2069 1404 2074 1411 ·

324 1560 375 1595 ι.
405 1546 667 1607 Quasnam
687 1560 798 1593 mea
821 1543 1079 1595 Siciliensi.
1102 1547 1255 1597 Siculi
1276 1548 1426 1614 igitur
1445 1558 1582 1598 erant
1599 1548 1653 1597 hi
1671 1547 1852 1596 Bruttii
1875 1556 2011 1611 pater
2031 1556 2080 1594 et
2098 1544 2243 1596 filim.
2264 1548 2357 1599 En.

810 1746 992 1769 m

1279 1748 1745 1770 mmm
1749 1745 2394 1771 mmmmm

792 1945 1402 2027 EPISTOLA
1452 1948 1859 2035 XXXIX.

395 2115 737 2176 Titui-nium
763 2119 983 2178 Rufum
1009 2120 1393 2179 commendat.
1424 2120 1683 2199 (Romae,
1715 2138 1870 2178 anno
1892 2122 1970 2179 U.
1994 2121 2060 2177 C.
2083 2116 2242 2194 707·)

698 2306 789 2370 M.
808 2308 885 2372 T.
922 2308 994 2372 c,
1032 2298 1320 2373 Ammo
1373 2308 1626 2391 Pnoc.
1660 2309 1722 2379 s.
1757 2308 1831 2371 P.
1867 2308 1948 2371 D.

352 2457 530 2525 cnm
580 2451 845 2525 familia
894 2458 1221 2528 Titurnia
1273 2457 1730 2529 necessitudo
1774 2456 1954 2534 mihi
2003 2454 2387 2525 intercedit

246 2578 498 2634 vetus:
526 2589 614 2634 ex
645 2588 790 2661 qua
810 2565 1132 2662 reliquus
1153 2582 1259 2638 est
1279 2573 1376 2647 M,
1398 2569 1771 2646 Titurnius
1789 2564 2041 2655 Rufus,
2057 2566 2186 2662 qui
2211 2563 2388 2633 mihi

247 2675 460 2744 omni
480 2671 849 2770 diligentia
872 2689 1087 2771 atque
1120 2675 1393 2747 officio¹
1416 2689 1527 2746 est
1548 2675 1888 2748 tuendus.
1913 2678 2038 2745 Est
2067 2664 2287 2770 igitur
2313 2673 2389 2740 in
2487 2759 2493 2778 λ

249 2798 380 2855 tua
416 2797 809 2881 potestate,
863 2799 944 2860 ut
984 2784 1103 2859 ille
1147 2786 1224 2855 in
1268 2810 1383 2856 me
1428 2785 1595 2856 satis
1638 2783 1774 2864 sibi
1823 2782 2131 2882 praesidii
2177 2794 2386 2878 putet

249 2917 433 2965 esse.
458 2894 921 2991 Quapropter
945 2918 1111 2965 eum
1136 2894 1271 2966 tibi
1291 2894 1724 2966 commendo
1744 2896 1819 2964 in
1853 2894 2202 2991 majorem
2234 2915 2388 2961 mo·

252 3003 477 3086 dum3
506 3016 579 3074 et
610 3003 736 3075 abs
774 3019 844 3074 te
879 3020 1087 3102 pet0,
1126 3004 1423 3087 efficias,
1463 3021 1548 3077 ut
1583 3007 1641 3075 is
1681 3004 2387 3075 commendationem

250 3113 452 3184 hanc
477 3114 829 3211 intelligat
860 3115 997 3187 sibi
1029 3141 1291 3214 magno
1318 3117 1743 3213 adjumento
1771 3114 2007 3185 fuisse.
2035 3115 2190 3183 Erit
2211 3110 2387 3181 mihi

250 3222 727 3295 vehementer
761 3239 1063 3321 gratum.

327 3429 374 3463 ι.
400 3412 670 3479 Diligeneia
692 3425 842 3480 atque
864 3414 1047 3482 officio.
1064 3415 1280 3482 Diligen-
1367 3416 1504 3480 qnod
1530 3417 1635 3478 ejus
1660 3416 1873 3473 intersit3
1893 3411 2132 3482 officium,
2152 3423 2208 3459 ut
2228 3411 2388 3475 quod-

247 3493 327 3540 tia
351 3508 416 3541 eo
446 3503 661 3557 spectat,
687 3504 745 3541 ut
765 3509 828 3542 ne
844 3494 964 3558 qnid
986 3494 1279 3560 negligatur,
1370 3512 1577 3560 cumque
1599 3496 1645 3545 ei
1671 3495 1821 3545 tribui
1847 3494 2030 3560 pouit,
2058 3491 2316 3550 tribuatur,

1115 3772 1590 3798 -ᾤ-
