3023 4773
560 432 1081 502 EPISTOLAE
1134 432 1272 498 AD
1319 432 1827 518 ATTlcuM,
1869 435 1937 518 1,
1993 432 2095 501 18.
2252 432 2387 527 337

274 553 623 649 ejusmodi
672 550 843 634 suit,
894 565 978 621 ut
1016 550 1495 621 anniversaria
1544 532 1741 622 sacra
1791 558 2186 643 Juventatis
2239 580 2389 625 non

276 666 916 735 committerentur.
968 665 1152 749 Nam
1197 665 1295 730 M.
1343 661 1624 732 Luculli
1669 686 1967 733 uxorem
2010 669 2393 735 Memmius

276 775 422 845 suis
441 773 655 844 sacris
673 773 994 841 initiavit.
1027 768 1499 857 Menelausw,
1528 794 1712 866 aegre
1744 770 1816 840 id
1846 795 2125 868 passus,
2154 773 2392 845 divor-

273 886 459 953 tium
490 879 677 952 fecit.
721 883 1171 972 Quamquam
1200 879 1322 950 ille
1362 895 1607 977 pastor
1647 878 1960 950 Idaeus¹⁵
1988 884 2397 955 Menelaum

275 992 506 1063 solum
529 1004 1054 1086 contempserat
1083 1016 1098 1059 ε
1123 989 1243 1060 hic
1259 1005 1508 1062 noster
1540 990 1735 1061 Paris
1770 1007 1916 1061 tam
1954 993 2358 1064 Menelaum
2377 1050 2396 1081 ‚

276 1126 494 1198 quam
534 1107 1143 1198 Agamemnonem
1166 1097 1251 1183 ¹⁶,
1297 1099 1602 1172 liberum
1652 1125 1804 1172 non
1850 1104 2230 1199 putavit¹⁷.
2274 1110 2402 1175 Est

276 1227 518 1282 autem
554 1215 632 1283 C.
671 1212 1078 1281 Herennius
1121 1207 1416 1306 quidam
1465 1209 1805 1282 tribunus
1856 1212 2118 1309 plebis,
2180 1238 2401 1310 quem

279 1337 362 1391 tu
414 1320 714 1392 fortasse
765 1345 860 1391 ne
922 1322 1110 1389 nosti
1163 1317 1457 1414 quidem
1510 1319 1836 1415 (tametsi
1894 1335 2099 1418 potes
2149 1347 2402 1410 nosse;

282 1429 562 1501 tribulis
589 1433 782 1501 enim
818 1444 985 1500 tuus
1012 1443 1119 1499 est
1137 1483 1156 1516 ‚
1192 1443 1265 1499 et
1292 1432 1546 1500 Sextus
1568 1482 1587 1514 ‚
1618 1445 1822 1526 pater
1845 1432 2032 1525 ejus,
2069 1456 2407 1504 nummos

281 1535 565 1612 vobis¹⁸
604 1538 920 1611 dividere
970 1538 1325 1631 solebat):
1364 1542 1424 1611 is
1479 1539 1572 1610 ad
1611 1539 1899 1637 plebem
1952 1546 2024 1611 P.
2069 1542 2405 1637 Clodium

283 1651 712 1735 traducit¹93
758 1648 1095 1746 idemque
1132 1648 1308 1736 fert,
1358 1667 1441 1721 ut
1487 1651 1865 1722 universus
1901 1652 2218 1749 populus
2234 1665 2299 1697 ²⁰
2333 1657 2410 1723 in

283 1784 540 1858 campo
567 1761 826 1830 Martio
853 1757 1272 1855 suffragium
1299 1758 1389 1831 de
1419 1786 1495 1831 re
1533 1760 1763 1831 Clodii
1796 1759 1999 1830 ferat.
2040 1767 2244 1832 Hunc
2274 1786 2408 1858 ego

286 1864 636 1967 accepiin
673 1880 958 1953 senatu,
1003 1882 1086 1936 ut
1119 1868 1315 1938 soleo
1352 1897 1368 1939 ε
1401 1870 1527 1940 sed
1569 1869 1750 1939 nihil
1792 1883 1900 1940 est
1951 1869 2075 1939 illo
2114 1870 2411 1940 homine

284 2076 614 2129 lebrarentur;
640 2082 900 2135 propterea
926 2069 1063 2133 quod
1080 2070 1139 2118 C.
1161 2072 1309 2117 Mem-

285 2156 413 2201 mius
428 2186 442 2208 ,
468 2151 555 2215 qui
571 2150 721 2197 sacris
738 2150 842 2197 istis
860 2159 1062 2214 praeerat
1074 2182 1089 2206 ‚
1109 2164 1310 2195 uxorem

285 2234 362 2280 M.
399 2226 590 2277 Luculli
631 2230 848 2286 vitiavit,
892 2240 1038 2292 atque
1069 2228 1137 2274 ita
1163 2228 1311 2275 sacris

287 2312 390 2360 suis
417 2309 629 2357 initiavit
657 2324 670 2357 ε
698 2308 836 2373 quod
863 2324 989 2371 aegre
1013 2323 1182 2371 passus
1211 2308 1309 2354 Lu-

290 2392 447 2439 cullus
484 2406 597 2438 cum
638 2406 793 2437 uxore
847 2389 1112 2436 divortium
1172 2386 1306 2436 fecit.

290 2475 377 2521 Est
413 2481 578 2518 autem
609 2468 691 2515 hic
719 2469 979 2516 Memmius
1013 2467 1097 2515 ille
1123 2466 1185 2515 de
1208 2482 1308 2530 quo

290 2551 375 2599 lib.
415 2552 504 2606 lv,
541 2548 627 2611 qui
663 2563 723 2595 ex
757 2547 993 2611 petitione
1028 2545 1310 2594 consulatus

293 2647 403 2678 cum
440 2627 666 2677 Messalla
706 2638 754 2674 et
787 2631 996 2684 Scauro,
1025 2625 1086 2674 de
1126 2626 1312 2673 ambitu

296 2709 547 2757 &innatus
585 2708 638 2754 in
683 2706 907 2754 exsilium
946 2704 1094 2763 abiit,
1121 2705 1312 2753 infamis

297 2790 471 2853 stupris
496 2800 545 2837 et
566 2787 815 2835 adulteriis
830 2821 847 2847 ,
869 2797 919 2834 et
942 2785 1119 2835 Catulli
1141 2785 1312 2833 carmi-

299 2868 437 2916 nibus
461 2867 729 2932 proscissus
743 2901 759 2927 ‚
778 2864 1002 2913 laudatus
1020 2882 1047 2912 a
1071 2865 1313 2913 Lucretio.

299 2952 461 2998 Pons.
489 2974 554 2983 —
577 2950 639 2996 se
663 2963 726 2994 ex
746 2944 1026 3001 Mnestheo,
1044 2942 1212 2991 AEneae
1238 2959 1313 2989 so-

300 3030 394 3085 cio,
426 3028 663 3090 originem
712 3024 889 3071 ducere
938 3022 1199 3071 Memmius
1234 3021 1317 3068 ille

295 3106 526 3168 jactabat.
561 3108 656 3154 En.

375 3196 453 3244 ιι.
499 3186 773 3235 Menelaus.
815 3181 1048 3229 Lucullus
1070 3216 1087 3241 ,
1133 3181 1316 3227 vitiata

1396 2074 1530 2119 Paris
1561 2075 1820 2123 Memmius
1858 2088 1956 2124 tam
1990 2077 2269 2125 Menelaum
2296 2093 2416 2125 con-

1397 2152 1622 2214 tempsit,
1664 2169 1809 2214 quam
1848 2158 2260 2217 Agamemnonem
2300 2168 2415 2205 ante

1397 2241 1755 2294 contempserat
1779 2247 1793 2280 ε
1816 2232 1867 2279 id
1886 2245 1985 2289 est,
2008 2236 2093 2295 qui
2114 2247 2226 2284 ante
2249 2236 2300 2283 1..
2320 2239 2416 2285 Lu-

1398 2309 1530 2366 cullo
1558 2310 1782 2369 iniuriam
1807 2312 2011 2372 fecerat,
2038 2329 2190 2375 quum
2216 2329 2328 2362 eum
2353 2330 2417 2361 ex

1396 2389 1529 2437 bello
1564 2389 1903 2440 Mithridatico
1938 2391 2218 2441 redeuntem
2261 2393 2415 2441 trihu·

1399 2485 1490 2516 nus
1531 2468 1688 2532 plebia
1708 2502 1722 2524 ,
1763 2468 1843 2516 die
1881 2468 1945 2517 ad
1982 2472 2215 2534 populum
2260 2473 2415 2528 dicta,

1399 2548 1699 2612 triumphare
1757 2549 2054 2612 aliquamdiu
2113 2551 2367 2614 prohibuit
2397 2585 2414 2610 ,

1400 2628 1529 2676 idem
1572 2643 1703 2676 nune
1741 2628 1963 2675 Marcum
1984 2663 2000 2686 ,
2036 2631 2141 2690 eius
2185 2632 2412 2687 fram,

1401 2722 1503 2754 non
1521 2706 1762 2756 dubitavit
1785 2708 2051 2758 offendere.
2074 2712 2149 2758 De
2172 2711 2349 2771 injuria
2364 2711 2418 2758 in

1399 2786 1604 2834 Lucium
1640 2785 1772 2834 illata
1809 2787 2095 2835 Plutarchus
2119 2790 2170 2835 in
2198 2789 2420 2836 Lucullo.

1402 2864 1507 2913 Cic.
1537 2863 1765 2911 Academ.
1802 2867 1877 2923 11,
1914 2881 1960 2912 ι.

1482 2958 1566 3000 17.
1620 2941 1837 2988 Liberum
1881 2959 1978 2990 non
2010 2944 2220 3006 putavit.
2252 2945 2418 2994 ‚Nihili

1404 3022 1544 3070 feeit:
1566 3018 1707 3068 liberi
1732 3019 1945 3070 hominis
1969 3021 2083 3069 loco
2110 3038 2212 3071 non
2228 3023 2417 3072 habuit.

1408 3104 1553 3168 Mate.

1480 3182 1561 3229 18.
1591 3179 1758 3228 Vobis.
1781 3179 1950 3241 Quiin
1970 3190 2125 3228 vestra
2145 3179 2275 3227 tribu
2298 3181 2423 3228 divi-
2472 3209 2477 3212 =

301 3267 511 3315 mulieris
532 3266 626 3323 vir,
640 3275 694 3311 ut
712 3261 807 3309 fuit
827 3260 1027 3308 Helenae
1043 3258 1313 3308 Menelaus.
1406 3262 1488 3308 sor
1516 3271 1652 3308 esset.
1677 3259 1756 3306 Sic
1782 3275 1861 3322 ep.
1892 3260 1952 3306 16
1974 3259 2023 3309 h.
2050 3258 2082 3305 l.
2104 3260 2264 3308 Cosa.

301 3347 445 3395 Mus,
688 3394 702 3408 ο
1486 3356 1566 3401 19·
1608 3339 1859 3387 Tradueie.
1907 3339 1976 3385 Ut
2014 3337 2282 3402 adoptione
2323 3340 2423 3402 ple-

377 3425 456 3472 15.
484 3425 662 3470 Pastor
682 3419 867 3468 Idam.
895 3420 1152 3482 stuprator
1177 3415 1322 3462 Hele·
1410 3419 1547 3466 beius
1580 3417 1682 3466 fiat.
1710 3418 1860 3473 Nam,
1891 3417 2006 3480 qnia
2034 3416 2307 3464 tribunatus
2328 3419 2429 3482 ple-

304 3520 377 3552 ηε
403 3501 540 3551 Paris
556 3534 571 3557 ,
595 3516 622 3546 a
651 3497 930 3563 pastoribus
957 3499 1006 3544 in
1036 3495 1119 3543 Ida
1158 3504 1322 3542 monte
1412 3498 1486 3544 bis
1509 3497 1717 3560 patricio
1733 3497 1920 3544 homini
1943 3512 2046 3544 non
2062 3495 2292 3556 dabatur,
2315 3499 2426 3546 ideo

304 3582 534 3630 educatus
550 3614 564 3637 ,
603 3591 868 3642 pastorque
906 3578 1010 3640 ipae
1046 3575 1130 3622 diu
1170 3571 1326 3621 credi·
1415 3575 1618 3625 Clodius
1633 3609 1647 3633 ,
1671 3575 1757 3638 qui
1781 3576 1999 3639 patricie
2021 3575 2180 3637 gentis
2204 3588 2305 3625 erat
2320 3611 2337 3637 ,
2362 3574 2426 3625 ad

306 3675 399 3711 tus.
426 3664 582 3708 Inus.
1418 3654 1609 3720 plebem
1632 3655 1832 3701 transire
1844 3654 2126 3717 adoptionis
2141 3656 2247 3715 jure
2267 3659 2431 3721 cupie-

380 3742 460 3789 ιδ.
509 3742 628 3787 Tam
673 3738 947 3785 Menelaum
997 3752 1147 3800 quam
1193 3737 1354 3798 Agru,
1419 3735 1519 3784 bat.
1554 3735 1699 3781 Man.

307 3835 625 3868 memnonem.
643 3820 762 3866 Tam
781 3819 855 3866 M.
869 3816 1151 3871 Lucullum,
1175 3830 1331 3880 ¹qnam
1495 3827 1578 3860 ao.
1610 3814 1673 3859 Ue
1695 3812 1938 3859 universus
1955 3813 2178 3877 populns.
2202 3816 2332 3865 Hinc
2356 3833 2437 3880 p.-

309 3899 516 3947 Lucium
545 3899 651 3958 ejus
694 3898 906 3945 fratrem.
944 3897 1107 3953 Paris,
1136 3895 1330 3959 inquit,
1423 3903 1492 3939 tet
1533 3892 1830 3940 Herennium
1866 3902 2070 3941 tentasse
2110 3894 2337 3943 Clodium
2371 3895 2434 3942 ad

306 3978 392 4025 ille
413 3979 656 4038 Troianus
686 3977 845 4024 solnm
870 3976 1144 4025 Menelaum
1171 3974 1336 4022 affecit
1424 3970 1617 4035 plebem
1644 3970 1920 4029 traducere,
1948 3988 2049 4020 non
2070 3985 2267 4037 recepto
2284 3990 2439 4029 more,

311 4057 519 4115 iniuria,
557 4056 753 4104 fratrem
786 4057 890 4115 ejus
927 4057 1338 4118 Agamemnonem
1427 4043 1639 4099 comitiis
1673 4052 1861 4099 scilieet
1898 4054 2121 4114 curiatis,
2148 4054 2326 4116 quibus
2361 4054 2446 4099 ad-

313 4136 571 4198 separatim
598 4134 729 4183 nulla
755 4152 806 4182 re
823 4135 972 4191 lesit,
995 4144 1160 4181 noster
1180 4143 1340 4181 autem
1430 4133 1660 4195 optiones
1685 4129 1868 4180 fiebant.
1889 4132 1941 4179 in
1966 4132 2167 4181 alienam
2192 4132 2442 4189 familiam,

558 4225 647 4290 II,
699 4238 785 4283 Cic.
824 4251 931 4297 pars
965 4245 1142 4298 quarta.
2123 4243 2208 4284 22
