3023 4773
644 389 787 477 464
1281 389 1375 455 Μ.
1430 388 1507 453 Τ.
1556 387 2116 458 CICERONIS

644 507 1032 606 aliquando
1084 504 1342 577 vidisse
1396 503 1825 603 prudentius
1870 531 1887 574 ε
1933 520 2400 602 posteaquam
2455 506 2634 577 mihi
2691 523 2767 579 et

644 620 914 691 dictum
968 631 1106 703 est,
1160 631 1233 686 et
1276 618 1658 713 scriptum,
1702 614 2170 686 vehementer
2225 614 2605 686 consilium
2641 642 2766 687 ve-

645 744 874 798 strum
910 725 1346 823 reprehendi
1369 777 1388 812 ,
1425 750 1588 795 sum
1620 727 1930 822 graviter
1956 741 2390 814 commotus3
2424 726 2624 822 quod
2645 727 2764 796 illa

646 843 796 936 ipsa
832 862 994 936 spes
1024 841 1277 933 exigua
1298 890 1317 923 ,
1347 860 1509 932 quoe
1544 850 1697 906 erat
1716 890 1735 923 ,
1758 833 2046 906 videtur
2072 858 2223 906 esse
2249 834 2548 905 sublata.
2579 840 2763 907 Nam

644 951 703 1018 si
754 947 1028 1020 tribuni
1073 947 1297 1045 plebis
1350 943 1563 1015 nobis
1605 958 2068 1031 succensent,
2125 969 2285 1041 quae
2326 959 2562 1041 potest
2601 969 2765 1042 spes

641 1060 844 1129 esse?
891 1071 961 1127 at
998 1055 1332 1125 videntur
1362 1054 1526 1149 jure
1559 1076 2023 1125 succensere:
2053 1077 2284 1150 quum
2322 1068 2396 1124 et
2436 1068 2763 1151 expertes

647 1163 964 1239 consilii³
1008 1163 1314 1249 fuerint,
1374 1167 1502 1260 qui
1554 1188 1839 1235 causam
1893 1178 2209 1233 nostram
2269 1177 2762 1260 susceperant3

647 1294 718 1348 et
760 1290 1004 1348 nostra
1046 1275 1556 1345 concessione‘*
1599 1298 1893 1345 omnem
1928 1277 2075 1343 vim
2128 1274 2239 1343 sui
2274 1273 2456 1368 juris
2509 1276 2765 1343 amise-

649 1392 793 1458 rint
826 1413 841 1456 :
878 1385 1272 1483 praesertim
1306 1410 1537 1481 quum
1574 1388 1669 1456 ita
1700 1385 1977 1471 dicant,
2011 1408 2087 1455 se
2130 1398 2377 1455 nostra
2404 1408 2612 1454 causa
2640 1408 2766 1454 vo-

648 1498 861 1569 luisse
899 1518 1101 1566 suam
1137 1508 1566 1591 potestatem
1600 1518 1753 1564 esse
1790 1493 1882 1565 de
1908 1491 2328 1565 consulibus
2354 1490 2766 1576 ornandis⁵‚

646 1632 796 1678 non
850 1621 933 1676 ut
977 1630 1100 1675 eos
1153 1603 1620 1702 impedirent,
1671 1603 1797 1675 sed
1851 1620 1934 1676 ut
1989 1604 2081 1675 ad
2123 1617 2440 1674 nostram
2482 1626 2769 1673 causam

645 1711 1184 1814 adjungerentfl.
1203 1718 1451 1798 Nunc,
1480 1714 1540 1784 si
1558 1715 1889 1785 consules
1909 1740 1949 1785 a
1976 1713 2188 1785 nobis
2211 1713 2586 1784 alieniores
2614 1737 2772 1783 esse

646 1826 905 1913 velint,
964 1847 1172 1922 posse
1232 1820 1306 1891 id
1356 1820 1580 1893 libere
1636 1820 1961 1912 facere73
2025 1826 2135 1894 sin
2195 1817 2460 1895 velint⁸
2520 1838 2771 1893 nostra

647 1959 893 2021 causa,
930 1931 1112 2002 nihil
1150 1944 1403 2029 posse9
1442 1956 1517 2003 se
1550 1934 1893 2005 invitis¹⁰.
1922 1936 2104 2004 Nam
2133 1934 2333 2031 quod
2370 1932 2657 2019 scribiS,
2692 1936 2772 2003 ni

648 2049 744 2113 ita
784 2042 1063 2112 vobis¹¹
1120 2039 1540 2138 placuisset,
1596 2042 1755 2114 illos
1805 2044 1943 2115 hoc
1989 2043 2180 2114 idern
2232 2068 2362 2141 per
2413 2044 2772 2141 populum

643 2147 1154 2248 assequuturos
1199 2148 1455 2238 fuisse3
1505 2153 1746 2225 invitis
1782 2153 2092 2224 tribunis
2120 2152 2353 2252 plebis
2378 2152 2538 2223 fieri
2566 2152 2771 2224 nullo

643 2371 760 2437 ipsis
800 2369 1065 2434 provinciis
1102 2367 1245 2416 simul
1289 2367 1664 2418 decernerentur

644 2468 712 2499 eae
732 2466 832 2508 res,
859 2465 969 2512 quae
990 2448 1266 2511 provincias
1284 2448 1664 2497 administranti-

646 2529 1027 2579 bus⁰necesssriae
1050 2537 1353 2591 putarentur,
1377 2539 1433 2575 ut
1462 2528 1661 2587 milites,

646 2608 883 2675 pecunia,
927 2617 976 2654 et
1016 2605 1316 2666 hujusmodi.
1360 2607 1439 2654 Sic
1488 2624 1666 2654 ornare

648 2690 848 2735 classem
871 2685 923 2731 in
941 2684 1160 2732 oratione
1184 2701 1276 2749 pro
1304 2685 1408 2749 lege
1436 2687 1664 2745 Manilia,

648 2783 738 2832 pro
764 2767 1002 2813 instruere
1023 2778 1037 2813 ἱ
1060 2775 1243 2812 ornatae
1270 2767 1537 2828 provincia
1561 2767 1666 2830 lege

597 2904 603 2913 ¹
646 2848 826 2895 curiata
839 2878 853 2902 ,
874 2859 1081 2906 quorum
1094 2844 1373 2892 rectoribus
1392 2845 1664 2909 imperinm,

645 2925 902 2984 exercitus,
917 2924 1228 2986 stipendium,
1246 2924 1388 2987 legati
1409 2924 1662 2973 dabantur.

648 3003 745 3051 Sed
774 3002 879 3066 lege
910 3001 1088 3049 curiata
1122 3019 1223 3050 non
1257 3019 1424 3049 omnes
1452 3003 1587 3049 ibant
1612 3002 1662 3049 in

646 3081 949 3146 provincias,
984 3079 1194 3145 ideoque
1226 3097 1329 3128 non
1369 3096 1537 3127 omnes
1572 3097 1665 3144 pu-

645 3162 774 3208 blico
793 3170 1005 3224 sumptu.
1028 3159 1184 3222 Epist.
1205 3174 1237 3221 9
1256 3193 1270 3217 ,
1288 3158 1375 3228 lin.
1398 3160 1446 3220 1,
1466 3158 1530 3205 ad
1548 3160 1662 3208 niv.

645 3243 793 3289 Mur.

718 3321 766 3367 3.
786 3319 1022 3381 Expertes
1042 3314 1250 3362 consilii.
1278 3318 1387 3364 Hoc
1408 3318 1539 3363 enim
1558 3318 1663 3365 sine

644 3414 811 3447 eorum
826 3394 1031 3444 consilio
1049 3394 1244 3442 fecistis.
1263 3396 1415 3443 Insa.

715 3486 765 3533 Ι..
806 3476 986 3523 Nostra
1020 3474 1338 3521 concessione.
1382 3475 1492 3524 Nisi
1532 3476 1661 3524 enim

645 3570 926 3604 concessum
951 3570 979 3601 s
1010 3554 1154 3602 nobis
1179 3564 1331 3611 esset,
1358 3565 1414 3602 ut
1439 3571 1467 3602 a
1493 3565 1662 3603 senatu

643 3634 918 3682 consulares
942 3633 1209 3697 provinciae
1236 3647 1554 3693 ornarentur,
1584 3634 1661 3681 di·

641 3714 738 3760 lata
769 3729 844 3760 res
865 3729 892 3760 a
915 3712 1159 3761 veteribus
1187 3713 1394 3760 tribunis
1417 3713 1574 3777 plebis
1597 3713 1660 3760 ad

642 3808 797 3839 novos
827 3792 1111 3841 devenisset.
1146 3795 1268 3855 Quae
1306 3809 1458 3857 quum
1493 3805 1660 3841 nostra

598 3918 602 3929 ,
641 3870 952 3917 concessione
980 3884 1092 3920 ante
1126 3875 1349 3922 confecta
1383 3875 1479 3932 sit,
1515 3890 1660 3938 quam

643 3949 845 4011 ingressi
869 3951 1199 4013 magistratum
1241 3954 1314 4001 sui
1346 3954 1469 4020 juris
1503 3955 1583 4013 vi,
1611 3965 1660 4002 et

642 4037 880 4091 potestate
896 4027 966 4073 mi
983 4032 1251 4092 potuerint,
1262 4033 1372 4091 jure
1391 4033 1535 4080 nobis
1552 4049 1657 4080 suc-

641 4117 859 4163 censent.
892 4108 1040 4153 Inus.

1825 2372 1873 2421 5.
1890 2371 2150 2419 ornandis.
2167 2371 2248 2418 sic
2265 2393 2286 2414 ι
2301 2388 2473 2424 ornare
2487 2381 2721 2436 praetores
2730 2396 2771 2429 u,

1752 2467 1829 2515 ep.
1854 2453 1908 2510 3,
1930 2451 2013 2498 lib.
2038 2454 2103 2508 11,
2124 2451 2187 2498 sd
2205 2453 2269 2512 Q.
2295 2456 2370 2498 Fr.
2394 2452 2464 2498 sic
2488 2473 2509 2492 ι
2529 2452 2775 2519 magistra-

1752 2541 1829 2577 tus
1864 2546 2103 2589 omnesu,
2131 2530 2238 2577 Liv.
2271 2530 2357 2576 lib.
2390 2532 2561 2590 XL113
2593 2532 2662 2577 sie
2687 2530 2775 2575 de-

1752 2610 2007 2664 cemviros,
2041 2619 2162 2656 orat.
2183 2623 2212 2655 α
2230 2643 2244 2666 ,
2271 2619 2442 2656 contra
2464 2608 2600 2656 nun.
2626 2609 2777 2656 Intel-

1752 2689 1848 2752 lige
1873 2684 1933 2735 de
1951 2688 2218 2752 provinciis
2242 2688 2496 2735 consulum
2524 2686 2772 2735 ornandis.

1755 2767 1992 2816 Consules
2016 2777 2177 2814 sutem
2210 2777 2349 2814 erant
2384 2769 2440 2815 P.
2461 2766 2697 2813 Lentulus
2722 2778 2774 2813 et

1752 2849 1817 2910 Q.
1842 2846 2073 2894 Metellus
2088 2846 2269 2909 Nepos.
2296 2847 2459 2894 Coun.

1811 2926 1874 2985 ἱ6.
1902 2925 2252 2990 Adjemgercnt.
2285 2924 2530 2973 Beneficio
2555 2941 2656 2972 nou
2684 2925 2769 2972 im-

1753 3003 2001 3067 pediendi.
2035 3004 2184 3052 Mus.

1825 3099 1872 3143 7.
1898 3081 2061 3129 Libere
2067 3081 2259 3147 facere.
2279 3083 2408 3145 Quia
2428 3081 2550 3129 nihil
2568 3081 2770 3145 amplius

1755 3178 1781 3207 a
1798 3161 1943 3209 nobis
1963 3172 2244 3225 exspectent
2257 3195 2272 3218 ,
2293 3178 2444 3224 quum
2458 3163 2556 3222 jam
2575 3160 2648 3208 sui
2668 3160 2773 3207 voti
2815 3215 2819 3218 Α

1751 3228 2007 3304 compotes
2043 3240 2158 3287 facti
2197 3240 2324 3300 sint,
2369 3241 2648 3303 provincias
2686 3256 2774 3303 per

1750 3331 1971 3366 senatum
1996 3318 2254 3382 assequuti.
2282 3321 2434 3367 Inus.

1825 3399 1871 3446 8.
1895 3399 2024 3456 Alii,
2045 3399 2246 3445 vellent.
2271 3399 2319 3446 J.
2340 3400 2403 3443 V.
2428 3400 2487 3446 L.

1821 3493 1870 3539 9.
1896 3475 2039 3525 Nihil
2051 3494 2210 3541 posse.
2241 3477 2377 3525 Nihil
2405 3476 2533 3524 enim
2561 3475 2656 3539 ipsi
2684 3492 2771 3539 per

1748 3573 1800 3605 se
1825 3557 2049 3605 consules
2070 3568 2295 3620 possent,
2321 3572 2473 3620 quum
2502 3570 2648 3620 penes
2684 3554 2774 3603 tn·—

1749 3636 1907 3685 bunos
1929 3636 2085 3702 plebis
2105 3638 2167 3683 sit
2188 3635 2521 3684 intercedendi
2540 3645 2775 3699 potestas.

1749 3717 1893 3765 Mu«.

1826 3810 1905 3843 ιο.
1939 3796 2000 3840 Se
2025 3793 2200 3843 ἰηνὶιίε.
2229 3795 2354 3860 Ipsis
2383 3793 2591 3842 tribunis
2615 3790 2774 3857 plebis

1747 3875 1830 3941 qui
1851 3891 2040 3922 causam
2068 3874 2276 3936 habent,
2307 3890 2392 3921 cur
2413 3872 2558 3920 nobis
2571 3888 2773 3919 succen-

1747 3966 1899 4003 scant.

1827 4049 1847 4080 1
1865 4051 1906 4081 r.
1955 4035 2051 4081 Alii
2066 4067 2080 4090 ‚
2123 4032 2274 4083 nobis.
2320 4031 2415 4079 Sed
2454 4031 2628 4080 Cicero
2671 4045 2772 4076 rem

1753 4123 1912 4159 narrat
1927 4147 1941 4173 ,
1968 4127 2067 4160 non
2089 4112 2233 4160 verba
2253 4113 2406 4162 Attici
2425 4110 2617 4174 repetit.
2645 4110 2736 4155 En.
