3023 4773
658 401 750 468 80
1304 397 1400 465 Μ.
1454 397 1532 462 Τ.
1591 397 2147 466 CICERONIS

658 522 948 607 Caesari,
1001 518 1335 614 collegae²
1385 531 1682 604 nostro,
1732 515 1888 587 sore
1939 541 2168 604 curae,
2205 531 2277 588 et
2322 542 2511 606 esse,
2551 535 2633 591 ut
2672 520 2789 592 hass

653 632 952 704 beamus
989 630 1301 725 aliquam
1338 626 1863 725 rempublicam
1886 681 1905 714 ‚
1950 628 2153 722 cujus
2195 629 2508 727 consiliis
2553 633 2787 728 magni

650 739 1004 815 refierebat
1043 754 1113 809 te
1152 739 1520 809 interesse.
1555 738 1734 824 Sed,
1772 740 1830 807 si
1870 735 2005 807 tibi
2055 737 2303 807 utilius
2353 754 2494 825 est,
2532 740 2602 809 id
2646 754 2786 825 est,

659 851 1072 948 gloriosius,
1111 848 1286 922 Asiae
1324 871 1668 943 praeesse,
1707 862 1779 917 et
1820 848 2029 917 istam
2064 861 2342 944 partem
2382 849 2788 944 reipublicae

659 960 843 1030 male
878 956 1207 1028 affectam
1245 958 1435 1027 tueri
1466 985 1481 1026 ε
1528 955 1705 1027 mihi
1733 981 2029 1054 quoque
2058 958 2248 1028 idem
2270 1012 2289 1046 ‚
2330 957 2530 1055 quod
2559 959 2690 1030 tibi
2720 974 2790 1029 et

661 1068 857 1140 laudi
894 1082 1032 1138 tuae
1070 1064 1541 1163 profuturum
1580 1081 1723 1154 est,
1768 1070 2084 1164 optatius
2121 1065 2339 1138 debet
2376 1092 2550 1139 esse.
2600 1072 2788 1165 Ego,

657 1204 817 1275 quae
842 1176 930 1248 ad
967 1191 1165 1247 tuam
1194 1175 1619 1273 dignitatem
1656 1179 2013 1273 pertinere
2043 1175 2473 1265 arbitrabor,
2507 1203 2791 1249 summo

660 1287 901 1361 studio
926 1286 1437 1383 diligentiaque
1461 1285 1735 1358 curabo
1756 1313 1775 1373 3
1804 1288 1881 1357 in
1904 1288 2299 1384 primisque
2320 1286 2583 1358 tuebor
2594 1288 2795 1358 omni

664 1398 1120 1471 observantia
1162 1396 1633 1469 clarissimum
1669 1399 1904 1467 virum
1930 1452 1949 1485 ‚
1987 1411 2266 1494 patrem
2298 1412 2503 1467 tuum
2538 1425 2553 1468 :
2591 1396 2794 1494 quod

661 1523 733 1578 et
780 1531 915 1605 pro
954 1519 1305 1577 vetustate
1340 1506 1921 1594 necessitudiniS‚
1964 1520 2036 1578 et
2082 1532 2217 1604 pro
2259 1504 2633 1579 beneficiis
2677 1532 2796 1578 ve-

659 1618 861 1704 stris,
892 1630 965 1688 et
999 1642 1138 1714 pro
1176 1616 1524 1714 dignitate
1558 1618 1784 1714 ipsius
1808 1614 2043 1688 facere
2077 1615 2335 1688 debe0.

731 1822 779 1853 2.
831 1804 1057 1869 Collega.
1101 1807 1159 1851 In
1203 1792 1457 1868 auguratu.
1515 1807 1692 1868 Quam-
1779 1818 1937 1855 tamen
1972 1807 2117 1856 etiam
2148 1822 2318 1871 augur.
2350 1807 2562 1871 Philipp.
2600 1823 2628 1854 α
2651 1842 2669 1866 ,
2713 1807 2800 1854 33.

658 1900 803 1946 quam
840 1884 969 1931 enim
1010 1883 1238 1947 pontifex
1279 1884 1518 1932 maximus
1560 1885 1686 1945 fnit,
1779 1887 2006 1936 Cum.

661 2075 1669 2099 mmm-“mmmm
1676 2080 1765 2098 m

2231 2080 2504 2099 mm
2514 2080 2795 2100 mm

1229 2240 1847 2320 EPISTOLA
1902 2242 2223 2321 LXIX.

661 2405 724 2460 C.
764 2402 1065 2473 Curtium,
1115 2414 1180 2459 ut
1226 2401 1285 2457 in
1330 2399 1503 2460 fidem
1547 2402 1879 2479 recipiatur,
1922 2402 2301 2462 commendat.
2352 2409 2603 2477 (Romae,
2644 2425 2806 2464 anuo

1552 2503 1623 2559 U.
1652 2503 1718 2558 C.
1752 2499 1909 2578 707.)

924 2685 1015 2750 M.
1040 2686 1116 2750 T.
1151 2685 1225 2749 C.
1257 2685 1330 2748 P.
1370 2685 1797 2768 SERVILIO,
1843 2686 2307 2773 COLLEGAE,
2354 2690 2416 2754 S.
2446 2691 2526 2754 D.

759 2841 835 2909 C.
859 2841 1171 2909 Culmus
1199 2839 1530 2906 Mrrmuzs
1551 2850 1657 2907 est
1681 2835 1798 2907 ille
1830 2836 2126 2934 quidem
2149 2893 2168 2926 ‚
2192 2853 2273 2909 ut
2295 2841 2462 2928 sciS‚
2489 2838 2809 2912 libertus

664 2948 1020 3031 Postumi,
1054 2943 1578 3016 familiarissimi
1607 2947 1749 3017 mei
1783 2974 1799 3016 :
1840 2946 1966 3018 sed
1996 2973 2112 3019 me
2150 2949 2321 3019 colit
2354 2965 2427 3020 et
2460 2948 2814 3022 observat

662 3083 865 3156 aeque
888 3111 906 3144 ‚
937 3070 1156 3152 atque
1191 3055 1396 3126 illum
1424 3059 1661 3152 ipsum
1689 3071 2072 3152 patronum
2113 3083 2347 3129 suum.
2379 3060 2588 3157 Apud
2628 3086 2812 3131 eum

665 3193 798 3264 ego
828 3167 928 3236 sic
947 3164 1215 3262 Ephesi
1243 3163 1344 3234 fui
1367 3218 1385 3247 ‚
1410 3165 2011 3263 quotiescumque
2044 3167 2176 3256 fui,
2205 3183 2571 3266 tamquam
2599 3170 2816 3242 domi

665 3303 882 3365 meae3
922 3268 1296 3370 multaque
1340 3273 1794 3361 acciderunt,
1834 3278 1909 3346 in
1945 3276 2213 3372 quibus
2259 3293 2331 3348 et
2371 3278 2816 3352 benivolen-

660 3388 832 3458 tiam
880 3387 1034 3480 ejus
1070 3397 1238 3480 erga
1278 3408 1394 3454 me
1428 3387 1814 3484 experirer,
1851 3400 1921 3457 et
1957 3384 2196 3458 fidem.
2245 3393 2498 3485 Itaque
2529 3392 2585 3460 si
2615 3392 2820 3488 quid

662 3509 786 3565 aut
823 3494 1036 3581 mihi,
1088 3507 1211 3563 aut
1247 3518 1577 3565 meorum
1623 3497 1929 3593 cuipiam
1968 3498 2044 3566 in
2079 3499 2244 3570 Asia
2284 3524 2469 3597 opus
2508 3515 2650 3589 est,
2711 3502 2823 3573 ad

666 3605 863 3675 hunc
902 3602 1213 3675 scribere
1266 3607 1652 3693 consuevi3
1706 3603 1924 3701 hujus
1967 3631 2197 3703 quum
2236 3633 2456 3706 opera
2493 3623 2566 3679 et
2601 3608 2764 3680 fide
2792 3669 2816 3699 ‚

664 3730 822 3784 tum
856 3712 1077 3784 domo
1105 3730 1176 3785 et
1201 3740 1280 3786 re
1306 3717 1447 3803 uti,
1481 3730 1851 3812 tamquam
1887 3743 2068 3788 mea.
2106 3724 2269 3789 Haec
2296 3717 2385 3789 ad
2420 3733 2489 3788 te
2517 3743 2602 3789 eo
2634 3717 2826 3817 plu-

660 3823 864 3895 ribus
903 3823 1190 3919 scripsi,
1229 3840 1311 3895 ut
1345 3826 1813 3924 intelligereS‚
1852 3836 1968 3898 me
2005 3854 2155 3900 non
2181 3830 2618 3926 vulgariter¹‚
2655 3856 2823 3905 nec

742 4039 785 4069 ι.
818 4021 1114 4086 Vulgariter.
1157 4023 1235 4071 Sic
1270 4026 1478 4075 restituit
1514 4029 1676 4077 Graev.
1771 4028 1948 4075 bonam
1975 4028 2262 4078 latinitatem
2284 4042 2370 4078 est.
2395 4031 2678 4095 Vulgare'eer
2709 4035 2824 4083 ha-

660 4101 856 4150 sublato
884 4100 1078 4164 vulgato
1105 4104 1328 4171 vulgare,
1352 4106 1484 4169 quod
1511 4118 1679 4155 contra
1769 4107 1851 4155 bet
1876 4108 1952 4157 eil.
1978 4120 2125 4170 ¹47¹·
2154 4112 2242 4158 En.
