3023 4773
664 411 761 508 98
1174 483 1186 496 ,
1296 412 1393 479 Μ.
1445 410 1524 479 Τ.
1578 410 2165 482 cmmoms

661 533 969 616 scribam
990 536 1319 620 „nescim
1353 531 1491 602 nisi
1522 532 1613 603 ad
1640 557 1801 621 eoS,
1838 535 1969 630 qui
1995 532 2089 604 ad
2124 556 2244 604 me
2283 532 2649 624 scribunt,
2680 552 2817 608 aut

663 644 756 717 ad
776 669 933 732 eoS,
963 642 1057 715 de·
1078 641 1350 740 quibus
1372 639 1464 712 ad
1495 666 1613 713 me
1640 667 1771 714 vos
1795 642 2070 740 aliquid
2105 642 2436 714 scribitis.
2463 647 2811 742 Longius,

658 758 1069 853 quoniam¹¹
1091 756 1188 824 ita
1214 751 1421 823 vobis
1455 752 1721 850 placet,
1745 777 1898 823 non
1932 750 2298 823 discedam
2330 781 2346 823 :
2385 753 2514 824 sed
2548 755 2764 824 velim
2784 810 2805 842 ,

659 890 880 963 quam
928 865 1316 962 saepissime
1365 863 1609 934 literas
1643 865 1978 950 mittatis,
2031 864 2470 961 praesertim,
2517 865 2577 934 si
2622 864 2810 960 quid

658 991 768 1048 est
806 974 1124 1062 firmiuS,
1180 972 1385 1072 quod
1436 997 1835 1072 speremus.
1883 973 2173 1060 Valete,
2214 998 2375 1046 mea
2411 972 2809 1063 desideria,

655 1086 906 1158 valete.
935 1089 1017 1156 A.
1039 1084 1112 1156 d.
1152 1109 1232 1154 111
1265 1108 1496 1155 nonas
1524 1083 1805 1156 octobr.
1837 1083 2361 1156 Thessalonica.

728 1273 812 1306 ιι.
838 1255 973 1315 Alii,
1000 1271 1166 1319 quum.
1197 1256 1402 1304 J.V.1..

1487 1441 2772 1463 mmmmm

650 1441 1208 1462 mmm

1283 1635 1898 1715 EPISTOLA
1968 1636 2143 1715 III.

647 1801 766 1860 Sua
796 1798 969 1877 culpa
998 1797 1215 1856 sactum
1242 1796 1434 1868 dolet,
1464 1809 1529 1855 ut
1558 1797 1617 1854 in
1649 1809 1836 1855 tantas
1871 1797 2132 1855 miserias
2169 1795 2499 1856 inciderint.
2531 1798 2680 1856 Dein
2711 1801 2793 1860 ad

727 1896 919 1975 capita
945 1894 1204 1974 epistolae
1232 1895 1431 1952 uxoris
1454 1893 1769 1972 respondet
1791 1895 1904 1967 ita,
1925 1909 1991 1952 ut
2016 1892 2261 1952 nimium
2287 1913 2406 1972 prae
2434 1916 2493 1953 se
2523 1894 2802 1957 dolorem

728 1994 906 2066 ferat,
952 1993 1123 2070 eique
1161 2011 1328 2070 paene
1372 1989 1732 2051 succumbat.
1775 1990 2186 2069 (Dyrrhachii,
2236 2009 2390 2049 anno
2429 1996 2504 2051 U.
2544 1996 2608 2051 C.
2638 1994 2798 2070 695,

682 2155 685 2166 ,
727 2109 927 2148 mense
962 2086 1311 2164 novembri.)

870 2264 1233 2330 TULLIUS
1277 2260 1749 2327 TERENTIAE
1791 2263 1903 2326 ET
1946 2262 2408 2328 TULLIOLAE
2453 2264 2567 2327 ΕΤ

1273 2364 1684 2430 CICERONI
1728 2364 1912 2429 SUIS
1959 2365 2023 2430 S.
2062 2366 2142 2430 D.

738 2507 1007 2575 Accam
1044 2500 1137 2572 ab
1172 2503 1600 2572 Aristocrito
1646 2514 1794 2571 tres
1833 2499 2170 2598 epistolas
2191 2554 2212 2589 ,
2265 2526 2448 2598 quas
2495 2527 2628 2601 ego
2681 2505 2798 2576 la-

639 2615 902 2712 crymis
949 2636 1179 2711 prope
1233 2610 1513 2704 delevi„
1543 2608 1909 2682 Conficior
1958 2611 2151 2682 enim
2206 2635 2558 2699 moerore,
2622 2640 2799 2689 mea

641 2726 1008 2810 Terentia3
1072 2745 1208 2792 nec
1275 2745 1452 2792 meae
1507 2745 1627 2791 me
1681 2722 1984 2791 miseriae
2043 2721 2270 2819 magis
2333 2724 2794 2815 excruciant,

643 2858 864 2933 quam
902 2847 1043 2902 tuae
1092 2845 1513 2929 vestraeque.
1560 2835 1712 2926 Ego
1750 2844 1991 2901 autem
2028 2829 2168 2901 hoc
2203 2833 2535 2904 miserior
2580 2859 2741 2906 sum
2767 2893 2794 2926 ‚

641 2968 865 3043 quam
894 2956 1002 3031 tu,
1025 2966 1188 3039 quae
1217 2966 1292 3013 es
1321 2942 1760 3029 miserrima,
1785 2938 1988 3038 quod
2015 2941 2167 3040 ipsa
2190 2942 2554 3015 calamitas
2580 2970 2794 3017 com—

636 3055 881 3127 munis
918 3067 1027 3124 est
1058 3056 1440 3148 utriusque
1475 3049 1806 3120 nostrum
1837 3077 1852 3119 ε
1891 3050 2019 3123 sed
2055 3053 2268 3151 culpa
2294 3078 2454 3125 mea
2482 3059 2797 3154 propria

642 3182 770 3239 est.
807 3169 1054 3236 Meum
1091 3160 1233 3234 fuit
1266 3159 1617 3249 officium,
1645 3160 1760 3230 vel
1799 3161 2153 3257 legatione
2176 3174 2194 3206 ¹
2239 3164 2461 3236 vitare
2489 3169 2791 3263 pericu-

635 3278 831 3363 lum;
859 3276 973 3347 vel
1004 3273 1373 3370 diligentia
1408 3286 1481 3343 et
1515 3272 1743 3368 copiis
1779 3272 2110 3344 resistere
2137 3299 2157 3360 ;
2185 3273 2297 3344 vel
2335 3275 2591 3348 cadere
2624 3276 2796 3348 for-

640 3390 825 3459 titer.
861 3392 1012 3457 Hoc
1040 3384 1394 3472 miserius,
1422 3383 1731 3481 turpius,
1763 3382 2131 3479 indignius
2163 3383 2377 3456 nobis
2405 3387 2586 3457 nihil
2615 3387 2793 3461 fuit.

635 3500 877 3589 Quare
906 3520 1138 3594 quum
1172 3494 1424 3565 dolore
1457 3491 1828 3580 conficior,
1864 3508 2020 3565 tum
2058 3495 2273 3565 etiam
2307 3497 2611 3593 pudore.
2643 3503 2794 3572 Pu-

634 3606 758 3679 det
788 3608 982 3677 enim
1010 3630 1127 3677 me
1154 3606 1368 3677 uxori
1393 3630 1570 3677 meae
1592 3615 1621 3647 ²
1650 3608 1943 3704 optimae
1964 3659 1983 3692 ,
2021 3608 2458 3679 suavissimis
2492 3607 2751 3684 liberis
2768 3669 2792 3702 ‚

709 3843 730 3873 ι
745 3860 757 3874 .
787 3823 1068 3890 legatione.
1094 3824 1221 3873 Nam
1249 3825 1290 3872 si
1315 3822 1609 3888 legationem
1626 3839 1654 3870 ι
1740 3823 1956 3871 Maur.
1979 3850 2049 3859 ——
2073 3824 2174 3873 Cur
2196 3823 2324 3881 hanc
2349 3821 2640 3888 legationem
2670 3843 2794 3879 non

631 3909 847 3963 Casare,
873 3902 1044 3950 Gallia
1079 3901 1375 3968 proconsule
1391 3935 1408 3962 ‚
1446 3901 1652 3950 delatam
1740 3904 2009 3965 acceperit,
2027 3901 2140 3949 vide
2163 3901 2228 3951 ad
2253 3904 2407 3952 Attio.
2427 3905 2505 3963 11,
2525 3907 2606 3953 18.
2639 3906 2745 3957 Eo.

618 3985 896 4050 ‚accepisset
911 4018 926 4040 ,
952 3982 1115 4031 Clodii
1136 3981 1499 4048 tribuniplebis
1519 3982 1654 4029 furo-
1815 3997 1865 4030 2.
1909 3984 2051 4029 Meoe.
2102 3984 2214 4031 Hoc
2266 3981 2528 4031 delendum
2579 3988 2788 4040 censuit

629 4083 732 4115 nm
752 4066 963 4111 vitasset.
976 4060 1117 4108 Diem
1132 4060 1261 4108 enim
1285 4060 1329 4108 ei
1351 4061 1511 4109 dicere
1527 4095 1542 4120 ,
1568 4059 1655 4124 qui
1739 4061 2007 4125 Ero-quod
2030 4061 2207 4125 probat
2220 4062 2335 4111 Sch.
2351 4079 2464 4111 nam
2477 4080 2640 4128 neque
2655 4082 2786 4117 mox

627 4142 911 4212 reipublice
936 4156 1081 4190 mun
1103 4139 1314 4198 abesset,
1333 4156 1437 4189 non
1458 4140 1653 4190 licebat.
1742 4142 1902 4191 liberis
1926 4143 2213 4193 suavissimis
2239 4144 2439 4194 additur
2465 4145 2596 4193 meis.
2623 4147 2722 4197 En.
