3023 4773
638 445 777 517 388
1276 443 1370 509 Μ.
1425 440 1499 508 Τ.
1565 439 2116 511 CICERONIS

640 560 977 649 Publii¹³‚
1002 561 1092 633 de
1120 560 1313 633 lituis
1340 555 1648 649 βοώπιδος
1669 564 1757 646 ¹4,
1776 561 1865 632 de
1886 559 2226 659 signifero
2252 561 2656 633 Athenione
2674 560 2759 650 ¹⁵,

641 677 729 749 de
763 674 981 746 literis
1016 668 1323 742 missis¹⁶
1350 669 1440 740 ad
1467 675 1797 758 Cnaeum,
1823 670 1914 742 de
1934 670 2392 769 Theophanis
2413 682 2500 758 ¹7,
2539 676 2760 742 Mem-

642 786 911 881 miique
936 802 1289 852 sermone.
1320 780 1681 868 Quantam
1707 804 1928 877 porro
1949 780 2127 851 mihi
2151 782 2758 877 exspectationem

639 888 898 962 dedisti
948 886 1256 958 convivii
1310 887 1513 955 istius
1556 882 1979 981 ἀσελγοῦς139
2021 909 2182 955 sum
2231 887 2306 955 in
2352 889 2760 957 curiositate

638 992 1028 1077 ὀξύπεινοςῐῑ).
1051 990 1191 1061 Sed
1211 1003 1449 1060 tamen
1467 987 1669 1060 facile
1687 992 1922 1088 patior
1940 1006 2010 1061 te
2031 990 2103 1060 id
2118 990 2206 1060 ad
2222 1000 2338 1061 me
2361 996 2761 1087 συμπόσιονό

641 1130 793 1176 non
834 1101 1185 1186 scribere;
1223 1114 1645 1196 praesentem
1689 1101 1939 1171 audire
1978 1100 2183 1170 malo.
2227 1101 2447 1190 Quod
2483 1125 2634 1189 me,
2677 1116 2761 1172 ut

641 1212 946 1286 scribam
984 1207 1287 1303 aliquid,
1316 1208 1625 1280 hortaris
1659 1236 1674 1277 ε
1708 1212 1959 1280 crescit
2002 1208 2177 1278 mihi
2215 1209 2512 1305 quidem
2539 1225 2764 1281 mate-

640 1323 811 1404 ries,
855 1330 935 1385 ut
970 1314 1189 1400 dicis;
1228 1312 1354 1384 sed
1399 1328 1549 1385 tota
1582 1338 1695 1384 res
1741 1318 1955 1384 etiam
1993 1338 2187 1385 nunc
2231 1313 2533 1386 fluctuat
2570 1344 2583 1385 :
2622 1322 2761 1386 κατ’

639 1429 955 1518 ‹irroga-02²¹
991 1417 1165 1515 τρύξ.
1206 1421 1386 1509 Quae
1432 1421 1491 1489 si
1530 1417 2007 1508 desederit223
2048 1421 2269 1515 magis
2313 1434 2532 1491 erunt
2567 1420 2762 1517 judi-

638 1548 824 1615 cata,
859 1554 1018 1626 quae
1056 1526 1363 1599 scribam
1398 1556 1413 1597 :
1444 1553 1605 1624 quae
1632 1529 1691 1599 si
1724 1530 1964 1598 statim
2009 1550 2202 1599 a“me
2239 1528 2424 1601 ferre
2456 1555 2606 1601 non
2640 1555 2767 1628 po-

640 1641 908 1727 tueriS,
952 1638 1231 1735 primns
1274 1634 1576 1707 habebis
1622 1651 1906 1723 tamen,
1965 1650 2037 1708 et
2082 1637 2500 1734 aliquandiu
2545 1639 2761 1711 solus.

640 1747 1128 1821 Dicaearchum
1149 1742 1212 1787 ²3
1265 1759 1460 1815 recte
1502 1770 1696 1816 amas
1735 1772 1750 1814 ε
1793 1746 2201 1819 luculentus
2245 1749 2469 1820 homo
2510 1765 2651 1838 est,
2695 1765 2767 1822 et

640 1858 815 1927 civis
834 1851 1024 1922 haud
1051 1848 1292 1946 paullo
1316 1849 1572 1920 melior
1588 1905 1607 1937 ‚
1635 1876 1853 1947 quam
1879 1853 1998 1922 isti
2023 1856 2251 1924 nostri
2277 1850 2763 1954 ἀδικαίαρχοι“.

640 1970 914 2035 Literas
942 1961 1190 2056 scripsi
1221 1958 1400 2029 hora
1436 1957 1715 2030 decima
1742 1961 2168 2051 CerialibuS‚
2198 1966 2472 2055 statim,
2506 1982 2588 2039 ut
2611 1982 2772 2042 tuas

643 2073 954 2167 legeram
984 2096 999 2138 ε
1036 2068 1162 2139 sed
1190 2092 1306 2138 eas
1339 2091 1536 2138 eram
1561 2068 1894 2158 daturus,
1922 2086 2002 2141 ut
2024 2088 2354 2169 putaram
2372 2130 2391 2162 ,
2416 2079 2769 2174 postridie

648 2184 743 2269 ei,
791 2183 920 2289 qui
962 2179 1139 2249 mihi
1176 2179 1456 2275 primus
1497 2177 1786 2249 obviam
1829 2182 2157 2253 venisset.
2202 2188 2531 2258 Terentia
2573 2187 2769 2261 dele-

647 2305 831 2363 ctata
881 2302 987 2360 est
1043 2289 1185 2358 tuis
1230 2287 1475 2358 literis.
1524 2289 1855 2385 Impertit
1898 2288 2031 2359 tibi
2078 2291 2378 2363 multam
2429 2296 2771 2386 salutem;

649 2401 749 2468 καὶ
786 2390 1129 2488 Κικέρων“5
1163 2403 1196 2463 ὁ
1229 2399 1553 2489 φιλόσοφος
1585 2398 1692 2464 τὸν
1722 2400 2035 2467 πολιτικὸν
2072 2400 2258 2469 Τίτον
2296 2400 2662 2485 ἀσπάζεται.

648 2577 818 2642 peius,
835 2547 1033 2623 Cri-sus
1049 2571 1332 2635 quotidiana
1349 2572 1672 2622 ruminatione
1838 2591 1917 2636 ¹7·
1948 2578 2022 2622 De
2052 2575 2382 2641 Theophanis.
2427 2581 2581 2646 Epist.
2605 2582 2636 2634 5
2662 2583 2714 2632 h,
2739 2585 2776 2633 1.

650 2667 819 2705 eontra
857 2653 1200 2717 rempublicam
1226 2652 1423 2700 inirent.
1452 2654 1670 2700 Mamur.
1760 2654 1912 2702 Inna.

726 2752 745 2781 ι
755 2735 782 2781 3
795 2769 805 2779 .
820 2734 896 2779 De
906 2730 1207 2796 cogitatione
1221 2729 1400 2778 Publii.
1414 2732 1489 2778 De
1498 2731 1676 2780 rescin-

650 2813 823 2863 dendis
843 2810 1045 2861 cuntis
1070 2808 1274 2872 legibus.
1303 2811 1448 2858 Mn«.

724 2901 805 2948 ιι.
836 2892 912 2937 De
954 2886 1082 2936 lituis
1123 2882 1380 2948 βοώπιὸος.
1415 2890 1472 2936 Ρ.
1502 2887 1663 2936 Clodii

651 2984 868 3021 sororem
880 2966 1123 3029 intelligit,
1134 2982 1244 3029 quoe
1260 2978 1501 3030 tamquam
1516 2966 1665 3014 lituus

1839 2734 1920 2780 18.
1958 2719 2209 2803 Ᾰσιλγοῦς.
2237 2737 2460 2788 Delicati.

1841 2826 1920 2875 ¹9·
1947 2800 2211 2872 ὀξύπεινος.
2245 2818 2530 2869 Famelicua.

1836 2905 1923 2939 ao.
1953 2891 2230 2958 Σιμπόσιον.
2255 2896 2564 2947 convivium.

1826 2984 1916 3018 αι.
1954 2970 2078 3020 Κατ’
2115 2972 2317 3041 ὀπώρην.
2365 2978 2461 3024 Per
2491 2989 2779 3028 autumnum

648 3055 841 3102 fratrem
898 3046 963 3094 ad
1019 3048 1357 3096 contentiones
1415 3047 1661 3093 excitaret.
1737 3047 1885 3115 saeae,
1915 3051 2113 3116 supple,
2136 3054 2351 3102 nondum
2375 3054 2572 3106 desedit.

650 3135 763 3180 Erat
786 3128 915 3177 enlm
941 3125 1182 3176 seditiosa.
1217 3127 1374 3190 Epist.
1407 3140 1427 3172 ι
1446 3159 1461 3184 ,
1481 3139 1542 3187 9,
1584 3140 1664 3172 ω.

650 3213 802 3258 Innu-
1562 3246 1566 3252 .

726 3289 809 3335 ι5.
841 3282 1128 3332 Athenione.
1157 3281 1371 3328 Athenio
1398 3281 1498 3329 dux
1518 3281 1568 3328 in
1594 3282 1669 3329 Si-

652 3366 762 3414 cilin
798 3363 893 3410 fuit
933 3361 1285 3424 fugitivorum:
1307 3360 1446 3419 cujus
1471 3360 1669 3408 nomine

652 3442 865 3493 fortassis
879 3440 960 3488 hic
980 3438 1256 3502 designatur
1271 3437 1495 3485 Vatiniu-
1522 3438 1670 3485 tribu·

653 3540 744 3572 um
760 3519 945 3586 piebis,
968 3518 1052 3580 qui
1080 3528 1322 3578 tamquam
1349 3515 1548 3577 signifer
1564 3516 1667 3564 Cae-

653 3605 770 3653 saris
790 3611 839 3649 et
859 3597 1019 3648 Clodii
1037 3605 1203 3643 contra
1231 3594 1491 3657 optimates
1506 3596 1666 3646 stetit:

651 3693 708 3730 nt
731 3679 916 3728 indicat
941 3675 1097 3724 oratio
1122 3674 1176 3721 in
1193 3673 1368 3737 ipsum.
1394 3675 1668 3722 Portu.—

652 3762 842 3808 Ernest.
864 3768 1020 3803 tamen
1042 3755 1152 3801 Sex.
1173 3749 1400 3801 Clodium
1418 3752 1669 3817 intelligit,

652 3835 918 3902 prasertim
973 3848 1126 3898 quum
1163 3830 1352 3880 Siculus
1385 3830 1535 3880 fuerit
1552 3866 1568 3892 ,
1613 3842 1669 3879 ut

654 3913 886 3965 Athenio.
909 3911 1019 3958 Seu.

733 3993 813 4040 16.
838 3987 1010 4036 Missis.
1029 3990 1261 4053 Capuam.
1279 3988 1439 4053 Epist.
1469 4003 1533 4051 ¹9
1561 3988 1612 4036 h.
1630 3987 1665 4036 1.

653 4075 886 4123 Coenam.

1829 3143 1913 3176 22.
1939 3131 2068 3192 Alii,
2093 3132 2359 3183 decesserit.
2384 3136 2434 3182 J.
2458 3137 2521 3183 V.
2541 3138 2596 3183 L.

1829 3209 1912 3255 23.
1938 3209 2295 3276 Dicoearcltum.
2323 3215 2621 3279 scriptorem
2641 3216 2784 3266 lucu-

1758 3286 1958 3336 lentum.
2000 3290 2156 3353 Epist.
2201 3306 2223 3339 1
2271 3304 2322 3340 et
2369 3294 2456 3352 16,
2495 3306 2546 3343 et
2570 3295 2659 3344 lib.
2679 3300 2781 3355 vl,

1760 3365 1903 3429 epint.
1926 3382 1978 3414 2.
2007 3369 2227 3416 Mamur.

1828 3461 1856 3492 2
1866 3452 1894 3500 4
1902 3482 1915 3493 .
1930 3431 2266 3513 Ᾰδααίαρχοι.
2276 3448 2450 3509 Injuni
2460 3452 2784 3514 magistratus,

1757 3539 1907 3585 quum
1935 3525 2245 3573 Dieaearchus
2275 3527 2434 3586 justus
2475 3531 2784 3593 magistratu·

1755 3601 2058 3666 interpretari
2075 3604 2246 3668 ponit.
2258 3606 2490 3671 Intelligit
2507 3620 2665 3657 autem
2683 3611 2787 3659 (ἱε-

1756 3696 1909 3727 sarem
1938 3692 1986 3729 et
2019 3682 2247 3747 reliquom
2266 3686 2424 3733 Coun.

1832 3759 1917 3807 25.
1957 3760 2189 3828 Κικέρων.
2228 3760 2433 3811 Jocatur
2457 3765 2518 3813 de
2542 3782 2595 3813 se
2629 3766 2740 3831 ipoo
2766 3781 2783 3815 :

1757 3847 1806 3885 et
1823 3838 2059 3888 πολιτικὸν
2074 3839 2296 3890 Atticum
2314 3842 2551 3906 appellat,
2565 3847 2679 3908 quia
2696 3847 2787 3893 Di-

1757 3916 2028 3963 caen-chum
2071 3930 2305 3983 sequutus
2344 3932 2663 3986 anteponeret
2701 3921 2781 3971 τὸν

1756 3992 2013 4058 πρακτικὸν
2032 3992 2132 4056 βίον
2151 4003 2220 4065 τῷ
2243 4001 2683 4068 θιωρητικῷᾙρὶιι.
2705 4003 2785 4050 16.

1760 4071 1975 4122 ΜΑιωτ.
