<?xml version="1.0" encoding="UTF-8"?>
<!DOCTYPE html PUBLIC "-//W3C//DTD XHTML 1.0 Transitional//EN"
    "http://www.w3.org/TR/xhtml1/DTD/xhtml1-transitional.dtd">
<html xmlns="http://www.w3.org/1999/xhtml" xml:lang="en" lang="en">
 <head>
  <title>
</title>
<meta http-equiv="Content-Type" content="text/html;charset=utf-8" />
  <meta name='ocr-system' content='tesseract 3.04.00' />
  <meta name='ocr-capabilities' content='ocr_page ocr_carea ocr_par ocr_line ocrx_word'/>
</head>
<body>
  <div class='ocr_page' id='page_1' title='image "./mtciceronisquae01bouigoog_0056.png"; bbox 0 0 3023 4773; ppageno 0'>
   <div class='ocr_carea' id='block_1_1' title="bbox 639 403 2119 494">
    <p class='ocr_par' dir='ltr' id='par_1_1' title="bbox 639 403 2119 494">
     <span class='ocr_line' id='line_1_1' title="bbox 639 403 2119 494; baseline -0.002 -19"><span class='ocrx_word' id='word_1_1' title='bbox 639 405 733 494; x_wconf 76' lang='lat'>46</span> <span class='ocrx_word' id='word_1_2' title='bbox 1282 405 1379 471; x_wconf 88' lang='lat' dir='ltr'><strong>M.</strong></span> <span class='ocrx_word' id='word_1_3' title='bbox 1431 403 1506 469; x_wconf 89' lang='lat' dir='ltr'><strong>T.</strong></span> <span class='ocrx_word' id='word_1_4' title='bbox 1564 403 2119 487; x_wconf 75' lang='lat' dir='ltr'>CICERole</span> 
     </span>
    </p>
   </div>
   <div class='ocr_carea' id='block_1_2' title="bbox 627 522 2771 1838">
    <p class='ocr_par' dir='ltr' id='par_1_2' title="bbox 629 522 2771 1288">
     <span class='ocr_line' id='line_1_2' title="bbox 636 522 2771 626; baseline 0.002 -28"><span class='ocrx_word' id='word_1_5' title='bbox 636 525 881 626; x_wconf 93' lang='lat' dir='ltr'>(quod</span> <span class='ocrx_word' id='word_1_6' title='bbox 920 524 1395 597; x_wconf 84' lang='lat' dir='ltr'><strong>intellexerim</strong></span> <span class='ocrx_word' id='word_1_7' title='bbox 1431 524 1613 593; x_wconf 88' lang='lat' dir='ltr'>scire</span> <span class='ocrx_word' id='word_1_8' title='bbox 1655 522 1891 618; x_wconf 87' lang='lat' dir='ltr'>ipsum</span> <span class='ocrx_word' id='word_1_9' title='bbox 1923 525 2303 613; x_wconf 67' lang='lat' dir='ltr'>Caesarem,</span> <span class='ocrx_word' id='word_1_10' title='bbox 2338 550 2455 601; x_wconf 86' lang='lat' dir='ltr'>me</span> <span class='ocrx_word' id='word_1_11' title='bbox 2493 529 2771 605; x_wconf 85' lang='lat' dir='ltr'>invitis·</span> 
     </span>
     <span class='ocr_line' id='line_1_3' title="bbox 637 629 2770 731; baseline 0.002 -23"><span class='ocrx_word' id='word_1_12' title='bbox 637 639 901 709; x_wconf 88' lang='lat' dir='ltr'>simum</span> <span class='ocrx_word' id='word_1_13' title='bbox 935 632 1236 728; x_wconf 87' lang='lat' dir='ltr'>fecisse),</span> <span class='ocrx_word' id='word_1_14' title='bbox 1263 629 1337 702; x_wconf 93' lang='lat' dir='ltr'>id</span> <span class='ocrx_word' id='word_1_15' title='bbox 1366 629 1619 702; x_wconf 89' lang='lat' dir='ltr'>fecisse</span> <span class='ocrx_word' id='word_1_16' title='bbox 1640 642 1701 676; x_wconf 86' lang='lat'>¹⁰</span> <span class='ocrx_word' id='word_1_17' title='bbox 1732 631 2039 719; x_wconf 86' lang='lat' dir='ltr'>aliorum</span> <span class='ocrx_word' id='word_1_18' title='bbox 2077 635 2416 725; x_wconf 87' lang='lat' dir='ltr'>consilio,</span> <span class='ocrx_word' id='word_1_19' title='bbox 2437 636 2728 725; x_wconf 83' lang='lat' dir='ltr'>hortatu</span> <span class='ocrx_word' id='word_1_20' title='bbox 2747 695 2770 731; x_wconf 91' lang='lat'>,</span> 
     </span>
     <span class='ocr_line' id='line_1_4' title="bbox 636 739 2770 845; baseline 0 -26"><span class='ocrx_word' id='word_1_21' title='bbox 636 746 1058 819; x_wconf 87' lang='lat' dir='ltr'>auctoritate</span> <span class='ocrx_word' id='word_1_22' title='bbox 1083 772 1099 815; x_wconf 74' lang='grc' dir='ltr'><strong><em>ε</em></strong></span> <span class='ocrx_word' id='word_1_23' title='bbox 1124 742 1325 841; x_wconf 89' lang='lat' dir='ltr'>quod</span> <span class='ocrx_word' id='word_1_24' title='bbox 1359 739 1621 812; x_wconf 85' lang='lat' dir='ltr'>fuerim</span> <span class='ocrx_word' id='word_1_25' title='bbox 1647 742 2085 815; x_wconf 85' lang='lat' dir='ltr'>moderatior</span> <span class='ocrx_word' id='word_1_26' title='bbox 2108 749 2725 845; x_wconf 84' lang='lat' dir='ltr'>temperatiorque</span> <span class='ocrx_word' id='word_1_27' title='bbox 2748 804 2770 839; x_wconf 90' lang='lat'>,</span> 
     </span>
     <span class='ocr_line' id='line_1_5' title="bbox 635 851 2769 954; baseline 0.002 -25"><span class='ocrx_word' id='word_1_28' title='bbox 635 883 849 954; x_wconf 89' lang='lat' dir='ltr'>quam</span> <span class='ocrx_word' id='word_1_29' title='bbox 893 858 969 927; x_wconf 91' lang='lat' dir='ltr'>in</span> <span class='ocrx_word' id='word_1_30' title='bbox 1013 879 1095 927; x_wconf 89' lang='lat' dir='ltr'>ea</span> <span class='ocrx_word' id='word_1_31' title='bbox 1144 868 1345 953; x_wconf 87' lang='lat' dir='ltr'>parte</span> <span class='ocrx_word' id='word_1_32' title='bbox 1394 856 1822 949; x_wconf 87' lang='lat' dir='ltr'>quisquam,</span> <span class='ocrx_word' id='word_1_33' title='bbox 1886 851 1960 924; x_wconf 90' lang='lat' dir='ltr'>id</span> <span class='ocrx_word' id='word_1_34' title='bbox 2003 879 2118 928; x_wconf 87' lang='lat' dir='ltr'>me</span> <span class='ocrx_word' id='word_1_35' title='bbox 2163 855 2413 941; x_wconf 71' lang='lat' dir='ltr'>fecisse</span> <span class='ocrx_word' id='word_1_36' title='bbox 2453 864 2769 943; x_wconf 81' lang='lat' dir='ltr'>maxime</span> 
     </span>
     <span class='ocr_line' id='line_1_6' title="bbox 635 963 2768 1064; baseline -0.002 -22"><span class='ocrx_word' id='word_1_37' title='bbox 635 969 1061 1041; x_wconf 88' lang='lat' dir='ltr'>auctoritate</span> <span class='ocrx_word' id='word_1_38' title='bbox 1084 965 1498 1062; x_wconf 84' lang='lat' dir='ltr'>Capitonis3</span> <span class='ocrx_word' id='word_1_39' title='bbox 1544 963 1750 1058; x_wconf 87' lang='lat' dir='ltr'>cujus</span> <span class='ocrx_word' id='word_1_40' title='bbox 1777 964 2042 1036; x_wconf 86' lang='lat' dir='ltr'>similes</span> <span class='ocrx_word' id='word_1_41' title='bbox 2078 969 2132 1036; x_wconf 87' lang='lat' dir='ltr'>si</span> <span class='ocrx_word' id='word_1_42' title='bbox 2171 966 2489 1064; x_wconf 88' lang='lat' dir='ltr'>reliquos</span> <span class='ocrx_word' id='word_1_43' title='bbox 2516 996 2768 1047; x_wconf 83' lang='lat' dir='ltr'>neces-</span> 
     </span>
     <span class='ocr_line' id='line_1_7' title="bbox 632 1072 2768 1172; baseline -0.001 -19"><span class='ocrx_word' id='word_1_44' title='bbox 632 1082 855 1153; x_wconf 85' lang='lat' dir='ltr'>sarios</span> <span class='ocrx_word' id='word_1_45' title='bbox 892 1077 1344 1163; x_wconf 85' lang='lat' dir='ltr'>habuissem,</span> <span class='ocrx_word' id='word_1_46' title='bbox 1379 1072 1794 1172; x_wconf 70' lang='lat' dir='ltr'>reipublicae</span> <span class='ocrx_word' id='word_1_47' title='bbox 1830 1072 2135 1147; x_wconf 81' lang='lat' dir='ltr'>fortasse</span> <span class='ocrx_word' id='word_1_48' title='bbox 2166 1078 2542 1166; x_wconf 88' lang='lat' dir='ltr'>nonnihil,</span> <span class='ocrx_word' id='word_1_49' title='bbox 2584 1080 2768 1157; x_wconf 79' lang='lat' dir='ltr'>mihi</span> 
     </span>
     <span class='ocr_line' id='line_1_8' title="bbox 629 1182 1751 1288; baseline -0.007 -25"><span class='ocrx_word' id='word_1_50' title='bbox 629 1206 826 1263; x_wconf 90' lang='lat' dir='ltr'>certe</span> <span class='ocrx_word' id='word_1_51' title='bbox 863 1188 1260 1288; x_wconf 81' lang='lat' dir='ltr'>plurimum</span> <span class='ocrx_word' id='word_1_52' title='bbox 1299 1182 1751 1283; x_wconf 82' lang='lat' dir='ltr'>profuissem.</span> 
     </span>
    </p>

    <p class='ocr_par' dir='ltr' id='par_1_3' title="bbox 627 1293 2771 1838">
     <span class='ocr_line' id='line_1_9' title="bbox 727 1293 2770 1386; baseline 0.002 -15"><span class='ocrx_word' id='word_1_53' title='bbox 727 1307 929 1372; x_wconf 87' lang='lat' dir='ltr'>Hanc</span> <span class='ocrx_word' id='word_1_54' title='bbox 972 1321 1166 1384; x_wconf 90' lang='lat' dir='ltr'>rem,</span> <span class='ocrx_word' id='word_1_55' title='bbox 1227 1298 1326 1366; x_wconf 91' lang='lat' dir='ltr'>mi</span> <span class='ocrx_word' id='word_1_56' title='bbox 1372 1296 1660 1382; x_wconf 86' lang='lat' dir='ltr'>Plance,</span> <span class='ocrx_word' id='word_1_57' title='bbox 1706 1299 1765 1367; x_wconf 92' lang='lat' dir='ltr'>si</span> <span class='ocrx_word' id='word_1_58' title='bbox 1809 1293 2171 1386; x_wconf 75' lang='lat' dir='ltr'>effeceriS‚</span> <span class='ocrx_word' id='word_1_59' title='bbox 2222 1322 2455 1381; x_wconf 81' lang='lat' dir='ltr'>meam</span> <span class='ocrx_word' id='word_1_60' title='bbox 2503 1300 2596 1373; x_wconf 89' lang='lat' dir='ltr'>de</span> <span class='ocrx_word' id='word_1_61' title='bbox 2638 1316 2770 1375; x_wconf 85' lang='lat' dir='ltr'>tua</span> 
     </span>
     <span class='ocr_line' id='line_1_10' title="bbox 631 1405 2771 1509; baseline -0 -27"><span class='ocrx_word' id='word_1_62' title='bbox 631 1435 799 1508; x_wconf 90' lang='lat' dir='ltr'>erga</span> <span class='ocrx_word' id='word_1_63' title='bbox 836 1433 955 1480; x_wconf 91' lang='lat' dir='ltr'>me</span> <span class='ocrx_word' id='word_1_64' title='bbox 989 1406 1480 1479; x_wconf 89' lang='lat' dir='ltr'>benivolentia</span> <span class='ocrx_word' id='word_1_65' title='bbox 1516 1430 1720 1505; x_wconf 83' lang='lat' dir='ltr'>spem</span> <span class='ocrx_word' id='word_1_66' title='bbox 1759 1405 2328 1497; x_wconf 85' lang='lat' dir='ltr'>confirmaveris;</span> <span class='ocrx_word' id='word_1_67' title='bbox 2356 1412 2594 1509; x_wconf 88' lang='lat' dir='ltr'>ipsum</span> <span class='ocrx_word' id='word_1_68' title='bbox 2626 1417 2771 1486; x_wconf 86' lang='lat' dir='ltr'>Ca-</span> 
     </span>
     <span class='ocr_line' id='line_1_11' title="bbox 629 1516 2770 1621; baseline 0.003 -30"><span class='ocrx_word' id='word_1_69' title='bbox 629 1527 991 1621; x_wconf 88' lang='lat' dir='ltr'>pitonem,</span> <span class='ocrx_word' id='word_1_70' title='bbox 1017 1519 1497 1619; x_wconf 84' lang='lat' dir='ltr'>gratissimum</span> <span class='ocrx_word' id='word_1_71' title='bbox 1521 1572 1540 1605; x_wconf 89' lang='lat'><strong><em>‚</em></strong></span> <span class='ocrx_word' id='word_1_72' title='bbox 1581 1516 2222 1610; x_wconf 87' lang='lat' dir='ltr'>officiosissimum,</span> <span class='ocrx_word' id='word_1_73' title='bbox 2261 1524 2617 1619; x_wconf 87' lang='lat' dir='ltr'>optimum</span> <span class='ocrx_word' id='word_1_74' title='bbox 2653 1526 2770 1597; x_wconf 85' lang='lat' dir='ltr'>vi-</span> 
     </span>
     <span class='ocr_line' id='line_1_12' title="bbox 629 1628 2770 1717; baseline 0.002 -15"><span class='ocrx_word' id='word_1_75' title='bbox 629 1656 794 1703; x_wconf 92' lang='lat' dir='ltr'>rum</span> <span class='ocrx_word' id='word_1_76' title='bbox 816 1686 836 1717; x_wconf 86' lang='lat'>,</span> <span class='ocrx_word' id='word_1_77' title='bbox 879 1628 969 1702; x_wconf 89' lang='lat' dir='ltr'>ad</span> <span class='ocrx_word' id='word_1_78' title='bbox 1016 1643 1213 1701; x_wconf 88' lang='lat' dir='ltr'>tuam</span> <span class='ocrx_word' id='word_1_79' title='bbox 1253 1628 1858 1701; x_wconf 90' lang='lat' dir='ltr'>necessitudinem</span> <span class='ocrx_word' id='word_1_80' title='bbox 1900 1644 2033 1705; x_wconf 91' lang='lat' dir='ltr'>tuo</span> <span class='ocrx_word' id='word_1_81' title='bbox 2076 1655 2362 1715; x_wconf 82' lang='lat' dir='ltr'>summo</span> <span class='ocrx_word' id='word_1_82' title='bbox 2405 1631 2770 1709; x_wconf 84' lang='lat' dir='ltr'>beneficio</span> 
     </span>
     <span class='ocr_line' id='line_1_13' title="bbox 627 1742 1060 1838; baseline -0.009 -24"><span class='ocrx_word' id='word_1_83' title='bbox 627 1742 1060 1838; x_wconf 70' lang='lat' dir='ltr'>adjunxeris».</span> 
     </span>
    </p>
   </div>
   <div class='ocr_carea' id='block_1_3' title="bbox 707 1919 2270 1986">
    <p class='ocr_par' dir='ltr' id='par_1_4' title="bbox 707 1919 2270 1986">
     <span class='ocr_line' id='line_1_14' title="bbox 707 1919 2270 1986; baseline 0 -14"><span class='ocrx_word' id='word_1_84' title='bbox 707 1941 728 1972; x_wconf 70' lang='grc' dir='ltr'><strong><em>ι</em></strong></span> <span class='ocrx_word' id='word_1_85' title='bbox 744 1940 793 1973; x_wconf 84' lang='lat'><strong>1.</strong></span> <span class='ocrx_word' id='word_1_86' title='bbox 826 1921 951 1983; x_wconf 72' lang='lat' dir='ltr'>Alii,</span> <span class='ocrx_word' id='word_1_87' title='bbox 966 1919 1089 1985; x_wconf 78' lang='lat' dir='ltr'>feci.</span> <span class='ocrx_word' id='word_1_88' title='bbox 1109 1920 1332 1969; x_wconf 75' lang='lat' dir='ltr'>Lambini</span> <span class='ocrx_word' id='word_1_89' title='bbox 1359 1919 1749 1972; x_wconf 79' lang='lat' dir='ltr'>emendationem</span> <span class='ocrx_word' id='word_1_90' title='bbox 1775 1922 2037 1986; x_wconf 75' lang='lat' dir='ltr'>sequimur.</span> <span class='ocrx_word' id='word_1_91' title='bbox 2056 1925 2110 1974; x_wconf 81' lang='lat' dir='ltr'><strong>J.</strong></span> <span class='ocrx_word' id='word_1_92' title='bbox 2125 1927 2192 1975; x_wconf 77' lang='lat' dir='ltr'><strong>V.</strong></span> <span class='ocrx_word' id='word_1_93' title='bbox 2215 1927 2270 1972; x_wconf 85' lang='lat'>1..</span> 
     </span>
    </p>
   </div>
   <div class='ocr_carea' id='block_1_4' title="bbox 1453 2099 1728 2119">
    <p class='ocr_par' dir='ltr' id='par_1_5' title="bbox 1453 2099 1728 2119">
     <span class='ocr_line' id='line_1_15' title="bbox 1453 2099 1728 2119; baseline 0 2654"><span class='ocrx_word' id='word_1_94' title='bbox 1453 2099 1728 2119; x_wconf 95' lang='lat' dir='ltr'> </span> 
     </span>
    </p>
   </div>
   <div class='ocr_carea' id='block_1_5' title="bbox 900 2101 1175 2121">
    <p class='ocr_par' dir='ltr' id='par_1_6' title="bbox 900 2101 1175 2121">
     <span class='ocr_line' id='line_1_16' title="bbox 900 2101 1175 2121; baseline 0 2652"><span class='ocrx_word' id='word_1_95' title='bbox 900 2101 1175 2121; x_wconf 95' lang='lat' dir='ltr'> </span> 
     </span>
    </p>
   </div>
   <div class='ocr_carea' id='block_1_6' title="bbox 626 2100 2752 2127">
    <p class='ocr_par' dir='ltr' id='par_1_7' title="bbox 626 2100 2752 2127">
     <span class='ocr_line' id='line_1_17' title="bbox 626 2100 2752 2127; baseline 0.002 -4"><span class='ocrx_word' id='word_1_96' title='bbox 626 2103 899 2123; x_wconf 63' lang='lat' dir='ltr'>mm</span> <span class='ocrx_word' id='word_1_97' title='bbox 1175 2100 1450 2120; x_wconf 63' lang='lat' dir='ltr'>mm</span> <span class='ocrx_word' id='word_1_98' title='bbox 2280 2102 2752 2127; x_wconf 62' lang='lat' dir='ltr'>mm</span> 
     </span>
    </p>
   </div>
   <div class='ocr_carea' id='block_1_7' title="bbox 1216 2273 2159 2355">
    <p class='ocr_par' dir='ltr' id='par_1_8' title="bbox 1216 2273 2159 2355">
     <span class='ocr_line' id='line_1_18' title="bbox 1216 2273 2159 2355; baseline -0.002 0"><span class='ocrx_word' id='word_1_99' title='bbox 1216 2273 1826 2355; x_wconf 89' lang='lat' dir='ltr'><strong>EPISTOLA</strong></span> <span class='ocrx_word' id='word_1_100' title='bbox 1879 2277 2159 2353; x_wconf 90' lang='lat' dir='ltr'><strong>XXX.</strong></span> 
     </span>
    </p>
   </div>
   <div class='ocr_carea' id='block_1_8' title="bbox 626 2430 2770 2601">
    <p class='ocr_par' dir='ltr' id='par_1_9' title="bbox 626 2430 2770 2601">
     <span class='ocr_line' id='line_1_19' title="bbox 626 2430 2770 2511; baseline 0.001 -16"><span class='ocrx_word' id='word_1_101' title='bbox 626 2440 694 2495; x_wconf 93' lang='lat' dir='ltr'>L.</span> <span class='ocrx_word' id='word_1_102' title='bbox 734 2435 1020 2493; x_wconf 86' lang='lat' dir='ltr'>Manlium</span> <span class='ocrx_word' id='word_1_103' title='bbox 1069 2433 1130 2491; x_wconf 90' lang='lat' dir='ltr'>in</span> <span class='ocrx_word' id='word_1_104' title='bbox 1175 2433 1430 2491; x_wconf 83' lang='lat' dir='ltr'>fraterna</span> <span class='ocrx_word' id='word_1_105' title='bbox 1472 2430 1795 2490; x_wconf 85' lang='lat' dir='ltr'>hereditate</span> <span class='ocrx_word' id='word_1_106' title='bbox 1846 2431 2229 2492; x_wconf 78' lang='lat' dir='ltr'>commendat.</span> <span class='ocrx_word' id='word_1_107' title='bbox 2284 2433 2558 2511; x_wconf 68' lang='lat' dir='ltr'>(Rom,</span> <span class='ocrx_word' id='word_1_108' title='bbox 2604 2455 2770 2497; x_wconf 82' lang='lat' dir='ltr'>anno</span> 
     </span>
     <span class='ocr_line' id='line_1_20' title="bbox 1511 2522 1870 2601; baseline -0.011 -17"><span class='ocrx_word' id='word_1_109' title='bbox 1511 2528 1586 2584; x_wconf 89' lang='lat' dir='ltr'><strong>U.</strong></span> <span class='ocrx_word' id='word_1_110' title='bbox 1618 2529 1682 2586; x_wconf 92' lang='lat' dir='ltr'><strong>C.</strong></span> <span class='ocrx_word' id='word_1_111' title='bbox 1710 2522 1870 2601; x_wconf 90' lang='lat'><strong>707.)</strong></span> 
     </span>
    </p>
   </div>
   <div class='ocr_carea' id='block_1_9' title="bbox 1053 2690 2338 2757">
    <p class='ocr_par' dir='ltr' id='par_1_10' title="bbox 1053 2690 2338 2757">
     <span class='ocr_line' id='line_1_21' title="bbox 1053 2690 2338 2757; baseline 0 -2"><span class='ocrx_word' id='word_1_112' title='bbox 1053 2691 1146 2755; x_wconf 90' lang='lat' dir='ltr'>M.</span> <span class='ocrx_word' id='word_1_113' title='bbox 1183 2690 1261 2754; x_wconf 89' lang='lat' dir='ltr'>T.</span> <span class='ocrx_word' id='word_1_114' title='bbox 1299 2690 1374 2753; x_wconf 92' lang='lat' dir='ltr'><strong>C.</strong></span> <span class='ocrx_word' id='word_1_115' title='bbox 1421 2690 1711 2754; x_wconf 89' lang='lat' dir='ltr'>ACILIO</span> <span class='ocrx_word' id='word_1_116' title='bbox 1757 2690 2004 2756; x_wconf 89' lang='lat' dir='ltr'><strong>PROC.</strong></span> <span class='ocrx_word' id='word_1_117' title='bbox 2042 2692 2105 2757; x_wconf 93' lang='lat' dir='ltr'>S.</span> <span class='ocrx_word' id='word_1_118' title='bbox 2143 2692 2212 2757; x_wconf 87' lang='lat' dir='ltr'>P.</span> <span class='ocrx_word' id='word_1_119' title='bbox 2259 2693 2338 2756; x_wconf 94' lang='lat' dir='ltr'>D.</span> 
     </span>
    </p>
   </div>
   <div class='ocr_carea' id='block_1_10' title="bbox 620 2828 2772 3371">
    <p class='ocr_par' dir='ltr' id='par_1_11' title="bbox 620 2828 2772 3371">
     <span class='ocr_line' id='line_1_22' title="bbox 720 2828 2772 2926; baseline 0 -19"><span class='ocrx_word' id='word_1_120' title='bbox 720 2840 798 2909; x_wconf 92' lang='lat' dir='ltr'>L.</span> <span class='ocrx_word' id='word_1_121' title='bbox 844 2838 1179 2905; x_wconf 60' lang='lat' dir='ltr'>Mamaos</span> <span class='ocrx_word' id='word_1_122' title='bbox 1220 2845 1331 2902; x_wconf 88' lang='lat' dir='ltr'>est</span> <span class='ocrx_word' id='word_1_123' title='bbox 1364 2833 1563 2902; x_wconf 88' lang='lat' dir='ltr'>Sosis</span> <span class='ocrx_word' id='word_1_124' title='bbox 1589 2841 1637 2900; x_wconf 88' lang='lat'>¹.</span> <span class='ocrx_word' id='word_1_125' title='bbox 1677 2835 1745 2901; x_wconf 91' lang='lat' dir='ltr'>Is</span> <span class='ocrx_word' id='word_1_126' title='bbox 1780 2828 1919 2902; x_wconf 87' lang='lat' dir='ltr'>fuit</span> <span class='ocrx_word' id='word_1_127' title='bbox 1947 2833 2429 2922; x_wconf 76' lang='lat' dir='ltr'>Catinensis23</span> <span class='ocrx_word' id='word_1_128' title='bbox 2455 2833 2581 2907; x_wconf 90' lang='lat' dir='ltr'>sed</span> <span class='ocrx_word' id='word_1_129' title='bbox 2616 2851 2772 2926; x_wconf 89' lang='lat' dir='ltr'>est,</span> 
     </span>
     <span class='ocr_line' id='line_1_23' title="bbox 620 2941 2767 3040; baseline 0 -22"><span class='ocrx_word' id='word_1_130' title='bbox 620 2969 768 3019; x_wconf 90' lang='lat' dir='ltr'>una</span> <span class='ocrx_word' id='word_1_131' title='bbox 796 2968 964 3016; x_wconf 89' lang='lat' dir='ltr'>cum</span> <span class='ocrx_word' id='word_1_132' title='bbox 1000 2943 1295 3040; x_wconf 88' lang='lat' dir='ltr'>reliquis</span> <span class='ocrx_word' id='word_1_133' title='bbox 1331 2941 1825 3038; x_wconf 88' lang='lat' dir='ltr'>Neapolitanis</span> <span class='ocrx_word' id='word_1_134' title='bbox 1847 2996 1866 3030; x_wconf 94' lang='lat'>,</span> <span class='ocrx_word' id='word_1_135' title='bbox 1901 2946 2076 3014; x_wconf 87' lang='lat' dir='ltr'>civis</span> <span class='ocrx_word' id='word_1_136' title='bbox 2113 2968 2455 3015; x_wconf 89' lang='lat' dir='ltr'>romanus</span> <span class='ocrx_word' id='word_1_137' title='bbox 2483 2944 2717 3018; x_wconf 88' lang='lat' dir='ltr'>factus</span> <span class='ocrx_word' id='word_1_138' title='bbox 2744 3002 2767 3034; x_wconf 90' lang='lat'>,</span> 
     </span>
     <span class='ocr_line' id='line_1_24' title="bbox 622 3049 2768 3152; baseline -0.001 -24"><span class='ocrx_word' id='word_1_139' title='bbox 622 3052 1413 3152; x_wconf 83' lang='lat' dir='ltr'>decurioqueNeapoli.</span> <span class='ocrx_word' id='word_1_140' title='bbox 1439 3056 1609 3122; x_wconf 86' lang='lat' dir='ltr'>Erat</span> <span class='ocrx_word' id='word_1_141' title='bbox 1646 3052 1841 3122; x_wconf 89' lang='lat' dir='ltr'>enim</span> <span class='ocrx_word' id='word_1_142' title='bbox 1865 3049 1892 3095; x_wconf 80' lang='lat'>³</span> <span class='ocrx_word' id='word_1_143' title='bbox 1933 3052 2336 3151; x_wconf 87' lang='lat' dir='ltr'>adscriptus</span> <span class='ocrx_word' id='word_1_144' title='bbox 2374 3056 2448 3126; x_wconf 87' lang='lat' dir='ltr'>in</span> <span class='ocrx_word' id='word_1_145' title='bbox 2481 3055 2552 3140; x_wconf 87' lang='lat' dir='ltr'>id</span> <span class='ocrx_word' id='word_1_146' title='bbox 2591 3082 2768 3127; x_wconf 88' lang='lat' dir='ltr'>mu-</span> 
     </span>
     <span class='ocr_line' id='line_1_25' title="bbox 620 3164 2772 3264; baseline 0.001 -26"><span class='ocrx_word' id='word_1_147' title='bbox 620 3169 971 3264; x_wconf 88' lang='lat' dir='ltr'>nicipium</span> <span class='ocrx_word' id='word_1_148' title='bbox 1003 3180 1169 3237; x_wconf 87' lang='lat' dir='ltr'>ante</span> <span class='ocrx_word' id='word_1_149' title='bbox 1214 3167 1575 3234; x_wconf 89' lang='lat' dir='ltr'>civitatem</span> <span class='ocrx_word' id='word_1_150' title='bbox 1613 3164 1825 3235; x_wconf 90' lang='lat' dir='ltr'>sociis</span> <span class='ocrx_word' id='word_1_151' title='bbox 1863 3177 1934 3235; x_wconf 89' lang='lat' dir='ltr'>et</span> <span class='ocrx_word' id='word_1_152' title='bbox 1975 3166 2244 3236; x_wconf 90' lang='lat' dir='ltr'>Latinis</span> <span class='ocrx_word' id='word_1_153' title='bbox 2288 3166 2547 3236; x_wconf 88' lang='lat' dir='ltr'>datam.</span> <span class='ocrx_word' id='word_1_154' title='bbox 2585 3167 2772 3261; x_wconf 86' lang='lat' dir='ltr'>Ejus</span> 
     </span>
     <span class='ocr_line' id='line_1_26' title="bbox 624 3275 2772 3371; baseline -0 -21"><span class='ocrx_word' id='word_1_155' title='bbox 624 3277 846 3350; x_wconf 86' lang='lat' dir='ltr'>frater</span> <span class='ocrx_word' id='word_1_156' title='bbox 881 3279 1149 3349; x_wconf 81' lang='lat' dir='ltr'>Catinae</span> <span class='ocrx_word' id='word_1_157' title='bbox 1186 3295 1424 3371; x_wconf 88' lang='lat' dir='ltr'>nuper</span> <span class='ocrx_word' id='word_1_158' title='bbox 1454 3289 1791 3347; x_wconf 88' lang='lat' dir='ltr'>mortuus</span> <span class='ocrx_word' id='word_1_159' title='bbox 1828 3289 1952 3346; x_wconf 88' lang='lat' dir='ltr'>est.</span> <span class='ocrx_word' id='word_1_160' title='bbox 1988 3275 2274 3349; x_wconf 88' lang='lat' dir='ltr'>Nullam</span> <span class='ocrx_word' id='word_1_161' title='bbox 2313 3280 2613 3347; x_wconf 87' lang='lat' dir='ltr'>omnino</span> <span class='ocrx_word' id='word_1_162' title='bbox 2651 3301 2772 3349; x_wconf 83' lang='lat' dir='ltr'>ar·</span> 
     </span>
    </p>
   </div>
   <div class='ocr_carea' id='block_1_11' title="bbox 617 3478 2774 4186">
    <p class='ocr_par' dir='ltr' id='par_1_12' title="bbox 617 3478 2774 4103">
     <span class='ocr_line' id='line_1_27' title="bbox 696 3478 2774 3547; baseline 0.001 -15"><span class='ocrx_word' id='word_1_163' title='bbox 696 3501 742 3534; x_wconf 85' lang='lat'><strong>1.</strong></span> <span class='ocrx_word' id='word_1_164' title='bbox 759 3484 901 3533; x_wconf 76' lang='lat' dir='ltr'>Sosis.</span> <span class='ocrx_word' id='word_1_165' title='bbox 915 3485 1001 3532; x_wconf 81' lang='lat' dir='ltr'>Est</span> <span class='ocrx_word' id='word_1_166' title='bbox 1018 3480 1234 3531; x_wconf 86' lang='lat' dir='ltr'>Siculum</span> <span class='ocrx_word' id='word_1_167' title='bbox 1250 3478 1426 3526; x_wconf 74' lang='lat' dir='ltr'>Manlii</span> <span class='ocrx_word' id='word_1_168' title='bbox 1444 3495 1642 3540; x_wconf 89' lang='lat' dir='ltr'>nomen,</span> <span class='ocrx_word' id='word_1_169' title='bbox 1730 3496 1932 3544; x_wconf 79' lang='lat' dir='ltr'>enqusm</span> <span class='ocrx_word' id='word_1_170' title='bbox 1958 3480 2011 3527; x_wconf 91' lang='lat' dir='ltr'>in</span> <span class='ocrx_word' id='word_1_171' title='bbox 2041 3479 2358 3545; x_wconf 87' lang='lat' dir='ltr'>municipium</span> <span class='ocrx_word' id='word_1_172' title='bbox 2380 3483 2774 3547; x_wconf 72' lang='lat' dir='ltr'>Neapolitanum</span> 
     </span>
     <span class='ocr_line' id='line_1_28' title="bbox 620 3549 2771 3630; baseline -0 -16"><span class='ocrx_word' id='word_1_173' title='bbox 620 3564 753 3630; x_wconf 87' lang='lat' dir='ltr'>quod</span> <span class='ocrx_word' id='word_1_174' title='bbox 783 3564 941 3612; x_wconf 86' lang='lat' dir='ltr'>solum</span> <span class='ocrx_word' id='word_1_175' title='bbox 964 3563 1135 3612; x_wconf 80' lang='lat' dir='ltr'>habuit</span> <span class='ocrx_word' id='word_1_176' title='bbox 1160 3571 1417 3624; x_wconf 69' lang='lat' dir='ltr'>antequam</span> <span class='ocrx_word' id='word_1_177' title='bbox 1446 3561 1643 3607; x_wconf 74' lang='lat' dir='ltr'>civitate</span> <span class='ocrx_word' id='word_1_178' title='bbox 1730 3561 2005 3623; x_wconf 73' lang='lat' dir='ltr'>adscriptus</span> <span class='ocrx_word' id='word_1_179' title='bbox 2050 3571 2140 3607; x_wconf 81' lang='lat' dir='ltr'>est.</span> <span class='ocrx_word' id='word_1_180' title='bbox 2191 3549 2326 3608; x_wconf 50' lang='lat' dir='ltr'>cibis</span> <span class='ocrx_word' id='word_1_181' title='bbox 2378 3563 2505 3609; x_wconf 84' lang='lat' dir='ltr'>enim</span> <span class='ocrx_word' id='word_1_182' title='bbox 2554 3563 2771 3613; x_wconf 82' lang='lat' dir='ltr'>duarum</span> 
     </span>
     <span class='ocr_line' id='line_1_29' title="bbox 623 3639 2659 3707; baseline -0.001 -15"><span class='ocrx_word' id='word_1_183' title='bbox 623 3645 904 3692; x_wconf 70' lang='lat' dir='ltr'>donaretur.</span> <span class='ocrx_word' id='word_1_184' title='bbox 929 3643 1031 3706; x_wconf 85' lang='lat' dir='ltr'>Qui</span> <span class='ocrx_word' id='word_1_185' title='bbox 1059 3644 1189 3690; x_wconf 87' lang='lat' dir='ltr'>enim</span> <span class='ocrx_word' id='word_1_186' title='bbox 1214 3640 1457 3707; x_wconf 81' lang='lat' dir='ltr'>peregrini</span> <span class='ocrx_word' id='word_1_187' title='bbox 1484 3655 1644 3687; x_wconf 80' lang='lat' dir='ltr'>roma·</span> <span class='ocrx_word' id='word_1_188' title='bbox 1731 3639 1990 3686; x_wconf 73' lang='lat' dir='ltr'>civitatum</span> <span class='ocrx_word' id='word_1_189' title='bbox 2019 3655 2121 3686; x_wconf 87' lang='lat' dir='ltr'>esse</span> <span class='ocrx_word' id='word_1_190' title='bbox 2150 3656 2295 3688; x_wconf 88' lang='lat' dir='ltr'>nemo</span> <span class='ocrx_word' id='word_1_191' title='bbox 2315 3651 2493 3704; x_wconf 78' lang='lat' dir='ltr'>potest.</span> <span class='ocrx_word' id='word_1_192' title='bbox 2519 3644 2659 3689; x_wconf 70' lang='lat' dir='ltr'><strong>Mu.</strong></span> 
     </span>
     <span class='ocr_line' id='line_1_30' title="bbox 620 3717 2771 3786; baseline -0.001 -14"><span class='ocrx_word' id='word_1_193' title='bbox 620 3740 735 3772; x_wconf 77' lang='lat' dir='ltr'>nam</span> <span class='ocrx_word' id='word_1_194' title='bbox 769 3723 1016 3771; x_wconf 68' lang='lat' dir='ltr'>civitatem</span> <span class='ocrx_word' id='word_1_195' title='bbox 1043 3721 1446 3786; x_wconf 64' lang='lat' dir='ltr'>assequebantur,</span> <span class='ocrx_word' id='word_1_196' title='bbox 1473 3736 1644 3768; x_wconf 88' lang='lat' dir='ltr'>eorum</span> <span class='ocrx_word' id='word_1_197' title='bbox 1804 3719 1854 3767; x_wconf 84' lang='lat'><strong>3.</strong></span> <span class='ocrx_word' id='word_1_198' title='bbox 1886 3720 2010 3766; x_wconf 82' lang='lat' dir='ltr'>Erat</span> <span class='ocrx_word' id='word_1_199' title='bbox 2032 3717 2176 3767; x_wconf 78' lang='lat' dir='ltr'>enim.</span> <span class='ocrx_word' id='word_1_200' title='bbox 2202 3720 2457 3767; x_wconf 72' lang='lat' dir='ltr'>Rationem</span> <span class='ocrx_word' id='word_1_201' title='bbox 2478 3721 2771 3783; x_wconf 62' lang='lat' dir='ltr'>assemque»</span> 
     </span>
     <span class='ocr_line' id='line_1_31' title="bbox 617 3796 2771 3865; baseline 0 -14"><span class='ocrx_word' id='word_1_202' title='bbox 617 3802 924 3851; x_wconf 75' lang='lat' dir='ltr'>assumebant</span> <span class='ocrx_word' id='word_1_203' title='bbox 944 3810 991 3847; x_wconf 77' lang='lat' dir='ltr'>et</span> <span class='ocrx_word' id='word_1_204' title='bbox 1014 3802 1402 3865; x_wconf 74' lang='lat' dir='ltr'>praenomina,et</span> <span class='ocrx_word' id='word_1_205' title='bbox 1421 3800 1640 3859; x_wconf 76' lang='lat' dir='ltr'>nomina,</span> <span class='ocrx_word' id='word_1_206' title='bbox 1730 3796 1909 3855; x_wconf 88' lang='lat' dir='ltr'>modo,</span> <span class='ocrx_word' id='word_1_207' title='bbox 1939 3798 2208 3846; x_wconf 78' lang='lat' dir='ltr'>Catinensis</span> <span class='ocrx_word' id='word_1_208' title='bbox 2239 3815 2391 3861; x_wconf 88' lang='lat' dir='ltr'>quum</span> <span class='ocrx_word' id='word_1_209' title='bbox 2428 3800 2600 3859; x_wconf 83' lang='lat' dir='ltr'>fuerit,</span> <span class='ocrx_word' id='word_1_210' title='bbox 2633 3799 2771 3852; x_wconf 76' lang='lat' dir='ltr'>civis</span> 
     </span>
     <span class='ocr_line' id='line_1_32' title="bbox 618 3875 2766 3946; baseline -0.002 -16"><span class='ocrx_word' id='word_1_211' title='bbox 618 3899 829 3946; x_wconf 87' lang='lat' dir='ltr'>quorum</span> <span class='ocrx_word' id='word_1_212' title='bbox 861 3896 1008 3946; x_wconf 74' lang='lat' dir='ltr'>opera</span> <span class='ocrx_word' id='word_1_213' title='bbox 1045 3889 1095 3926; x_wconf 83' lang='lat' dir='ltr'>et</span> <span class='ocrx_word' id='word_1_214' title='bbox 1125 3878 1365 3927; x_wconf 81' lang='lat' dir='ltr'>beneflcio</span> <span class='ocrx_word' id='word_1_215' title='bbox 1402 3880 1533 3926; x_wconf 84' lang='lat' dir='ltr'>cives</span> <span class='ocrx_word' id='word_1_216' title='bbox 1567 3894 1643 3926; x_wconf 85' lang='lat' dir='ltr'>ro-</span> <span class='ocrx_word' id='word_1_217' title='bbox 1729 3891 1958 3924; x_wconf 81' lang='lat' dir='ltr'>romanus</span> <span class='ocrx_word' id='word_1_218' title='bbox 2000 3875 2156 3924; x_wconf 78' lang='lat' dir='ltr'>faetus</span> <span class='ocrx_word' id='word_1_219' title='bbox 2209 3879 2290 3929; x_wconf 83' lang='lat' dir='ltr'>sit.</span> <span class='ocrx_word' id='word_1_220' title='bbox 2346 3881 2460 3941; x_wconf 88' lang='lat' dir='ltr'>Quo</span> <span class='ocrx_word' id='word_1_221' title='bbox 2505 3889 2766 3945; x_wconf 78' lang='lat' dir='ltr'>tempore,</span> 
     </span>
     <span class='ocr_line' id='line_1_33' title="bbox 617 3957 2769 4021; baseline 0.002 -12"><span class='ocrx_word' id='word_1_222' title='bbox 617 3962 748 4010; x_wconf 73' lang='lat' dir='ltr'>mani</span> <span class='ocrx_word' id='word_1_223' title='bbox 772 3961 890 4009; x_wconf 73' lang='lat' dir='ltr'>facti</span> <span class='ocrx_word' id='word_1_224' title='bbox 915 3970 1048 4008; x_wconf 71' lang='lat' dir='ltr'>erant</span> <span class='ocrx_word' id='word_1_225' title='bbox 1065 3993 1079 4017; x_wconf 92' lang='lat'>,</span> <span class='ocrx_word' id='word_1_226' title='bbox 1100 3969 1260 4007; x_wconf 81' lang='lat' dir='ltr'>vetere</span> <span class='ocrx_word' id='word_1_227' title='bbox 1288 3959 1488 4006; x_wconf 87' lang='lat' dir='ltr'>nomine</span> <span class='ocrx_word' id='word_1_228' title='bbox 1517 3974 1640 4006; x_wconf 83' lang='lat' dir='ltr'>eon·</span> <span class='ocrx_word' id='word_1_229' title='bbox 1728 3957 1889 4021; x_wconf 85' lang='lat' dir='ltr'>inquit</span> <span class='ocrx_word' id='word_1_230' title='bbox 1907 3991 1925 4018; x_wconf 87' lang='lat'>,</span> <span class='ocrx_word' id='word_1_231' title='bbox 1962 3958 2108 4006; x_wconf 87' lang='lat' dir='ltr'>sociis</span> <span class='ocrx_word' id='word_1_232' title='bbox 2144 3971 2192 4007; x_wconf 87' lang='lat' dir='ltr'>et</span> <span class='ocrx_word' id='word_1_233' title='bbox 2226 3960 2409 4008; x_wconf 79' lang='lat' dir='ltr'>Latinis</span> <span class='ocrx_word' id='word_1_234' title='bbox 2441 3960 2549 4008; x_wconf 79' lang='lat' dir='ltr'>data</span> <span class='ocrx_word' id='word_1_235' title='bbox 2585 3960 2769 4012; x_wconf 72' lang='lat' dir='ltr'>civitas</span> 
     </span>
     <span class='ocr_line' id='line_1_34' title="bbox 619 4037 2770 4103; baseline 0 -13"><span class='ocrx_word' id='word_1_236' title='bbox 619 4053 827 4094; x_wconf 74' lang='lat' dir='ltr'>servato.</span> <span class='ocrx_word' id='word_1_237' title='bbox 855 4043 1006 4089; x_wconf 67' lang='lat' dir='ltr'><strong>Mn«.</strong></span> <span class='ocrx_word' id='word_1_238' title='bbox 1730 4047 1802 4084; x_wconf 88' lang='lat' dir='ltr'>est</span> <span class='ocrx_word' id='word_1_239' title='bbox 1839 4037 2023 4102; x_wconf 74' lang='lat' dir='ltr'>(datam</span> <span class='ocrx_word' id='word_1_240' title='bbox 2059 4055 2161 4085; x_wconf 81' lang='lat' dir='ltr'>esse</span> <span class='ocrx_word' id='word_1_241' title='bbox 2202 4038 2307 4103; x_wconf 85' lang='lat' dir='ltr'>lege</span> <span class='ocrx_word' id='word_1_242' title='bbox 2343 4039 2503 4098; x_wconf 68' lang='lat' dir='ltr'>Julian,</span> <span class='ocrx_word' id='word_1_243' title='bbox 2543 4042 2770 4091; x_wconf 84' lang='lat' dir='ltr'>ostendit</span> 
     </span>
    </p>

    <p class='ocr_par' dir='ltr' id='par_1_13' title="bbox 691 4117 2769 4186">
     <span class='ocr_line' id='line_1_35' title="bbox 691 4117 2769 4186; baseline -0 -16"><span class='ocrx_word' id='word_1_244' title='bbox 691 4138 739 4170; x_wconf 68' lang='grc' dir='ltr'>α.</span> <span class='ocrx_word' id='word_1_245' title='bbox 764 4122 874 4170; x_wconf 79' lang='lat' dir='ltr'>Fuit</span> <span class='ocrx_word' id='word_1_246' title='bbox 895 4119 1305 4169; x_wconf 74' lang='lat' dir='ltr'>Catinensis-Esse</span> <span class='ocrx_word' id='word_1_247' title='bbox 1322 4118 1484 4178; x_wconf 82' lang='lat' dir='ltr'>desiit,</span> <span class='ocrx_word' id='word_1_248' title='bbox 1504 4130 1640 4183; x_wconf 84' lang='lat' dir='ltr'>post·</span> <span class='ocrx_word' id='word_1_249' title='bbox 1730 4117 1903 4166; x_wconf 86' lang='lat' dir='ltr'>Cicero</span> <span class='ocrx_word' id='word_1_250' title='bbox 1951 4118 2002 4165; x_wconf 89' lang='lat' dir='ltr'>in</span> <span class='ocrx_word' id='word_1_251' title='bbox 2036 4119 2257 4166; x_wconf 81' lang='lat' dir='ltr'>oratione</span> <span class='ocrx_word' id='word_1_252' title='bbox 2292 4135 2386 4182; x_wconf 83' lang='lat' dir='ltr'>pro</span> <span class='ocrx_word' id='word_1_253' title='bbox 2425 4117 2635 4186; x_wconf 81' lang='lat' dir='ltr'>Balbo),</span> <span class='ocrx_word' id='word_1_254' title='bbox 2674 4123 2769 4170; x_wconf 79' lang='lat' dir='ltr'>ad-</span> 
     </span>
    </p>
   </div>
   <div class='ocr_carea' id='block_1_12' title="bbox 384 4437 797 4564">
    <p class='ocr_par' dir='ltr' id='par_1_14' title="bbox 384 4437 797 4564">
     <span class='ocr_line' id='line_1_36' title="bbox 420 4437 713 4509; baseline 0 -43"><span class='ocrx_word' id='word_1_255' title='bbox 420 4469 427 4474; x_wconf 48' lang='grc' dir='ltr'><strong><em>Δ</em></strong></span> <span class='ocrx_word' id='word_1_256' title='bbox 436 4449 467 4466; x_wconf 57' lang='lat'>⁴¹</span> <span class='ocrx_word' id='word_1_257' title='bbox 635 4437 713 4509; x_wconf 58' lang='grc' dir='ltr'><strong>Ὶ</strong></span> 
     </span>
     <span class='ocr_line' id='line_1_37' title="bbox 396 4475 419 4498; baseline 0 -8"><span class='ocrx_word' id='word_1_258' title='bbox 396 4475 419 4498; x_wconf 38' lang='lat' dir='ltr'>A!</span> 
     </span>
     <span class='ocr_line' id='line_1_38' title="bbox 384 4499 393 4506; baseline 0 0"><span class='ocrx_word' id='word_1_259' title='bbox 384 4499 393 4506; x_wconf 68' lang='lat' dir='ltr'><em>A</em></span> 
     </span>
     <span class='ocr_line' id='line_1_39' title="bbox 786 4549 797 4564; baseline 0 0"><span class='ocrx_word' id='word_1_260' title='bbox 786 4549 797 4564; x_wconf 51' lang='lat' dir='ltr'>*l</span> 
     </span>
    </p>
   </div>
  </div>
 </body>
</html>
