3023 4773
333 414 1138 437 mmmmssmm
1145 417 1688 438 mmmmm-M
1696 416 2427 438 mmmmm-§um

494 561 1133 632 EPISTOLARUM
1189 564 1306 630 AD
1352 564 1764 632 ATI'ICUM
1814 565 2199 634 OMNIUM

964 729 1741 834 SYNOPSIS.

291 1033 501 1186 Quo
542 1086 787 1150 facilius
825 1086 987 1151 ordo
1034 1088 1347 1173 cujusque
1406 1088 1717 1176 epistolae,
1780 1103 1844 1151 et
1888 1111 2105 1152 rerum
2145 1113 2289 1177 quae
2337 1091 2411 1151 iis

287 1210 698 1280 exponuntur
751 1194 943 1256 series
999 1193 1460 1282 perspiciatur,
1503 1194 1938 1281 Epistularum
1994 1193 2073 1258 ad
2124 1196 2411 1260 Atticum

290 1300 461 1386 quasi
523 1299 945 1362 summarium
1002 1298 1333 1388 quoddam
1386 1322 1830 1387 proponemus
1855 1350 1872 1381 ,
1949 1300 2409 1389 depromptum

284 1429 357 1469 ex
391 1429 587 1494 opere
623 1409 691 1471 F.
731 1407 964 1471 Schoell
980 1457 996 1488 ,
1032 1392 1140 1471 cui
1182 1408 1441 1472 titulus:
1483 1405 1851 1472 Gesclciclzte
1892 1409 2007 1472 der
2037 1409 2408 1472 Roemiscltes

298 1511 658 1576 Licet-atum.

369 1618 588 1681 Primo
616 1618 784 1682 libro
819 1618 1238 1682 continentur
1262 1617 1566 1682 undecim
1598 1618 1901 1708 epistolae,
1927 1643 2069 1705 quae
2089 1635 2239 1682 ante
2268 1643 2415 1682 con·

281 1722 561 1787 sulatum
597 1724 963 1800 Ciceronis,
998 1748 1111 1788 seu
1152 1747 1397 1788 annum
1423 1725 1504 1788 U.
1548 1726 1616 1787 C.
1645 1724 1815 1809 690,
1844 1725 2091 1813 scriptae
2126 1725 2411 1787 fuerunt.

281 1829 421 1892 Hoc
452 1846 673 1894 autem
708 1854 881 1893 anno
910 1832 1101 1894 nullae
1135 1848 1287 1895 sunt
1316 1855 1330 1895 ε
1366 1831 1619 1895 Atticus
1646 1832 1816 1894 enim
1843 1855 1876 1894 a
1910 1832 2225 1895 Cicerone
2257 1853 2412 1893 con-

277 1935 417 1998 sule
465 1957 600 1998 non
645 1935 951 2000 discessit.
996 1936 1337 2024 Repetitur
1370 1937 1702 2011 literarum
1752 1936 2216 2000 commercium
2260 1958 2410 1998 ann.

275 2038 435 2126 692,
470 2055 728 2128 tresque
757 2041 1037 2129 epistolae
1067 2041 1305 2103 ultimae
1339 2055 1496 2104 sunt
1544 2064 1692 2104 ann.
1731 2041 1880 2125 693.
2274 2128 2277 2133 1

363 2145 575 2225 Hujus
613 2145 767 2208 anni
800 2145 1044 2231 reliqua
1072 2168 1215 2232 pars
1254 2162 1318 2207 et
1369 2159 1543 2207 totus
1582 2167 1789 2206 annus
1848 2145 1976 2228 694
2021 2145 2258 2208 librum
2310 2168 2412 2207 se-

275 2247 572 2313 cundum
609 2250 960 2337 complent.

360 2355 582 2418 Tertio
603 2354 1017 2444 reperiuntur
1047 2376 1271 2416 omnes
1301 2352 1683 2440 literae,quae
1712 2351 1789 2416 ad
1818 2351 2155 2418 Clodianas
2194 2354 2408 2419 inimi-

272 2461 451 2524 citias
479 2477 800 2548 spectant,
832 2483 1108 2550 quaeque
1141 2458 1222 2523 ad
1246 2459 1533 2523 Atticum
1565 2460 1740 2523 exsul
1769 2459 1992 2523 Cicero
2020 2462 2291 2550 scripsit.

363 2567 653 2651 Quartus
678 2567 844 2631 liber
870 2568 1163 2631 continet
1189 2567 1269 2629 ab
1297 2588 1470 2629 anno
1495 2566 1876 2653 696—699,
1907 2590 1941 2630 a
1977 2566 2187 2631 reditu
2226 2570 2404 2632 Cice-

275 2675 453 2736 ronis
498 2697 707 2762 usque
741 2673 820 2737 ad
862 2674 951 2738 Μ.
976 2673 1299 2737 Valerium
1341 2672 1696 2737 Messallam
1721 2723 1737 2754 ,
1786 2687 1859 2738 et'
1887 2675 2008 2739 Cn.
2045 2676 2404 2738 Domitium

275 2780 616 2843 Calvinum
654 2803 815 2844 coss.
841 2780 1268 2867 Abrumpitur
1296 2778 1445 2841 inde
1479 2780 1944 2843 commercium
1971 2803 2003 2842 a
2029 2803 2251 2843 mense
2283 2803 2404 2842 no-

276 2888 525 2952 vembri
563 2888 694 2975 699
728 2886 810 2950 ad
845 2887 1084 2950 maium
1119 2909 1269 2949 ann.
1301 2907 1427 2972 702
1453 2934 1469 2965 ,
1493 2906 1627 2971 quo
1663 2899 1956 2973 tempore
1990 2887 2216 2950 Cicero
2251 2908 2406 2972 pro-

273 2993 551 3057 vinciam
590 2992 874 3057 Ciliciam
916 2993 1246 3080 profectus
1291 3007 1406 3054 est.
1445 2990 1609 3071 Quae
1656 3005 1870 3052 autem
1914 3006 1976 3052 et
2022 2992 2086 3051 in
2139 2991 2399 3071 itinere,

274 3115 341 3163 et
388 3099 453 3161 in
502 3096 1056 3162 administratione
1105 3096 1450 3184 provinciae
1507 3094 1755 3183 scriptae
1807 3110 1990 3173 sunt,
2041 3117 2128 3157 eae
2174 3116 2403 3157 omnes

272 3205 582 3290 quintum
615 3219 680 3267 et
720 3218 972 3266 sextum
1006 3200 1246 3264 librum
1276 3202 1549 3280 faciunt,
1589 3199 1771 3279 cujus
1812 3214 2094 3262 extrema
2136 3198 2401 3286 quidem

273 3308 419 3373 «lata
449 3326 547 3373 est
582 3332 638 3372 a.
678 3306 740 3371 d.
779 3330 862 3370 xv
894 3305 1016 3369 kal.
1055 3328 1201 3368 nov.
1224 3307 1298 3368 A.
1330 3306 1413 3368 U.
1448 3309 1523 3368 C.
1561 3305 1686 3390 703
1725 3304 2030 3384 AtheniS,
2071 3326 2275 3390 quum
2312 3304 2399 3366 ibi

273 3416 503 3479 Cicero
533 3413 865 3504 provincia
899 3411 1215 3477 decedens
1253 3413 1783 3474 commoraretur.

359 3519 631 3607 Septimi
658 3519 800 3582 libri
834 3519 1041 3606 prima
1065 3516 1323 3580 videtui·
1348 3516 1621 3580 Athenis
1658 3517 1922 3604 scripta3
1970 3514 2247 3579 secunda
2287 3541 2400 3580 au-

277 3639 404 3688 tem
435 3622 792 3702 Brundisii,
822 3646 955 3713 quo
983 3621 1230 3711 appulit
1250 3645 1342 3685 vu
1369 3620 1620 3684 kalend.
1652 3619 1943 3684 decemb.
1966 3622 2401 3686 Herculanum

273 3731 448 3793 venit
484 3752 542 3793 a.
571 3728 634 3794 d.
654 3752 774 3792 vm
801 3728 889 3791 id.
922 3727 1210 3791 decemb.
1243 3726 1452 3790 Pridie
1488 3749 1690 3789 nonas
1712 3725 1959 3803 januar.
1986 3731 2113 3811 704
2137 3729 2401 3792 accessit

272 3835 353 3898 ad
383 3836 664 3916 Urbem,
699 3858 893 3921 quam
938 3857 1052 3922 spe
1097 3832 1408 3920 triumphi
1459 3832 1717 3894 nolebat
1765 3831 2032 3920 ingredi.
2077 3833 2203 3896 Sed
2250 3857 2399 3897 mox

274 3943 576 4020 recessit,
627 3958 969 4030 postquam
1024 3939 1264 4003 audivit
1315 3941 1661 4016 Caesarem,
1719 3937 1979 4014 trajecto
2034 3939 2401 4014 Rubicone,

280 4048 546 4111 Romam
589 4070 872 4136 pergere.
