3023 4773
660 409 803 491 404
1297 408 1392 474 Μ.
1445 407 1524 473 Τ.
1579 407 2146 476 CICERONIS

657 530 1338 622 contentionesque,
1387 551 1548 621 quae
1576 525 1754 596 mihi
1778 544 2319 626 proponuntur,
2360 532 2641 603 modice
2670 558 2789 605 me

661 651 987 735 tangunt.
1043 638 1326 707 Etenim
1364 636 1479 706 vel
1534 635 1780 707 subire
1828 660 1946 708 eas
1985 635 2237 709 videor
2273 637 2453 708 mihi
2503 666 2787 713 summa

657 775 825 822 cum
850 749 1225 842 dignitate,
1246 744 1360 816 vel
1389 745 1747 818 declinare
1776 745 1974 818 nulla
2001 770 2166 818 cum
2197 747 2519 821 molestia
2544 773 2775 847 posse.

658 860 867 927 Dices
892 852 1226 939 fortasse,
1258 851 1621 948 dignitatis
1652 857 1815 934 ἅλις,
1852 867 2215 948 tamquam
2255 848 2471 949 δρῶς’
2498 882 2513 923 :
2542 856 2780 940 saluti,

653 967 710 1036 si
736 989 854 1035 me
892 987 1111 1047 ama5‚
1149 960 1465 1032 consule.
1508 964 1624 1032 Me
1654 960 2033 1031 miserum!
2066 985 2194 1033 cur
2232 988 2380 1034 non
2423 963 2634 1035 ades?
2660 968 2775 1036 ni-

653 1071 755 1141 hil
773 1086 842 1141 te
858 1066 1184 1167 profecto
1201 1068 1629 1164 praeteriret:
1652 1092 1787 1164 ego
1807 1066 2102 1139 sortasse
2120 1074 2461 1162 τυφλώττω
2473 1065 2528 1156 ³,
2571 1085 2638 1141 et
2660 1075 2774 1141 ni-

653 1179 881 1245 mium
910 1190 1001 1264 τῷ
1035 1174 1248 1261 καλῷ4
1293 1179 1742 1268 προσπέπονθα.
1777 1175 1972 1245 Scito
1993 1173 2171 1243 nihil
2196 1198 2543 1270 umquam
2563 1173 2776 1249 fuisse

652 1301 798 1354 tam
837 1282 1131 1367 infame,
1184 1297 1321 1352 tam
1370 1297 1617 1381 turpe,
1659 1299 1801 1354 tam
1835 1307 2171 1381 peraeque
2197 1282 2539 1355 omnibus
2562 1309 2776 1381 gene-

649 1393 851 1464 ribus
874 1447 893 1479 ,
955 1390 1333 1463 ordinibus
1355 1447 1374 1480 ‚
1439 1393 1766 1464 aetatibus
1835 1392 2195 1465 offensum
2222 1448 2241 1481 ‚
2297 1419 2519 1490 quam
2583 1396 2776 1466 hunc

650 1519 912 1575 statum
936 1557 956 1590 ‚
982 1504 1109 1599 qui
1133 1526 1331 1573 nunc
1359 1517 1501 1589 est;
1527 1506 1750 1600 magis
1772 1502 2219 1591 mehercule,
2250 1529 2470 1600 quam
2492 1505 2778 1594 vellem,

652 1639 802 1684 non
843 1614 1058 1685 modo
1095 1639 1314 1710 quam
1351 1612 1744 1709 putaram5.
1772 1617 2163 1711 Populares
2199 1613 2354 1685 isti⁶
2387 1615 2537 1709 jam
2564 1620 2778 1688 etiam

649 1724 1015 1795 modestos
1034 1723 1365 1793 homines
1393 1721 1678 1794 sibilare
1711 1722 2134 1795 docuerunt.
2160 1723 2458 1795 Bibulus
2493 1728 2569 1795 in
2606 1726 2778 1797 caelo

651 1852 801 1906 est:
837 1859 1006 1920 nee,
1041 1856 1303 1929 quare,
1348 1833 1536 1917 scio;
1582 1832 1705 1904 sed
1747 1836 1844 1903 ita
1886 1831 2251 1919 laudatur,
2302 1839 2540 1929 quasi,

965 1974 1130 2029 Unus
1159 1970 1335 2027 homo
1353 1981 1377 2021 7
1412 1967 1583 2027 nobis
1611 1969 1936 2027 cunctando
1970 1969 2220 2027 restituit
2248 1987 2387 2027 rem.

746 2116 1162 2213 PompeiuS,
1192 2115 1417 2184 nostri
1450 2137 1764 2200 amoreS,
1791 2112 1994 2210 quod
2020 2113 2196 2182 mihi
2231 2137 2516 2184 summo
2538 2112 2778 2184 dolori

651 2239 795 2313 est,
837 2229 990 2323 ipse
1034 2247 1110 2292 se
1140 2216 1476 2309 afflixit83
1519 2225 1926 2292 neminem9
1962 2235 2207 2292 tenet:
2238 2223 2640 2310 voluntate,
2681 2248 2776 2293 an

650 2350 848 2407 metu
892 2357 1181 2406 necesse
1220 2332 1312 2427 sit
1354 2331 1439 2401 iis
1490 2333 1697 2420 uti¹⁰‚
1744 2356 2016 2402 vereor.
2063 2335 2215 2429 Ego
2259 2346 2499 2403 autem
2537 2357 2780 2429 neque

647 2470 899 2543 pugno
928 2468 1093 2515 cum
1121 2441 1242 2511 illa
1268 2464 1514 2529 causa,
1542 2457 1844 2539 propter
1874 2441 2064 2511 illam
2087 2443 2464 2512 amicitiam
2485 2497 2503 2529 ‚
2537 2467 2779 2539 neque

647 2552 1018 2653 approbo,
1058 2576 1148 2621 ne
1179 2550 1418 2620 omnia
1447 2551 1891 2648 improbem,
1927 2577 2088 2649 quae
2124 2567 2333 2623 antea
2368 2554 2583 2649 gessi:
2611 2568 2782 2624 utor

644 2667 863 2736 via¹¹.
920 2660 1177 2758 Populi
1229 2685 1481 2732 sensus
1529 2664 1837 2733 maxime
1890 2663 2169 2733 theatro
2223 2678 2296 2734 et
2348 2662 2776 2760 spectaculis

657 2915 669 2929 Ο
716 2876 767 2906 2.
790 2855 1061 2921 Dignitatis
1080 2852 1179 2911 ἅλις
1196 2890 1209 2913 ,
1233 2865 1486 2919 tamquam
1504 2849 1670 2921 δρυός
1827 2858 1871 2905 8.
1902 2853 2120 2924 Affliaeit.
2150 2855 2249 2918 Qui
2273 2872 2326 2904 se
2352 2872 2462 2903 cum
2489 2871 2658 2905 socero
2683 2873 2777 2904 suo

646 2936 908 3001 Dignitatis
945 2935 1061 2983 satis
1080 2968 1095 2992 ,
1139 2946 1380 2998 tamqnam
1419 2949 1627 2997 quercus
1649 2947 1663 2981 ε
1755 2935 1938 2982 Caesnre
1953 2936 2345 2996 conjunxerit,et
2357 2935 2420 2982 sb
2435 2936 2618 2999 optima
2632 2952 2776 2984 censs

645 3019 761 3066 satis
784 3016 875 3064 tibi
894 3014 1169 3079 dignitatis,
1195 3015 1395 3072 Cicero,
1422 3024 1475 3060 ut
1492 3012 1666 3077 priscis
1754 3012 1816 3060 sd
1835 3013 2072 3078 perditam
2090 3013 2361 3063 desciverit.
2393 3013 2541 3061 Mur.

645 3098 760 3146 sutis
780 3110 989 3161 quercus
1009 3131 1025 3154 ,
1050 3093 1246 3157 qnando
1272 3092 1452 3140 relictis
1478 3090 1665 3153 glandi·
1738 3130 1746 3143 .
1823 3108 1879 3155 9.
1907 3092 2174 3140 Neminem.
2210 3095 2338 3156 Qnis
2369 3092 2527 3142 bonos
2550 3094 2774 3141 inimicos

643 3176 734 3225 bus
768 3176 829 3223 sd
864 3176 1047 3221 victum
1078 3172 1320 3220 triticeum
1353 3187 1405 3217 se
1437 3169 1662 3216 coutule-
1751 3172 1928 3233 habet,
1955 3173 2208 3237 improbos
2233 3190 2333 3221 non
2353 3174 2547 3221 amicos.
2571 3174 2660 3236 Ep.
2683 3188 2710 3219 a
2727 3189 2775 3222 ι.

641 3267 771 3303 runt.
793 3250 1028 3301 Proverb.
1054 3250 1180 3296 Satis
1198 3265 1415 3312 quercus.
1441 3248 1603 3296 Coun.
1754 3252 2013 3299 In.-—Sch.
2034 3274 2061 3294 ιι
2075 3252 2316 3299 neminem
2331 3262 2464 3299 tenet
2485 3252 2734 3299 voluntate
2747 3274 2775 3293 ι-

632 3358 639 3365 ·
714 3336 762 3383 3.
785 3328 1076 3393 Τυφλώττω.
1103 3330 1271 3377 Caecns
1298 3344 1421 3385 snm.
1753 3331 2011 3395 conjungit
2029 3363 2045 3391 ‚
2073 3341 2123 3378 et
2151 3347 2244 3395 pro
2274 3347 2340 3377 an
2368 3329 2514 3379 babet
2539 3346 2619 3378 ne.
2642 3332 2737 3379 En.

713 3424 760 3471 4.
778 3416 856 3479 Τῷ
876 3413 1030 3474 καλῷ.
1053 3407 1306 3455 Honeststi
1327 3407 1522 3455 deditus
1539 3424 1659 3455 sum.
1825 3425 1903 3458 ιο.
1940 3409 2009 3457 lis
2045 3410 2136 3457 uti.
2177 3413 2388 3469 Vereor,
2419 3427 2482 3457 ne
2511 3410 2771 3473 Pompeius

716 3494 765 3540 5.
796 3491 896 3539 Alii
916 3523 930 3549 ,
950 3499 1203 3551 putaram.
1229 3487 1262 3534 J
1269 3520 1281 3533 .
1300 3486 1365 3533 V.
1395 3487 1447 3533 L.
1575 3464 1600 3497 ο
1750 3488 1950 3536 Caessris
1968 3500 2017 3536 et
2039 3488 2199 3537 Crassi
2221 3489 2494 3537 institutam
2512 3489 2770 3536 micinam

711 3571 762 3620 6.
778 3568 1051 3633 ‘Populares
1068 3563 1160 3612 isti.
1182 3567 1358 3621 Caesar,
1376 3564 1659 3627 Pompeius,
1750 3567 1952 3614 retineat
1968 3601 1982 3624 ,
2021 3582 2124 3613 non
2167 3577 2265 3614 tam
2310 3568 2561 3615 voluntate
2576 3602 2590 3622 ‚
2627 3583 2772 3630 quam

640 3650 867 3711 Crassus:
888 3658 937 3694 et
957 3662 1069 3694 cnm
1092 3645 1281 3693 ironis:
1307 3642 1661 3707 quodpopula·
1748 3646 1888 3709 quod
1924 3646 2082 3694 honos
2131 3647 2331 3706 metuit,
2373 3662 2499 3710 qnos
2543 3645 2769 3695 offendit.

640 3716 713 3774 ries
746 3728 844 3775 diei
869 3742 972 3773 non
1001 3725 1191 3790 possint
1209 3758 1224 3784 ,
1261 3739 1385 3787 qnos
1419 3723 1660 3786 populns,
1755 3725 1903 3773 Man.

636 3807 778 3853 etism
818 3804 1024 3852 modesti
1063 3803 1312 3861 homines,
1346 3801 1497 3850 sibilis
1526 3802 1657 3849 inse·
1823 3819 1906 3852 ιι.
1942 3806 2066 3851 Utor
2085 3803 2193 3851 via.
2222 3803 2394 3867 Neque
2425 3804 2477 3851 in
2509 3803 2634 3852 hanc
2663 3819 2772 3867 par-

637 3895 843 3931 etentur.
869 3884 1014 3931 Mur.
1746 3893 1842 3929 tem
1856 3917 1870 3940 ,
1889 3898 2045 3947 neque
2064 3883 2116 3930 in
2135 3882 2266 3930 illam
2292 3881 2501 3930 decline.
2524 3884 2675 3945 Quasi
2693 3883 2768 3928 vin

710 3977 759 4021 7.
793 3962 922 4007 Unus
945 3960 1104 4008 homo.
1132 3959 1279 4007 Ennii
1305 3970 1466 4023 poetae
1490 3975 1657 4007 versus
1744 3970 1875 4009 utor.
1898 3962 2205 4009 Transfertur
2223 3961 2285 4008 sd
2309 3962 2570 4017 rationem,
2590 3973 2640 4009 et
2659 3975 2770 4008 con·

634 4041 696 4088 de
724 4042 787 4103 Q.
821 4036 970 4085 Fabio
993 4038 1228 4086 Maximo.
1253 4040 1452 4101 Legitur
1475 4049 1525 4086 et
1543 4041 1652 4087 AEn.
1742 4038 1905 4085 silium
1928 4073 1944 4098 ,
1989 4052 2039 4088 et
2079 4039 2202 4088 illud
2246 4040 2464 4088 Terentii
2510 4040 2562 4086 in
2605 4038 2760 4087 Andr.

634 4123 706 4169 vl
725 4158 741 4184 ,
767 4121 895 4179 8473
919 4115 981 4165 de
1004 4116 1104 4163 Off.
1126 4118 1149 4163 1
1166 4150 1181 4174 ,
1206 4126 1289 4176 πά,
1312 4127 1407 4166 ete.
1440 4120 1532 4166 En.
1749 4138 1770 4160 ε
1789 4118 1904 4164 Eam
1923 4134 2085 4167 secun
2105 4134 2207 4167 rem
2226 4118 2470 4183 reputavit
2491 4118 2567 4165 vis
2582 4140 2627 4177 n,
2658 4119 2762 4177 Πο-Ἰ
