3023 4773
653 402 795 488 482
1307 402 1405 469 M.
1457 401 1536 467 T.
1591 400 2154 473 CICERONIS

655 538 764 596 ter
780 518 1171 593 laboratur.
1200 523 1487 610 Cetera,
1508 546 1677 619 quae
1696 546 1811 593 me
1832 521 2217 595 sollicitant
2232 574 2252 610 ‚
2278 517 2774 619 μυστικώτερα37

651 647 843 705 sunt.
878 636 1222 706 Amamur
1247 655 1288 703 a
1324 629 1542 702 fratre
1561 686 1581 720 ‚
1609 645 1683 704 et
1705 657 1747 704 a
1774 629 1922 703 filia
1939 628 2028 702 ³⁸.
2052 636 2153 703 Te
2177 646 2694 729 exspectamus.

726 812 812 871 37.
853 805 1189 876 numatam.
1218 808 1500 857 Secoetiora.
1528 808 1678 870 Hac,
1837 809 1926 858 3⁸.
1955 807 2203 875 Ast-am,
2226 819 2278 857 ee
2294 808 2472 878 afilia.
2491 809 2605 857 Non
2631 809 2784 873 igit-r

650 901 708 940 ut
732 899 902 940 monet
925 893 980 940 J.
999 892 1065 939 V.
1085 892 1140 939 1..
1157 900 1377 954 spectant
1395 887 1457 936 ad
1474 903 1678 936 uxorem
1763 888 1827 936 ab
1857 903 2036 946 uxore,
2064 898 2119 936 ut
2148 904 2229 953 q».
2263 903 2378 953 cup.
2408 900 2460 938 et
2483 888 2564 937 hie
2588 888 2785 936 videm-

651 969 1330 1029 Temutinmcnimcoenm
1343 978 1573 1033 ceperat.
1584 967 1679 1016 En.
1765 965 2056 1032 significan.
2091 968 2257 1018 con.

653 1153 930 1178 m

1296 1152 1663 1172 mmm
1667 1152 1943 1172 mm

1308 1287 1902 1367 EPISTOLA
1958 1289 2123 1404 111.

650 1467 872 1532 'Narrat
905 1469 1150 1530 furiosas
1185 1490 1253 1528 ac
1295 1468 1658 1528 turbulentas
1692 1468 1887 1538 ⁸Clodii
1930 1471 2219 1545 actiones,
2262 1483 2319 1528 et
2345 1468 2646 1547 quomodo
2670 1470 2730 1530 ei
2757 1491 2795 1531 a

734 1567 959 1627 Milone
989 1568 1232 1645 aliisque
1269 1581 1654 1647 repugnatum
1699 1567 1812 1626 sit:
1859 1566 2070 1625 deinde
2111 1567 2369 1626 breviter
2403 1567 2478 1626 de
2504 1580 2659 1627 statu
2684 1588 2794 1628 sno

740 1665 1058 1725 domestico
1093 1665 1287 1724 refert.
1308 1667 1562 1743 (Romae,
1586 1685 1740 1723 anno
1766 1669 1840 1725 U.
1859 1669 1924 1724 C.
1951 1667 2067 1742 696
2085 1709 2102 1738 ,
2137 1686 2331 1725 mense
2354 1665 2705 1746 novembri.)

2689 1151 2785 1171 m

1326 1843 1644 1908 CICERO
1704 1845 2013 1909 A'l'rlco
2072 1845 2137 1910 S.

752 1991 994 2060 Avmm
1033 2000 1103 2056 te
1148 1997 1350 2056 certo
1390 1984 1541 2056 scio
1561 2037 1581 2067 ,
1609 2008 1842 2080 quum
1880 1985 2100 2069 scire,
2143 1985 2323 2084 quid
2356 1983 2474 2059 hic
2509 2000 2797 2085 agatur,

658 2114 814 2168 tum
858 2119 1019 2167 mea
1063 2118 1103 2166 a
1140 2119 1256 2166 me
1299 2095 1524 2181 scire;
1563 2118 1716 2164 non
1752 2119 1901 2190 quo
1949 2097 2255 2166 certiora
2294 2096 2438 2168 sint
2478 2121 2599 2184 ea,
2632 2123 2795 2195 quae

660 2209 739 2279 in
771 2205 1002 2279 oculis
1036 2208 1365 2278 omnium
1396 2218 1788 2302 geruntur,
1813 2205 1874 2274 si
1907 2229 1947 2275 a
1971 2228 2087 2275 me
2110 2203 2550 2292 scribantur,
2575 2231 2800 2303 quam

658 2342 888 2415 quum
947 2314 1040 2389 ab
1095 2315 1248 2391 aliis
1289 2329 1414 2386 aut
1451 2314 1871 2386 scribuntur
1919 2312 2091 2403 tibi,
2148 2331 2274 2389 aut
2325 2319 2798 2404 nuntiantur3

660 2444 914 2499 verum
949 2442 1031 2498 ut
1063 2424 1455 2525 perspicias
1497 2450 1589 2496 ex
1626 2430 1801 2499 meis
1826 2424 2085 2514 literis»,
2122 2452 2274 2524 quo
2303 2429 2549 2498 animo
2579 2452 2666 2499 ea
2708 2426 2808 2499 fe-

660 2563 815 2617 ram
834 2591 854 2621 ‚
884 2562 1043 2634 quae
1067 2551 1420 2634 geruntur
1441 2562 1461 2622 ;
1498 2549 1572 2607 et
1600 2536 1729 2633 qui
1758 2539 1850 2607 sit
1875 2535 2015 2606 hoc
2039 2551 2367 2635 tempore
2392 2551 2518 2608 aut
2539 2541 2810 2611 mentis

660 2666 841 2717 meae
874 2668 1164 2734 sensus,
1214 2659 1338 2716 aut
1373 2647 1678 2715 omnino
1720 2646 1879 2717 vitae
1923 2660 2169 2718 status.
2208 2650 2521 2720 Armatis
2565 2648 2807 2719 homi-

666 2754 880 2828 nibus
917 2771 1084 2828 ante
1122 2755 1323 2839 diem,
1348 2759 1640 2827 tertium
1672 2779 1846 2826 non.
1869 2754 2242 2831 novembr.
2274 2758 2601 2856 expulsi¹
2634 2773 2812 2829 sunt

664 2866 849 2939 fabri
885 2865 976 2938 de
1013 2890 1177 2938 area
1213 2881 1492 2949 nostra,
1536 2861 1940 2936 disturbata
1972 2868 2293 2965 porticus
2329 2867 2610 2956 Catuli,
2647 2893 2814 2967 quae

665 3001 754 3048 ex
792 2975 1415 3049 senatusconsulto
1469 2974 1852 3045 consulum
1905 2977 2266 3051 locatione
2307 2975 2815 3065 reficiebatur,

668 3101 739 3157 et
771 3085 864 3157 ad
910 3101 1183 3157 tectum
1212 3108 1415 3182 paene
1448 3099 1897 3181 pervenerat.
1938 3088 2191 3176 Quinti
2227 3085 2463 3158 fratris
2496 3086 2817 3160 domus²

670 3199 908 3292 primo
928 3192 1148 3264 fracta
1178 3193 1511 3287 conjectu
1544 3191 1868 3290 lapidum
1904 3219 1993 3265 ex
2031 3221 2192 3268 area
2226 3212 2508 3286 nostra,
2542 3197 2821 3272 deinde

671 3303 1112 3375 inflammata
1143 3301 1352 3397 jussu
1390 3299 1665 3390 Clodii,
1712 3306 2162 3403 inspectante
2200 3305 2415 3391 urbe,
2460 3311 2825 3405 conjectis

666 3413 996 3511 ignibus,
1042 3434 1301 3508 magna
1346 3412 1646 3507 querela
1672 3427 1747 3484 et
1787 3414 2097 3511 gemitu,
2129 3440 2282 3486 non
2306 3416 2545 3488 dicam
2580 3417 2827 3491 bono-

672 3546 872 3608 rum,
911 3525 1077 3622 qui,
1118 3523 1401 3611 nescio,
1438 3547 1531 3593 an
1566 3523 1748 3594 nulli
1781 3521 1989 3612 sint³‚
2023 3522 2151 3609 sed
2177 3525 2390 3623 plane
2429 3526 2827 3601 hominum

675 3636 1030 3706 omnium.
1081 3631 1690 3713 Illevehemens‘*
1728 3657 1977 3723 ruere3
2030 3649 2197 3733 post
2243 3636 2442 3708 hunc
2485 3635 2828 3712 furorem

753 3850 804 3884 ι.
829 3834 1060 3899 lspubc'.
1085 3833 1425 3885 Amuli-nin.
1451 3835 1594 3883 Mu.
1786 3833 1973 3900 lapides
2016 3852 2079 3884 ex
2122 3854 2231 3886 area
2269 3838 2429 3887 Marci
2470 3839 2724 3900 conjicere
2772 3839 2827 3887 in

750 3928 804 3960 a.
842 3914 1050 3963 Domus.
1091 3915 1214 3976 Qua
1250 3924 1352 3962 erat
1382 3912 1554 3975 juncta
1589 3929 1702 3962 cnm
1788 3914 1989 3962 domum
2007 3915 2200 3977 Quinti.
2222 3919 2311 3982 Ep.
2337 3925 2366 3971 4
2382 3953 2396 3977 ,
2413 3917 2499 3965 lib.
2519 3920 2584 3966 11.
2604 3922 2821 3967 Pon-ua.

675 3989 1358 4042 domniono-inanum
1388 3993 1699 4041 tantumdiu·
1861 3993 2199 4053 3.Alii,-an
2225 3994 2490 4047 unitim..
2515 4001 2567 4048 J.
2596 4002 2657 4047 V.
2687 4002 2751 4048 1..

668 4079 823 4119 m
870 4068 991 4117 Ideo
1030 4069 1259 4123 Clodiani
1296 4071 1439 4120 facile
1477 4082 1701 4137 poterant
1859 4081 1909 4129 4.
1943 4072 2223 4125 Vehemens.
2257 4079 2414 4141 Lego,
2446 4077 2656 4127 demens.
2701 4080 2822 4127 Μη-
