3023 4773
717 454 865 550 690
1372 454 1470 522 M.
1520 453 1598 520 T.
1653 454 2210 524 CICERONIS

721 573 1096 672 improbos
1117 584 1137 615 ¹
1176 575 1383 671 quasi
1416 571 1806 671 perculsos.
1832 578 1995 643 Haec
2014 627 2034 660 ,
2071 587 2320 645 metuo
2348 573 2690 672 equidem
2708 630 2730 664 ‚
2757 602 2838 649 ne

717 689 863 756 sint
899 686 1231 756 somnia:
1286 682 1414 755 sed
1469 698 1712 754 tamen
1762 684 1878 753 Μ’.
1928 683 2327 798 Lepidum,
2390 689 2466 757 L.
2521 691 2840 785 Torqua·

712 811 903 882 tum,
946 799 1029 891 C.s
1056 796 1382 866 Cassium
1423 793 1796 865 tribunum
1838 793 2073 892 plebis
2108 794 2222 890 (hi
2268 796 2462 866 enim
2511 814 2686 869 sunt
2720 824 2836 870 no-

707 905 1029 990 biscum,
1084 904 1160 975 id
1221 918 1370 989 est,
1420 909 1497 975 in
1558 905 2005 1001 Formiano),
2062 905 2426 976 Philotimi
2484 907 2712 977 literae
2754 909 2836 980 ad

703 1020 921 1088 vitam
961 1030 1507 1088 revocaverunt.
1554 1020 1709 1112 Ego
1743 1028 1985 1085 autem
2017 1015 2132 1087 illa
2156 1030 2405 1087 metuo
2442 1041 2535 1089 ne
2564 1020 2837 1090 veriora

698 1131 879 1214 sint,
918 1152 1055 1198 nos
1102 1149 1357 1197 omnes
1414 1148 1617 1221 paene
1657 1126 1806 1219 jam
1857 1137 2106 1222 captos
2150 1149 2352 1213 esse,
2413 1129 2835 1225 Pompeium

694 1237 889 1308 Italia
925 1236 1180 1309 cedere
1211 1263 1226 1305 ε
1276 1259 1497 1333 quem
1546 1235 1843 1332 quidem
1890 1233 1985 1330 (o
2021 1259 2174 1306 rem
2217 1234 2585 1307 acerbam!
2621 1239 2650 1332 )
2686 1262 2834 1335 per-

688 1349 892 1444 sequi
914 1352 1147 1418 Caesar
1162 1345 1449 1416 dicitur.
1485 1348 1827 1442 Persequi
1855 1350 2087 1417 Caesar
2109 1349 2530 1444 Pompeium
2544 1348 2578 1417 Ρ
2598 1348 2835 1438 Quid?

685 1470 771 1527 ut
812 1453 1244 1527 interficiat?
1280 1460 1343 1525 Ο
1383 1479 1503 1526 me
1546 1453 1930 1526 miserum!
1974 1470 2048 1526 et
2091 1478 2242 1526 non
2283 1480 2532 1527 omnes
2586 1475 2835 1530 nostra

682 1591 992 1664 corpora
1028 1565 1524 1663 opponimus?
1573 1566 1647 1634 in
1708 1587 1859 1661 quo
1912 1577 1995 1634 tu
2053 1588 2353 1662 quoque
2403 1567 2829 1661 ingemiscis.

679 1675 821 1747 Sed
856 1676 1033 1772 quid
1067 1674 1642 1747 faciamusPVicti
1663 1726 1683 1760 ‚
1721 1678 2086 1770 oppressi,
2118 1679 2306 1772 capti
2321 1674 2536 1772 plane
2563 1701 2830 1748 sumus.

682 1789 838 1882 Ego
868 1799 1147 1872 tamen,
1187 1783 1550 1856 Philotimi
1589 1783 1815 1853 literis
1852 1782 2088 1870 lectiS,
2134 1786 2405 1855 mutavi
2444 1787 2830 1858 consilium

678 1893 771 1964 de
811 1892 1284 1980 mulieribus;
1329 1916 1547 1988 quas,
1589 1907 1674 1961 ut
1717 1895 2135 1989 scripseram
2195 1894 2288 1966 ad
2340 1909 2447 1978 te,
2513 1900 2824 1970 Romam

671 2003 1129 2075 remittebam
1169 2030 1185 2072 ε
1217 2000 1342 2073 sed
1377 2002 1563 2073 mihi
1598 2004 1796 2073 venit
1824 2005 1898 2073 in
1933 2019 2282 2091 mentem,
2319 2005 2635 2077 multum
2667 2006 2828 2079 fore

674 2136 1081 2184 sermonem
1105 2166 1125 2198 ,
1165 2137 1279 2183 me
1299 2111 1653 2208 judicium
1678 2113 1824 2207 jam
1857 2112 1948 2185 de
1970 2139 2179 2185 causa
2205 2115 2494 2213 publica
2519 2114 2778 2190 fecisse
2806 2175 2827 2208 ,

673 2248 817 2318 qua
857 2223 1274 2319 desperata,
1310 2225 1516 2319 quasi
1554 2222 1753 2293 hunc
1789 2223 2088 2319 gradum
2120 2226 2260 2295 mei
2305 2225 2584 2297 reditus
2627 2253 2824 2312 esse,

580 2386 587 2397 .
674 2332 874 2432 quod
926 2333 1262 2404 mulieres
1320 2335 1806 2404 revertissent.
1852 2337 1960 2404 De
2010 2355 2124 2404 me
2186 2349 2426 2405 autem
2484 2339 2647 2433 ipso
2692 2336 2826 2410 tibi

676 2444 1054 2529 assentior,
1108 2467 1197 2513 ne
1244 2467 1358 2513 me
1409 2440 1578 2513 dem
1639 2444 1927 2513 incertae
1987 2458 2059 2515 et
2124 2446 2550 2542 periculosae
2591 2445 2823 2545 fugat,

675 2579 906 2650 quum
953 2551 1369 2651 reipublicae
1420 2550 1606 2622 nihil
1657 2555 1967 2649 prosim,
2017 2553 2199 2623 nihil
2253 2557 2642 2653 Pompei03
2681 2582 2824 2655 pro

675 2688 826 2760 quo
866 2665 1090 2741 emori
1128 2685 1358 2761 quum
1400 2663 1519 2760 pie
1556 2686 1889 2759 possum,
1928 2677 2084 2732 tum
2116 2663 2469 2736 lubenter.
2496 2667 2822 2740 Manebo

676 2777 893 2871 igitur
928 2802 943 2844 ε
986 2776 1117 2845 etsi
1153 2774 1389 2844 vivere
1412 2782 1539 2842 ²....
1584 2772 1802 2861 Quod
1824 2778 2120 2869 quaeris,
2156 2774 2274 2845 hic
2304 2776 2486 2873 quid
2522 2794 2818 2874 agatur:

672 2899 826 2955 tota
877 2887 1158 2981 Capua,
1200 2894 1272 2953 et
1321 2884 1561 2952 omnis
1616 2881 1736 2954 hic
1791 2881 2112 2954 delectus
2147 2884 2385 2978 jacet3
2433 2883 2822 2983 desperata

671 3018 785 3063 res
822 3008 969 3081 est3
1014 2996 1089 3062 in
1126 2990 1292 3089 fuga
1328 3014 1584 3062 omnes
1618 3007 1787 3062 sunt
1824 3019 1841 3061 τ
1887 2996 2023 3062 nisi
2061 2991 2239 3089 quid
2273 2993 2631 3087 ejusmodi
2661 2995 2822 3068 fue-

670 3104 798 3190 rit,
837 3118 916 3174 ut
953 3104 1338 3200 Pompeius
1388 3106 1556 3173 istas
1600 3103 1896 3173 Domitii
1951 3104 2194 3201 copias
2229 3129 2398 3198 cnm
2437 3107 2586 3177 suis
2631 3131 2816 3178 con-

666 3216 947 3312 jungat.
988 3214 1126 3285 Sed
1153 3211 1581 3284 videbamur
1622 3215 1866 3283 omnia
1901 3212 2130 3284 biduo
2163 3213 2496 3287 triduove
2533 3218 2812 3289 scituri.

672 3327 961 3397 Caesaris
998 3325 1366 3395 literarum
1399 3324 1813 3421 exemplum
1848 3323 1980 3395 tibi
2017 3327 2174 3396 misi
2205 3352 2220 3394 :
2262 3350 2550 3421 rogaras
2576 3333 2820 3409 (τοίως

596 3516 609 3523 ,
671 3436 788 3505 cui
839 3459 973 3506 nos
1018 3432 1222 3505 valde
1270 3431 1710 3520 satisfacere,
1751 3435 1961 3506 multi
2012 3434 2103 3506 ad
2148 3460 2264 3506 me
2309 3438 2813 3534 scripserunt:

670 3545 870 3642 quod
930 3545 1165 3642 patior
1225 3540 1468 3630 facile,
1524 3542 1740 3631 dum,
1811 3558 1893 3614 ut
1955 3543 2231 3631 adhuc,
2304 3543 2487 3614 nihil
2547 3542 2817 3617 faciam

668 3656 994 3750 turpiter.

749 3867 767 3897 ι
784 3886 795 3898 .
818 3850 1081 3914 Improbos.
1108 3850 1274 3899 anb.
1300 3861 1350 3898 et
1375 3850 1564 3899 Ernest.
1590 3866 1686 3897 ma—
1774 3866 1886 3914 pem
1905 3850 2050 3899 vitam
2072 3852 2205 3899 vivat
2220 3886 2236 3911 ,
2255 3851 2412 3916 qualis
2437 3864 2543 3901 ent
2561 3857 2819 3902 manentis

667 3930 776 3977 lunt
804 3930 1143 3993 improborum.
1166 3930 1200 3979 J
1203 3964 1216 3976 .
1232 3932 1293 3976 V.
1312 3929 1366 3978 1..
1772 3930 1824 3977 in
1852 3930 1985 3978 Italia
2005 3964 2020 3989 ,
2048 3930 2167 3977 dnm
2194 3947 2354 3978 rernm
2385 3935 2606 3980 omnium
2636 3936 2817 3982 Cant

743 4024 789 4056 a.
838 4008 944 4054 Etsi
987 4007 1164 4055 vivere.
1207 3994 1552 4065 Ᾰποσιώπησις.
1591 4008 1682 4054 vel
1771 4009 2277 4073 potiretur.-Jnnius
2297 4011 2464 4058 emss
2485 4010 2681 4060 addidit
2705 4029 2814 4059 noa

664 4087 870 4135 ‘sulmudi
893 4103 1002 4133 cum
1016 4087 1259 4143 Con-ado,
1279 4087 1426 4135 ccedet
1439 4106 1460 4146 ,⁰
1474 4088 1552 4135 vel
1572 4103 1681 4135 cum
1770 4088 1894 4135 libet.
1909 4087 2069 4135 Habet
2087 4103 2206 4135 vero
2227 4088 2458 4148 maiorem
2477 4090 2578 4137 vim
2601 4092 2815 4155 epodo·

667 4170 925 4227 Munatio,
953 4182 1053 4215 non
1081 4164 1243 4213 vivere
1268 4178 1366 4225 est,
1393 4183 1545 4230 quum
1575 4177 1679 4214 tur·
1768 4167 1919 4230 penis,
1937 4183 2027 4215 nec
2053 4166 2254 4215 dedecet
2281 4168 2334 4216 in
2358 4169 2587 4233 epistola.
2604 4171 2730 4220 lv.
2750 4170 2810 4217 Ι..
