3023 4773
288 410 2418 433 mmmmussmmmmmmmm

598 615 773 738 M.
854 615 996 739 T.
1082 613 2124 744 CICERONIS

360 883 2506 1081 EPISTULARUM-

1004 1189 1143 1257 AD
1198 1190 1720 1259 DIVERSOS

504 1402 919 1507 LIBER
958 1405 1599 1514 DECIMUS
1645 1404 2216 1510 SEXTUS.

1000 1851 1596 1932 EPISTOLA
1658 1853 1715 1932 Ι.

285 2028 469 2080 Suum
498 2019 851 2080 desiderium
880 2019 1111 2092 Tironi,
1153 2041 1325 2099 quem
1350 2023 1538 2080 Patris
1567 2035 1848 2101 aegrotum
1878 2021 2224 2100 reliquerat,
2254 2028 2432 2100 quum

362 2140 433 2177 ex
462 2119 764 2197 provincia
792 2117 1031 2177 domum
1063 2119 1211 2192 iret,
1257 2119 1562 2197 significat.
1613 2120 1807 2199 (Anno
1845 2124 1919 2179 U.
1951 2125 2015 2179 C.
2049 2122 2160 2192 7⁰3
2178 2163 2196 2193 ,
2240 2139 2434 2178 mense

364 2214 721 2293 novembri.)

418 2399 514 2463 M.
550 2399 628 2462 Τ.
677 2399 749 2461 C.
795 2397 906 2481 ET
955 2395 1264 2460 CICERO
1312 2396 1581 2476 MEUS,
1645 2396 1758 2459 ET
1803 2396 2144 2460 FRATER
2189 2396 2299 2459 ET

740 2503 1104 2566 FRATRIS
1149 2502 1308 2566 FIL.
1338 2502 1644 2566 TIRONI
1690 2503 1755 2567 S.
1794 2503 1866 2567 P.
1908 2503 1988 2567 D.

290 2616 632 2735 Pmmo
661 2660 937 2732 facilius
956 2663 1200 2759 putavi
1227 2685 1436 2758 posse
1457 2686 1575 2731 me
1607 2659 1791 2732 ferre
1826 2661 2257 2734 desiderium
2290 2662 2427 2730 tui:

288 2771 416 2843 sed
450 2772 666 2870 plane
700 2799 850 2843 non
874 2771 1071 2861 fer03
1100 2787 1173 2844 et
1202 2797 1644 2870 quamquam
1672 2777 1914 2870 magni
1946 2772 2038 2843 ad
2073 2773 2431 2842 honorem

288 2898 621 2954 nostrum
643 2894 673 2971 ¹,
703 2886 1041 2970 interest,
1082 2907 1299 2981 quam
1349 2887 1668 2981 primum
1710 2882 1801 2952 ad
1831 2872 2107 2954 Urbem
2150 2907 2264 2953 me
2305 2906 2428 2951 ve-

292 2997 448 3065 nire
467 3049 486 3082 ‚
518 3008 758 3066 tamen
779 3018 1109 3092 peccasse
1139 2993 1315 3063 mihi
1342 2993 1619 3079 videor,
1644 2996 1772 3090 qui
1797 3018 1837 3062 a
1862 3007 1932 3063 te
1962 2992 2429 3063 discesserim.

292 3103 431 3174 Sed
459 3106 636 3201 quia
673 3118 798 3173 tua
833 3104 1169 3174 voluntas
1199 3126 1284 3175 ea
1322 3102 1711 3175 videbatur
1747 3126 1899 3173 esse
1921 3157 1940 3189 ‚
1981 3118 2063 3171 ut
2099 3124 2433 3197 prorsus,

289 3216 427 3284 nisi
472 3212 904 3285 confirmato
957 3238 1299 3312 corpore,
1341 3213 1572 3284 nolles
1610 3217 1943 3310 navigare
1969 3267 1987 3299 ,
2039 3207 2435 3307 approbavi

293 3340 499 3395 tuum
541 3325 959 3411 consilium,
998 3350 1243 3422 neque
1286 3349 1485 3396 nunc
1529 3340 1776 3412 muto,
1831 3327 1889 3395 si
1938 3338 2014 3394 tu
2060 3326 2135 3391 in
2179 3320 2428 3391 eadem

290 3460 365 3506 es
406 3439 786 3506 sententia.
835 3439 961 3506 Sin
994 3450 1234 3506 autem
1273 3448 1549 3532 postea,
1580 3460 1801 3532 quam
1835 3432 2077 3504 cibum
2111 3432 2434 3529 cepisti²‚

294 3546 555 3617 videris
599 3543 732 3616 tibi
776 3570 988 3643 posse
1027 3570 1141 3616 me
1185 3548 1579 3642 consequi,
1633 3559 1837 3615 tuum
1880 3540 2262 3614 consilium
2299 3555 2428 3612 est.

294 3654 728 3727 Marionem³
751 3656 839 3726 ad
871 3670 941 3725 te
988 3680 1077 3726 eo
1118 3657 1315 3743 misi,
1356 3671 1440 3726 ut
1475 3670 1598 3726 aut
1638 3671 1876 3725 tecum
1914 3652 2004 3723 ad
2048 3677 2166 3724 me
2210 3677 2428 3750 quam

364 3878 403 3907 ι.
430 3860 519 3907 Ad
542 3860 772 3908 honorem
792 3871 1021 3907 nostrum.
1042 3860 1122 3909 Ad
1146 3861 1315 3908 trium·
1404 3861 1720 3915 adventante,
1758 3858 1820 3904 ab
1875 3858 2009 3906 Urbe
2071 3858 2285 3905 recessit.
2335 3857 2430 3902 En.

296 3941 471 4003 phnm,
510 3956 653 4003 quem
686 3938 941 4004 sperabam
970 3941 1051 3987 sed
1071 3976 1084 3997 ‚
1110 3958 1220 3987 eum
1254 3958 1315 3987 ne
1479 3956 1526 3987 2.
1554 3938 1720 3986 cibum
1761 3938 1950 4002 cepisti.
1987 3938 2251 3986 Stomacho
2290 3951 2390 3983 non
2415 3966 2430 3991 ‚

298 4019 549 4067 discordiae
576 4019 745 4067 civiles
785 4020 1091 4082 impedirent,
1124 4021 1315 4068 vereba-
1406 4030 1457 4066 m
1486 4028 1624 4065 antea
1641 4051 1658 4077 ‚
1687 4029 1961 4082 respuente.
1986 4019 2130 4066 Mn«.

298 4107 405 4145 tut:
438 4098 489 4145 id
536 4097 671 4162 quod
719 4100 914 4155 eveum
966 4116 1102 4157 nam,
1132 4103 1317 4150 Caesare
1482 4101 1531 4146 3.
1557 4098 1845 4147 Marionem.
1867 4100 2085 4146 Servum.
