3023 4773
614 420 709 491 66
1241 420 1337 488 Μ.
1387 420 1463 491 Τ.
1519 419 2106 489 CICERONIS

1906 617 2749 639 mmmmm-mmm

614 620 1629 646 mmmmmmmmm

1237 794 1828 889 EPISTOLA
1881 810 2042 889 LV.

603 990 884 1050 Anneium
914 987 1298 1059 commendat,
1322 987 1577 1064 legatum
1601 1005 1798 1057 suum,
1826 986 2121 1063 praecipue
2148 987 2207 1043 in
2234 1006 2404 1045 causa
2433 986 2737 1046 sardiana.

908 1088 1020 1167 (Ex
1044 1086 1280 1158 Cilicia,
1320 1103 1472 1142 anno
1499 1088 1572 1143 U.
1599 1087 1662 1143 C.
1696 1102 1839 1156 702,
1865 1103 2062 1143 mense
2091 1082 2430 1162 decembri.)

1025 1282 1117 1348 Μ.
1154 1281 1225 1346 Τ.
1263 1281 1332 1345 C.
1369 1280 1734 1344 THERMO
1780 1280 2078 1344 PROPR.
2117 1281 2180 1345 S.
2219 1282 2299 1345 D.

698 1431 860 1497 Erst
895 1422 1071 1494 mihi
1109 1422 1360 1493 videor
1393 1422 1862 1509 intellexisse,
1890 1445 2120 1518 quum
2151 1436 2386 1493 tecum
2417 1421 2682 1520 Ephesi
2706 1434 2728 1465 ¹

599 1536 689 1607 de
721 1560 800 1606 re
828 1537 924 1604 M.
960 1534 1257 1620 Anneii,
1296 1532 1508 1629 legati
1550 1535 1730 1617 mei,
1769 1532 2121 1628 loquutus
2157 1557 2355 1620 sum,
2392 1549 2462 1603 te
2506 1535 2738 1630 ipsius

597 1670 805 1718 causa
829 1643 1298 1716 vehementer
1328 1642 1572 1712 omnia
1600 1642 1816 1727 velle3
1864 1657 2105 1715 tamen
2134 1657 2208 1714 et
2235 1646 2333 1712 M.
2368 1647 2738 1714 Anneium

598 1759 779 1828 tanti
831 1754 1052 1842 facio,
1096 1767 1174 1823 ut
1232 1750 1408 1821 mihi
1448 1750 1630 1821 nihil
1684 1766 1936 1849 putem
1989 1752 2730 1850 premet-mittendum,

598 1865 797 1963 quod
832 1866 1023 1935 illius
1051 1863 1366 1947 intersit3
1403 1877 1472 1932 et
1506 1886 1623 1932 me
1650 1885 1690 1932 a
1717 1876 1786 1933 te
1818 1866 1996 1932 tanti
2032 1862 2187 1935 fieri
2216 1877 2432 1960 puto,
2468 1877 2550 1933 ut
2575 1889 2732 1933 non

596 1975 919 2048 dubitem
946 2028 965 2059 ,
998 1973 1175 2070 quin
1208 1971 1297 2042 ad
1337 1987 1531 2043 tuam
1562 1972 2008 2043 voluntatem
2049 1996 2351 2069 magnus
2394 1973 2734 2044 cumulus

594 2085 882 2157 accedat
934 2081 1586 2153 commendationis
1646 2106 1844 2152 meae.
1902 2084 2085 2153 Nam
2134 2107 2365 2178 quum
2408 2084 2557 2178 jam
2600 2082 2737 2154 diu

592 2197 963 2293 diligerem
999 2197 1096 2264 M.
1128 2194 1482 2264 Anneium
1506 2246 1527 2279 ,
1568 2190 1807 2289 deque
1835 2217 1923 2264 eo
1951 2194 2052 2265 sic
2085 2195 2565 2265 existimarem
2587 2248 2608 2282 ,
2646 2210 2737 2266 ut

596 2331 713 2377 res
731 2304 1068 2391 declarat,
1083 2302 1279 2400 quod
1304 2303 1499 2374 ultro
1525 2306 1591 2373 ei
1614 2304 1992 2375 detulerim
2019 2306 2478 2404 legationem,
2498 2330 2735 2405 quum

594 2416 841 2488 multis
868 2413 1282 2513 petentibus
1315 2413 1773 2513 denegassem
1800 2443 1819 2501 ς
1854 2430 2010 2485 tum
2039 2442 2238 2504 vero,
2258 2432 2736 2516 posteaquam

598 2550 886 2604 mecum
919 2526 997 2595 in
1033 2522 1272 2594 bello'
1300 2538 1519 2621 atque
1556 2527 1632 2595 in
1676 2551 1754 2596 re
1789 2528 2073 2600 militari
2110 2527 2286 2617 fuit,
2332 2544 2606 2601 tantam
2648 2530 2736 2600 in

600 2664 688 2711 eo
724 2641 1065 2707 virtutem
1089 2690 1109 2722 ,
1146 2633 1636 2733 prudentiam,
1669 2634 1887 2708 fidem
1907 2691 1926 2722 ‚
1957 2652 2379 2735 tantamque
2410 2662 2574 2735 erga
2609 2663 2738 2710 me

599 2747 1156 2821 benivolentiam
1196 2750 1540 2843 cognovi,
1574 2761 1657 2816 ut
1693 2746 2064 2818 hominem
2099 2751 2461 2820 neminem
2502 2748 2737 2847 pluris

604 2860 877 2931 faciam.
940 2863 1125 2928 Eum
1178 2881 1343 2926 cum
1395 2853 1799 2926 Sardianis³
1854 2855 2119 2929 habere
2164 2860 2733 2929 controversiam

605 2972 737 3042 scis
764 2996 779 3037 :
811 2992 1094 3042 causam
1126 2965 1258 3038 tibi
1288 2967 1752 3064 exposuimus
1777 2965 2082 3063 Ephesi;
2121 2992 2340 3064 quam
2369 2982 2452 3040 tu
2484 2983 2738 3042 tamen

605 3103 847 3152 coram
874 3075 1148 3148 {acilius
1186 3076 1591 3171 meliusque
1624 3100 2034 3172 cognosces.

706 3195 812 3263 De
849 3189 1128 3285 reliquo
1149 3184 1362 3272 mihi,
1390 3183 1800 3257 mehercule
1819 3239 1837 3272 ,
1872 3184 1998 3256 diu
2025 3184 2332 3257 dubium
2358 3185 2527 3275 fuit,
2549 3187 2741 3284 quid

609 3300 699 3371 ad
730 3315 799 3371 te
827 3299 1280 3398 potissimum
1305 3293 1714 3366 scriberem.
1744 3301 1781 3366 J
1787 3320 1870 3366 us
1894 3297 2087 3366 enim
2112 3296 2739 3392 quemadmodum

610 3407 844 3494 dicas,
898 3408 1165 3479 clarum
1211 3419 1282 3476 et
1325 3429 1581 3502 magna
1632 3430 1798 3476 cum
1853 3420 1976 3477 tua
2029 3405 2240 3477 laude
2293 3422 2549 3478 notum
2595 3425 2734 3479 est.

612 3517 839 3590 Nobis
879 3533 1116 3592 autem
1160 3517 1233 3588 in
1277 3514 1411 3586 hac
1452 3540 1664 3587 causa
1703 3514 1882 3585 nihil
1932 3514 2125 3586 aliud
2164 3540 2348 3613 opus
2399 3531 2548 3603 est,
2589 3519 2741 3590 nisi

609 3643 683 3702 te
712 3629 830 3720 jus
867 3629 1195 3699 instituto
1225 3641 1354 3697 tuo
1396 3624 1653 3696 dicere.
1695 3626 1832 3697 Sed
1874 3642 2114 3697 tamen
2156 3652 2385 3723 quum
2423 3652 2536 3699 me
2573 3651 2736 3700 non

609 3737 868 3834 fugiat,
895 3752 1164 3835 quanta
1194 3740 1287 3809 sit
1315 3738 1388 3806 in
1417 3751 1721 3834 praetore
1748 3740 2154 3825 auctoritaS,
2183 3741 2572 3836 praesertim
2593 3740 2741 3813 ista

688 3986 730 4016 1.
762 3964 948 4032 mesi.
977 3966 1091 4027 Quo
1116 3965 1229 4012 veni
1255 3964 1318 4011 nd
1344 3980 1398 4013 ιι
1428 3963 1623 4012 kalend.
1783 3965 1830 4010 3.
1852 3964 2124 4012 Sardianis.
2138 3963 2510 4029 Sardes,Lydioe
2536 3967 2740 4032 civitas,

610 4061 729 4099 sext.
755 4049 807 4095 in
831 4044 1048 4094 Ciliciam
1075 4041 1584 4107 proficiscens.Cou.
1715 4044 1776 4090 de
1822 4060 1914 4106 qua
1955 4044 2080 4093 Plin.
2117 4045 2207 4093 lib.
2231 4048 2278 4090 V
2308 4045 2539 4094 editionis
2574 4048 2734 4097 und.

681 4149 730 4180 a.
761 4132 818 4177 In
844 4126 984 4175 hello.
1006 4123 1121 4171 vid.
1139 4123 1225 4172 ins.
1247 4124 1361 4182 ΧῩ,
1382 4132 1429 4178 k.
1457 4125 1552 4172 En.
1715 4135 1835 4171 tom.
1857 4125 1910 4182 1,
1936 4139 2048 4187 pag.
2079 4140 2195 4185 ²77·
