3023 4773
431 392 448 407 '
553 379 688 451 362

1189 379 1286 445 M.
1339 378 1412 443 T.
1468 372 2021 443 CICERONIS

473 505 480 512 ’
548 518 673 571 tur
727 500 934 571 molis
979 502 1261 597 potius,
1309 520 1529 593 quam
1572 493 1949 580 Moloniw,
2008 510 2299 586 operam
2360 486 2663 558 dedisse.

545 609 760 697 Mihi,
816 608 1014 704 quod
1059 605 1540 678 defendissem
1558 601 1648 691 ⁴⁸,
1686 598 2399 703 leviter‘succensuit.
2454 600 2666 670 Nunc

545 733 784 789 tamen
816 721 997 815 petit
1027 718 1288 788 iterum
1322 714 1734 813 reipublicae
1772 736 1979 783 causa
1996 712 2081 777 ⁴9.
2117 709 2461 778 Lucceius
2490 705 2665 802 quid

546 843 742 924 agat,
780 825 1089 897 scribam
1125 826 1214 898 ad
1253 842 1359 914 te,
1404 850 1633 922 quum
1674 827 2021 894 Caesarem
2063 815 2352 904 videm,
2389 820 2512 914 qui
2546 815 2665 886 ad·

546 941 679 1009 erit
715 935 965 1008 biduo.

555 1126 560 1132 ,
639 1048 852 1138 Quod
900 1047 1210 1143 Sicyonii
1253 1060 1322 1116 te
1359 1041 1738 1131 laedunt50,
1776 1046 2029 1114 Catoni
2070 1058 2142 1114 et
2184 1044 2341 1138 ejus
2377 1035 2660 1109 aemula·

544 1159 683 1227 tori
703 1156 1047 1227 attribuas
1076 1156 1397 1227 Servilio.
1420 1152 1611 1242 Quid
1627 1153 1761 1257 {ea
1789 1152 1991 1249 plaga
2020 1178 2263 1223 nonne
2285 1150 2378 1222 ad
2400 1146 2668 1219 multos

539 1266 774 1338 bonos
819 1269 1014 1335 viros
1054 1267 1413 1364 pertinet?
1450 1263 1614 1349 sed,
1659 1264 1712 1332 si
1754 1263 1852 1331 ita
1889 1263 2194 1358 placuit,
2249 1258 2664 1338 laudemus3

539 1376 802 1448 deinde
833 1378 909 1446 in
950 1370 1587 1446 dissensionibus-¹³¹
1626 1372 1754 1441 soli
1784 1372 2297 1473 relinquamur.

635 1486 1004 1557 Amalthea
1023 1483 1084 1529 ⁵²
1122 1511 1282 1557 mea
1306 1501 1377 1555 te
1401 1495 1793 1579 exspectat,
1818 1494 1891 1551 et
1930 1480 2203 1578 indiget
2236 1481 2361 1549 tui.
2393 1474 2668 1548 Tuscu-

540 1595 785 1666 lanum
820 1611 891 1667 et
926 1597 1445 1693 Pompeianum
1484 1590 1689 1662 valde
1719 1615 1833 1662 me
1860 1590 2256 1678 delectant3
2300 1589 2434 1659 nisi
2467 1581 2667 1683 quod

542 1728 657 1774 me
678 1760 697 1791 ,
733 1704 935 1774 illum
968 1707 1202 1802 ipsum
1244 1703 1599 1773 vindicem
1639 1703 1794 1771 aeris
1831 1700 2042 1771 alieni
2061 1696 2150 1787 ⁵³,
2182 1722 2316 1769 aere
2346 1722 2494 1767 non
2526 1699 2668 1766 Co-

542 1815 813 1885 rinthio
835 1812 924 1901 54,
953 1814 1079 1884 sed
1103 1815 1243 1885 hoc
1267 1809 1844 1884 circumforaneo
1866 1807 1930 1855 ⁵⁵·
1959 1808 2384 1880 obruerunt.
2408 1811 2492 1876 In
2512 1803 2671 1874 Gal-

537 1998 686 2074 igitur
707 2028 817 2059 eum
842 2011 1067 2076 frigidum
1091 2024 1140 2060 et
1162 2012 1338 2059 malum
1362 2026 1557 2058 accusa·

539 2100 691 2136 torem
732 2091 892 2138 fuisse.
934 2093 1100 2139 Tuan.
1138 2091 1343 2141 Advers.
1380 2093 1557 2151 XXX,

538 2185 645 2231 cap.
695 2171 777 2217 13.
815 2196 884 2206 —-
943 2170 1072 2218 Male
1108 2172 1257 2235 igitur
1286 2169 1558 2232 malaspina

539 2249 749 2295 correxit
775 2250 985 2297 moleste.
1020 2253 1110 2298 En.
1143 2275 1214 2286 -
1247 2248 1395 2297 Dicit.
1433 2247 1561 2305 Alii,

538 2325 684 2373 discit.
713 2326 911 2376 Schiitz.
936 2328 1103 2376 locum
1130 2336 1325 2376 omnem
1351 2328 1415 2375 ita
1439 2343 1552 2374 cou-

538 2406 717 2464 stituit,
735 2407 878 2455 solita
896 2409 1115 2463 lieentia,
1135 2429 1160 2450 α
1177 2408 1400 2455 Nasicam
1416 2423 1557 2455 accu-

537 2485 662 2532 savit
706 2485 905 2534 moleste
924 2523 938 2548 ,
985 2504 1043 2534 ac
1086 2497 1242 2534 tamen
1296 2487 1422 2534 dixit
1463 2487 1528 2533 ita
1545 2520 1559 2542 ,

540 2575 620 2624 ut,
650 2574 745 2613 etc.
767 2587 791 2606 a·
817 2568 864 2613 J.
890 2567 950 2614 V.
977 2569 1032 2614 L.

610 2653 692 2704 47.
748 2645 892 2691 Molis
930 2645 1098 2708 pocius
1148 2660 1298 2708 quam
1351 2643 1555 2692 Moloni.

538 2720 927 2788 Προσωνομσισίο..
961 2723 1128 2770 Potius
1158 2723 1300 2770 molis
1324 2721 1553 2788 pistrina-

539 2801 620 2849 riis
635 2838 651 2863 ,
668 2817 813 2864 quam
833 2803 1026 2850 Moloni
1045 2803 1245 2851 rhetori.
1266 2828 1334 2842 -ο-
1353 2803 1424 2848 De
1444 2803 1556 2848 Μο-

537 2882 650 2929 lone
666 2882 763 2930 vid.
775 2882 903 2930 Plut.
919 2883 971 2930 in
984 2880 1109 2931 Cas.
1125 2894 1172 2930 et
1187 2884 1341 2931 Cicer.
1352 2884 1554 2928 Sueten.

539 2961 644 3009 Jul.
670 2978 719 3010 c.
744 2971 794 3018 4.
820 2964 916 3009 En.

610 3041 697 3095 48.
722 3040 1071 3105 Defendissem.
1093 3040 1333 3088 Nasicam.
1361 3038 1523 3087 Coun.

610 3128 694 3180 49.
739 3119 1029 3182 Reipublica-
1071 3135 1240 3165 causa.
1291 3115 1564 3178 Exagitatio

545 3197 746 3244 Favonii
783 3214 893 3244 cum
926 3198 1268 3252 excusatione,
1301 3195 1437 3257 quod
1470 3195 1563 3243 ite-

541 3291 648 3323 rum
674 3286 885 3338 peteret,
909 3276 1083 3323 iterum
1111 3276 1243 3322 euim
1268 3284 1435 3338 petere
1461 3290 1563 3322 non

541 3371 624 3402 sua
640 3390 655 3414 ,
694 3356 780 3404 sed
824 3353 1103 3417 reipublicae
1148 3369 1288 3401 causa
1313 3367 1327 3401 ε
1378 3352 1564 3416 alioqui

543 3444 655 3496 post
677 3434 889 3498 priorem
920 3431 1160 3497 repulsam
1188 3447 1291 3480 non
1312 3430 1457 3480 fuisse
1478 3448 1563 3496 pe-

544 3511 765 3561 titurum.
790 3515 1004 3561 Mutum.

613 3590 696 3637 50.
726 3593 792 3637 Te
808 3591 1009 3639 Iaeedum.
1029 3593 1146 3641 Nou
1161 3590 1420 3639 solventes.
1446 3589 1561 3639 vid.

539 3684 616 3730 ep.
643 3683 705 3714 ιο
724 3679 771 3716 et
796 3672 857 3717 13
874 3705 890 3728 ‚
915 3670 1001 3718 lib.
1021 3675 1061 3719 1.
1083 3672 1308 3720 Conaan.

611 3747 694 3793 51.
731 3748 917 3796 Deinde
958 3749 1007 3797 in
1052 3748 1441 3798 dissensionibus.
1484 3750 1557 3795 Ita

538 3826 591 3871 iu
617 3825 844 3873 omuibus
869 3828 1059 3891 legitur.
1090 3831 1258 3893 Itaque
1289 3827 1557 3896 εἰρωνικῶς,

539 3902 848 3966 quodamque
870 3922 981 3952 cum
1004 3909 1258 3956 stomacho
1285 3907 1464 3964 scribi,
1485 3904 1560 3951 di-

541 3981 749 4029 cendum
777 3993 867 4031 est.
906 3984 1135 4033 Mamur.
1161 4014 1232 4024 -—
1258 3984 1561 4045 Conjieiebat

538 4063 730 4111 Manat.
774 4061 1166 4122 discessionibus;
1208 4065 1356 4128 idque
1388 4064 1562 4113 Rosius

1646 2014 1848 2077 recepit.
1874 2013 2131 2077 vulgatam
2154 2012 2382 2076 prefero.
2412 2010 2525 2056 Hoc
2541 2009 2669 2057 enim

1647 2094 1820 2142 Cicero
1845 2092 1981 2141 dicit.
2012 2095 2117 2156 Age
2139 2091 2402 2158 probemus
2417 2125 2431 2149 ,
2459 2090 2573 2153 quia
2601 2088 2670 2135 sic

1647 2171 1832 2235 placuit
1864 2173 2079 2228 senatui,
2118 2170 2404 2219 sententiam
2439 2168 2672 2224 Catonis,

1648 2250 1824 2298 deinde
1839 2250 2019 2296 veroin
2033 2249 2414 2298 dissensionibus
2427 2246 2671 2304 civilibus.

1646 2345 1796 2393 quum
1834 2339 2028 2376 senatus
2062 2330 2325 2377 auctoritas
2362 2328 2455 2375 erit
2490 2327 2671 2373 tuenda

1647 2420 1818 2456 eontra
1844 2408 2153 2472 popularium
2182 2409 2415 2471 impetum
2434 2441 2448 2463 ‚
2481 2407 2669 2454 desera-

1648 2503 1757 2534 mur
1782 2503 1895 2543 nos,
1922 2488 2006 2549 qui
2028 2486 2340 2552 optimatium
2363 2501 2554 2532 causam
2572 2486 2672 2547 agi-

1644 2583 1753 2615 mus
1767 2599 1783 2624 ,
1810 2567 1872 2614 ab
1892 2568 2102 2629 equestri
2125 2565 2300 2613 ordine
2318 2577 2369 2612 et
2391 2562 2674 2612 hominibus

1642 2646 1741 2693 illis
1768 2645 2126 2709 locupletibus,
2172 2645 2355 2707 quibus
2393 2660 2537 2706 grave
2582 2642 2670 2689 da·

1642 2740 1812 2772 mnam
1829 2725 2017 2773 illatum
2035 2735 2106 2773 est
2125 2724 2544 2772 senatusconsulto
2558 2722 2665 2770 illo.

1644 2805 1824 2852 anv.

1719 2884 1807 2930 52.
1832 2882 2117 2932 Amalthea.
2139 2883 2268 2931 Vide
2294 2900 2375 2946 ep.
2406 2885 2467 2930 16
2490 2882 2574 2929 lib.
2602 2884 2646 2930 1.

1722 2960 1806 3009 53.
1840 2960 2086 3009 Vindicem
2109 2963 2219 3010 aeris
2241 2962 2408 3010 alieni.
2433 2961 2670 3021 Conjura-

1654 3039 1722 3085 tio
1741 3039 1962 3088 Catilina
1978 3053 2183 3106 propter
2206 3055 2272 3088 ει
2297 3039 2505 3087 alienum
2523 3041 2644 3085 sacta
2659 3073 2674 3093 ‚

1650 3118 1769 3167 odio
1790 3119 1998 3168 maxime
2020 3120 2333 3168 creditorum.
2358 3120 2506 3166 Recte
2525 3117 2673 3180 igitur

1651 3197 1833 3245 vindex
1844 3233 1859 3259 ,
1874 3210 1925 3246 et
1943 3211 2159 3247 servator
2172 3198 2463 3246 creditorum
2478 3197 2667 3251 cioero,

1653 3278 1739 3340 qui
1761 3278 2044 3338 conjuratos
2066 3278 2326 3326 occiderat.
2351 3277 2557 3322 Manu-r.

1724 3357 1812 3410 54.
1836 3357 1956 3403 AEte
1974 3373 2073 3404 non
2095 3354 2355 3405 Corinthio.
2377 3356 2667 3402 Senausest:

1652 3435 1914 3483 Tusculani
1929 3471 1944 3493 ‚
1986 3447 2036 3483 et
2082 3434 2364 3499 Pompeiani
2410 3429 2669 3479 aedificatio

1653 3528 1879 3576 magnum
1911 3515 2031 3562 mihi
2058 3531 2123 3562 aes
2151 3514 2360 3562 alienum
2384 3510 2668 3559 attulerunt.

1652 3591 1750 3639 Sed
1795 3594 1989 3653 joestur
2032 3594 2083 3641 in
2122 3591 2439 3656 ambiguitate
2489 3587 2626 3635 verbi
2650 3602 2666 3635 ε

1652 3686 1801 3732 quum
1820 3687 1886 3719 aes
1904 3671 2214 3721 Corinthium
2228 3670 2436 3718 maxime
2452 3666 2674 3716 laudare-

1648 3760 1744 3797 tur.
1765 3751 1919 3799 Inus.

1721 3828 1803 3875 55.
1841 3830 1944 3876 Hoc
1969 3826 2380 3891 circumforaneo.
2423 3826 2572 3889 Quod
2610 3825 2672 3872 ab

1650 3907 1929 3969 argentariis
1959 3907 2291 3956 fenerantibus
2326 3908 2549 3964 sumitur,
2591 3905 2676 3967 qui

1652 3984 1870 4033 tabernas
1896 3985 2141 4034 habebant
2168 3987 2217 4034 in
2246 3985 2520 4051 porticibus
2548 3985 2676 4032 circa

1653 4064 1829 4113 sorum.
1863 4066 2015 4112 Inus.
