3023 4773
656 444 739 497 12
1258 412 1390 494 'M.
1442 428 1519 494 Τ.
1575 414 2127 493 CICERONIS

637 572 861 648 opere
903 546 1061 643 ejus
1100 548 1477 645 municipii
1530 569 1743 619 causa
1790 543 2236 632 laborarem,
2286 541 2421 614 tibi
2465 527 2769 613 ostendi.

636 661 802 728 Po‘st
832 670 1028 727 tuam
1056 669 1296 728 autem
1329 653 1892 754 profectionem,
1932 678 2164 752 quum
2201 667 2274 725 et
2309 653 2619 724 maxima
2657 675 2779 724 res

637 767 1012 864 municipii
1031 765 1511 837 honestissimi
1538 766 1864 862 mihique
1884 763 2477 859 conjunctissimi,
2501 777 2574 833 et
2590 786 2781 832 surn-

640 902 847 948 mum
881 901 1128 948 meum
1163 875 1481 949 officium
1520 890 1877 975 ageretur,
1912 897 2048 970 pro
2090 889 2222 945 tuo
2260 876 2500 944 animo
2525 875 2613 942 ain
2657 896 2779 942 me

637 987 1010 1084 singulari,
1060 987 1495 1075 existimavi,
1531 1010 1648 1058 me
1708 997 2048 1085 oportere
2114 982 2205 1054 ad
2248 998 2320 1054 te
2376 982 2782 1053 accuratius

634 1096 946 1170 scribere
984 1125 1000 1167 ε
1048 1100 1178 1168 etsi
1220 1121 1367 1168 non
1413 1121 1576 1168 sum
1621 1098 1903 1167 nescius
1931 1148 1950 1181 ‚
2000 1107 2073 1164 et
2128 1119 2289 1192 quae
2348 1102 2792 1188 temporum

632 1208 840 1295 ratio,
867 1221 940 1278 et
965 1232 1125 1304 quae
1155 1221 1278 1277 tua
1310 1221 1625 1304 potestas
1652 1207 1774 1293 sit,
1807 1206 2088 1305 tibique
2118 1205 2491 1300 negotium
2527 1200 2783 1272 datum

633 1341 793 1388 esse
827 1340 868 1387 a
908 1319 985 1386 C.
1023 1320 1331 1405 Caesare,
1374 1340 1525 1386 non
1558 1314 1915 1412 judicium
1939 1313 1993 1404 ³,
2036 1314 2375 1412 praeclare
2430 1311 2779 1408 intelligo.

635 1428 878 1516 Quare
911 1451 951 1497 a
983 1440 1056 1501 te
1095 1440 1378 1498 tantum
1414 1441 1611 1523 peto,
1649 1440 2006 1523 quantum
2039 1440 2113 1496 et
2144 1438 2216 1495 te
2261 1421 2494 1493 facere
2531 1444 2783 1519 posse,

635 1548 709 1606 et
741 1535 1054 1607 libenter
1087 1540 1293 1607 mea‘*
1331 1560 1546 1607 causa
1580 1535 1939 1607 facturum
1976 1559 2128 1608 esse
2166 1528 2498 1605 arbitror.

736 1649 826 1717 Et
853 1649 1167 1744 primum
1192 1646 1406 1718 velim
1434 1648 1830 1734 existimes,
1850 1645 2051 1743 quod
2080 1668 2195 1715 res
2222 1656 2362 1727 est,
2394 1640 2784 1738 municipii

635 1752 965 1829 fortunas
994 1782 1249 1828 omnes
1284 1758 1361 1828 in
1393 1758 1532 1828 isto
1561 1757 1886 1852 vectigali
1918 1754 2348 1840 consistere3
2388 1750 2499 1821 his
2535 1765 2785 1822 autem

639 1864 1089 1966 temporibus
1118 1868 1261 1939 hoc
1296 1868 1772 1965 municipium
1811 1866 2135 1938 maximis
2177 1861 2525 1936 oneribus
2568 1869 2781 1958 pres-‘

638 2001 842 2067 sum,
885 1979 1181 2049 summis
1225 1977 1570 2049 affectum
1610 2000 1763 2048 esse
1817 1972 2385 2047 difficultatibus.
2435 1978 2590 2043 Hoc
2644 1973 2782 2043 etsi

641 2111 1028 2158 commune
1056 2086 1341 2158 videtur
1360 2112 1515 2159 esse
1547 2111 1713 2158 cum
1735 2087 2014 2175 multis,
2055 2100 2296 2155 tamen
2328 2081 2789 2171 mihicrede,

639 2198 1033 2294 singulares
1068 2199 1241 2269 huic
1277 2198 1676 2295 municipio
1713 2197 2151 2268 calamitates
2189 2193 2547 2267 accidisse.
2584 2195 2790 2283 Quas

634 2304 905 2379 idcirco
944 2333 1097 2379 non
1134 2331 1659 2395 commemoro,
1697 2332 1791 2378 ne
1825 2306 1915 2377 de
1949 2306 2253 2376 miseriis
2286 2327 2621 2375 meorum
2649 2326 2789 2372 ne-

637 2421 1111 2488 cessariorum
1152 2443 1605 2516 conquerens
1645 2418 1977 2488 homines
1997 2414 2256 2513 ⁵,quos
2291 2415 2503 2503 nolo,
2539 2412 2794 2484 videar

639 2524 1032 2599 offendere.
1069 2532 1348 2625 Itaque,
1378 2529 1516 2598 nisi
1542 2551 1875 2625 magnam
1901 2551 2105 2624 spem
2135 2523 2502 2613 haberem,
2528 2528 2607 2594 C.
2631 2526 2791 2594 Cae-

638 2639 778 2709 sari
797 2663 931 2710 nos
957 2662 1243 2709 causam
1266 2639 1639 2735 municipii
1662 2635 2097 2735 probaturos
2121 2662 2141 2724 ;
2185 2659 2337 2704 non
2368 2647 2518 2705 erat
2538 2657 2791 2721 causa,

637 2773 770 2820 cur
803 2775 842 2820 a
877 2763 950 2820 te
992 2748 1135 2820 hoc
1170 2763 1497 2848 tempore
1531 2747 1804 2845 aliquid
1841 2743 2382 2818 contenderem.
2428 2744 2569 2815 Sed
2609 2744 2790 2840 quia

637 2856 970 2945 confido,
1015 2858 1343 2956 mihique
1380 2859 1741 2956 persuasi,
1786 2857 1990 2928 illum
2019 2870 2102 2928 -et
2136 2854 2504 2953 dignitatis
2537 2856 2789 2922 muni-

638 2968 840 3066 cipii,
866 2982 939 3039 et
961 2970 1343 3064 aequitatis,
1379 2971 1592 3040 etiam
1621 2968 2012 3038 voluntatis
2049 2989 2218 3064 erga
2248 2989 2323 3035 se
2352 2962 2785 3034 habiturum

639 3100 792 3149 esse
819 3077 1177 3148 rationem
1212 3105 1227 3147 ε
1261 3077 1423 3149 ideo
1451 3101 1491 3147 a
1528 3091 1599 3148 te
1629 3093 1786 3147 ‘non
1817 3074 2145 3147 dubitavi
2175 3070 2654 3161 contendere,
2688 3086 2777 3142 ut

638 3185 826 3260 hanc
861 3213 1146 3261 causam
1181 3189 1280 3259 illi
1319 3191 1674 3285 integram
1712 3210 2196 3259 conservares

739 3297 958 3385 Quod
990 3299 1124 3370 etsi
1167 3297 1636 3368 nihilominus
1673 3321 1712 3366 a
1752 3310 1821 3367 te
1855 3311 2219 3394 peterem,
2260 3298 2318 3365 si
2357 3292 2538 3365 nihil
2584 3292 2796 3365 audi-

648 3406 909 3476 vissem
952 3420 1023 3478 te
1069 3407 1228 3477 tale'
1260 3404 1546 3494 fecisse,
1612 3421 1856 3478 tamen
1901 3406 2257 3502 majorem
2312 3429 2514 3502 spem
2564 3405 2806 3501 impe-

643 3514 884 3586 trandi
919 3532 1170 3588 nactus
1205 3541 1401 3606 sum,
1428 3532 1905 3618 posteaquam
1940 3517 2120 3613 mihi
2158 3515 2434 3586 dictum
2468 3501 2615 3602 est,
2643 3513 2805 3586 hoc

642 3624 836 3697 idem
896 3650 939 3696 a
985 3641 1055 3698 te
1093 3630 1477 3725 Regienses
1519 3632 2034 3729 impetravisse.
2088 3629 2233 3718 Qui
2273 3628 2406 3698 etsi
2439 3642 2509 3697 te
2543 3626 2804 3723 aliqua

644 3736 1174 3809 necessitudine
1198 3741 1592 3837 attingunt,
1622 3755 1863 3812 tamen
1890 3754 2060 3814 tuus
2097 3762 2301 3811 amor
2335 3741 2408 3808 in
2439 3760 2593 3824 me,
2619 3760 2800 3835 spe-

642 3907 863 3955 Canu.
895 3933 968 3944 —
1001 3907 1160 3957 Atella
1187 3912 1509 3976 municipium
1531 3912 1671 3981 inter
1762 3922 1894 3961 notae
1920 3912 1974 3958 in
2001 3907 2109 3958 l‘tal.
2129 3909 2299 3973 Antiq.
2321 3907 2464 3956 cluv.
2480 3924 2534 3972 p.
2557 3904 2674 3954 260.
2694 3907 2811 3957 Eu-

644 3986 860 4050 Capuam
895 3997 943 4033 et
975 3986 1260 4052 Neapolim,
1294 3992 1434 4051 cujus
1473 3991 1673 4054 vestigia
1835 3993 1886 4039 3.
1915 3992 2029 4038 Non
2041 3986 2300 4055 judicium.
2318 3988 2436 4036 Non
2453 3986 2731 4035 arbitrium.

649 4066 1106 4115 historici-credunt
1129 4085 1233 4117 esse
1265 4072 1316 4118 S.
1348 4071 1563 4135 Elpidio.
1586 4071 1671 4118 Vi·
1840 4079 1888 4128 4.
1915 4070 1994 4119 ΑΙ.
2019 4070 2168 4128 MSS,
2207 4067 2319 4115 mei.
2347 4068 2473 4115 J.V.
2492 4067 2547 4114 1..

651 4145 825 4196 dendae
870 4145 962 4195 hac
989 4147 1049 4196 de
1088 4150 1365 4210 conjectura
1414 4150 1651 4199 Holstenii
1839 4151 1885 4197 5.
1903 4150 2146 4199 Homines.
2166 4146 2681 4198 sc.Caesarianos.Eu.
