3023 4773
612 379 757 452 650
1261 386 1356 451 Μ.
1413 384 1489 451 Τ.
1547 384 2105 454 CICERONIS

612 502 980 578 bonorum
1008 503 1425 590 victoriam,
1482 505 1824 576 utriusvis
1870 504 1977 575 rei
2022 525 2141 572 me
2186 514 2311 572 aut
2345 498 2747 594 adjutorem

615 613 829 685 velim
881 637 1069 697 esse,
1113 628 1238 684 aut
1296 629 1488 685 certe
1546 640 1695 684 non
1742 628 2133 712 expertem.
2184 613 2305 683 Sin
2358 616 2747 682 vincuntur

618 722 833 810 boni3
865 721 1312 821 ubicumque
1350 748 1618 813 essem,
1667 749 1810 795 una
1858 747 2022 795 cum
2069 724 2153 793 iis
2211 723 2440 792 vietus
2496 746 2744 791 essem.

618 831 860 919 Quare
929 829 1253 900 celeritas
1320 832 1549 900 nostri
1607 830 1881 901 reditus
1930 833 2404 926 ἀμεταμέλητος
2438 827 2470 882 4
2533 827 2750 901 debet

616 963 787 1009 esse.
829 938 1049 1028 Quod
1085 941 1143 1009 si
1182 940 1315 1010 ista
1350 937 1565 1010 nobis
1598 943 1937 1037 cogitatio
1970 938 2058 1010 de
2087 937 2461 1033 triumpho
2492 938 2751 1033 injecta

615 1074 764 1119 non
789 1064 996 1135 esset,
1012 1074 1227 1146 quam
1248 1064 1330 1119 tu
1352 1074 1649 1147 quoque
1677 1044 2093 1149 approbas⁵‚
2125 1072 2233 1117 nae
2253 1062 2334 1117 tu
2363 1045 2555 1117 haud
2576 1047 2752 1118 mul-

618 1172 773 1229 tum
803 1156 1255 1255 requireres⁶
1285 1159 1489 1229 illum
1521 1161 1796 1247 virum,
1829 1158 2056 1256 quiin
2085 1181 2153 1227 vi
2194 1155 2383 1227 libro
2412 1154 2751 1227 informa·

619 1283 735 1340 tus
762 1283 871 1339 est
908 1296 923 1338 :
964 1268 1145 1365 quid
1185 1272 1379 1339 enim
1415 1270 1549 1340 tibi
1589 1268 1837 1340 faciam
1863 1324 1882 1357 ,
1925 1270 2055 1366 qui
2083 1268 2241 1338 illos
2269 1267 2496 1338 libros
2533 1266 2752 1338 devo·

617 1382 830 1450 rasti?
866 1381 1061 1470 Quin
1114 1406 1315 1451 nunc
1372 1385 1614 1479 ipsum
1670 1407 1819 1452 non
1869 1377 2228 1450 dubitabo
2270 1403 2421 1449 rem
2481 1394 2752 1449 tantam

617 1488 958 1583 abjicere,
997 1491 1055 1560 si
1090 1490 1164 1560 id
1218 1495 1355 1561 erit
1394 1493 1682 1562 rectius.
1735 1495 2144 1587 Utrumque
2176 1513 2347 1559 vero
2388 1489 2602 1559 simul
2643 1489 2758 1585 agi

617 1621 767 1667 non
789 1612 1063 1695 potest,
1106 1614 1178 1670 et
1207 1599 1297 1671 de
1326 1599 1695 1697 triumpho
1727 1597 2138 1686 ambitiose,
2161 1613 2234 1670 et
2260 1598 2351 1669 de
2378 1597 2757 1696 republica

615 1705 867 1778 libere.
925 1709 1063 1778 Sed
1106 1734 1199 1780 ne
1247 1708 1637 1795 dubitaris,
1681 1711 1861 1805 quin
1894 1763 1914 1795 ,
1966 1706 2169 1805 quod
2226 1707 2642 1790 honestius,
2683 1707 2757 1777 id

614 1817 793 1887 mihi
846 1815 1173 1889 futurum
1217 1820 1306 1890 sit
1341 1819 1733 1916 antiquius.
1782 1823 1966 1889 Nam
2008 1816 2209 1915 quod
2253 1832 2462 1914 putas
2504 1817 2763 1887 utilius

616 1952 768 1997 esse
824 1927 936 1999 vel
988 1928 1208 2012 mihi,
1271 1926 1474 2025 quod
1519 1933 1746 1999 tutius
1787 1929 1915 2015 sit,
1959 1927 2072 1999 vel
2128 1928 2339 1998 etiam
2387 1940 2469 1995 ut
2507 1930 2760 2023 reipu-

614 2034 819 2108 blicae
861 2037 1198 2134 prodesse
1241 2041 1560 2136 possim⁷
1591 2092 1610 2125 ,
1653 2062 1772 2109 me
1818 2062 1972 2108 esse
2028 2061 2196 2108 cum
2248 2037 2555 2132 imperio
2605 2065 2623 2106 :
2683 2035 2761 2106 id

617 2171 861 2217 coram
898 2147 1520 2220 considerabimus
1554 2147 1765 2246 quale
1801 2150 1909 2217 sit.
1944 2145 2176 2218 Habet
2203 2149 2395 2217 enim
2424 2171 2542 2217 res
2576 2145 2758 2217 deli-

618 2254 1108 2345 berationem3
1150 2259 1277 2329 etsi
1317 2285 1399 2330 ex
1440 2272 1643 2356 parte
1674 2282 1931 2354 magna
1953 2257 2082 2328 tibi
2112 2259 2441 2328 assentio.
2475 2261 2587 2328 De
2615 2262 2762 2327 ani·

617 2391 741 2438 mo
775 2383 1018 2439 autem
1056 2394 1222 2440 meo
1267 2394 1432 2466 erga
1471 2367 2026 2465 rempublicam,
2068 2368 2254 2439 bene
2299 2366 2508 2453 faciS,
2550 2365 2755 2464 quod

614 2502 769 2547 non
801 2475 1124 2565 dubitas3
1164 2493 1237 2551 et
1271 2478 1449 2549 illud
1470 2478 1701 2576 probe
1729 2478 2012 2575 judicas
2035 2533 2052 2564 ‚
2091 2504 2548 2576 nequaquam
2587 2480 2760 2548 satis

619 2610 755 2684 pro
793 2589 968 2657 meis
997 2588 1283 2676 officiis,
1327 2613 1461 2685 pro
1498 2589 1723 2685 ipsius
1769 2590 1841 2659 in
1879 2589 2020 2659 alio
2058 2587 2445 2676 effusione,
2483 2589 2692 2659 illum
2723 2584 2755 2632 ⁸

613 2696 687 2766 in
723 2722 839 2768 me
877 2697 1247 2769 liberalem
1285 2697 1551 2788 fuisse;
1613 2700 1916 2796 ejusque
1954 2706 2055 2770 rei
2093 2724 2379 2771 causam
2416 2724 2582 2770 vere
2626 2724 2749 2769 ex·

616 2805 874 2903 plicas3
911 2823 983 2879 et
1010 2810 1112 2879 eis
1136 2864 1156 2896 ,
1199 2835 1360 2906 quae
1395 2810 1484 2880 de
1518 2808 1737 2881 Fabio
1764 2813 2255 2908 Caninioque9
2279 2825 2432 2881 acta
2461 2809 2751 2887 scribis.

615 2916 821 2989 valde
860 2923 1350 2990 consentiunt.
1392 2922 1571 3009 Quae
1616 2922 1677 2990 si
1712 2944 1919 2991 secus
1947 2934 2221 3007 essent,
2258 2933 2642 3017 totumque
2676 2943 2754 2988 se

618 3026 735 3098 ille
784 3029 857 3098 in
917 3054 1035 3101 me
1087 3027 1528 3127 profudisset
1589 3057 1604 3097 ε
1669 3045 1912 3101 tamen
1971 3031 2090 3101 illa
2117 3086 2136 3119 ,
2190 3055 2404 3128 quam
2463 3028 2752 3111 scribis,

614 3151 860 3208 custos
926 3139 1261 3228 Urbisw,
1305 3166 1421 3212 me
1445 3140 1795 3238 praeclarae
1836 3144 2324 3240 inscriptionis
2353 3165 2749 3213 memorem

618 3271 770 3320 esse
800 3266 1126 3347 cogeret3
1156 3276 1289 3323 nec
1325 3252 1499 3322 mihi
1537 3250 2005 3341 concederet,
2045 3269 2127 3324 ut
2154 3255 2469 3325 imitarer
2497 3252 2753 3322 Volca-

689 3480 738 3527 4·
757 3459 1138 3542 Ᾰμιταμίλητος.
1164 3475 1280 3524 Nou
1298 3474 1599 3541 poenitenda.
1726 3476 1966 3539 possim».
1998 3476 2095 3525 Sed
2136 3478 2308 3541 qnaerit
2353 3476 2757 3528 concinuit-ten,

690 3553 737 3599 5.
755 3555 944 3602 Ernest.
960 3556 1289 3619 approbabas.
1317 3557 1366 3603 J.
1388 3558 1448 3602 V.
1476 3557 1528 3604 L.
1725 3570 1869 3617 quam
1889 3557 2051 3604 minus
2070 3556 2219 3620 exigit
2240 3556 2554 3620 epistolarum
2578 3570 2757 3617 genus.

686 3632 736 3679 6.
756 3634 913 3681 Haud
922 3635 1124 3683 multum
1140 3635 1418 3698 requireres.
1441 3637 1638 3684 Diceret
1724 3635 1847 3682 J.v.
1869 3638 1924 3684 1..

619 3726 696 3756 me
721 3710 859 3759 illum
887 3713 1076 3776 ipsum,
1108 3731 1251 3778 quem
1280 3714 1332 3761 in
1359 3717 1429 3761 Vl
1460 3714 1549 3762 lib.
1576 3714 1636 3761 de
1798 3716 1848 3762 8.
1879 3715 2045 3764 Illum.
2070 3717 2322 3764 Caesarem.
2349 3717 2488 3763 Mau.

622 3790 890 3852 Republica
926 3792 1203 3843 informavi.
1238 3796 1444 3858 Aget-em
1475 3796 1605 3841 enim
1624 3827 1639 3853 ,
1799 3808 1851 3855 9.
1875 3794 2027 3841 Fabio
2050 3792 2368 3858 Caninioque.
2398 3793 2546 3841 Fabio
2577 3790 2760 3841 Galle.

617 3879 669 3916 et
702 3867 853 3920 libere
896 3871 1105 3921 ‹hcet-em
1129 3908 1142 3934 ,
1193 3891 1301 3938 quae
1341 3874 1402 3922 de
1447 3872 1637 3938 republ.
1728 3873 1936 3922 Caninio
1967 3873 2179 3934 Rebilo,
2216 3886 2423 3937 utroque
2450 3871 2657 3922 exuaris
2688 3871 2766 3917 le·

619 3946 861 3995 sentirem.
885 3950 1029 3998 ΜΑε.
1729 3965 1857 4016 gato,
1884 3956 2033 4001 loun.

698 4042 746 4086 7.
796 4026 911 4072 Em.
947 4028 1138 4087 mallet,
1171 4053 1196 4072 κ
1216 4032 1289 4078 vel
1323 4032 1604 4095 reipublicae
1623 4068 1638 4092 ,
1807 4049 1886 4081 ιο.
1923 4032 2087 4080 Custos
2119 4032 2272 4080 Urbis.
2305 4033 2541 4080 Minervae
2564 4041 2726 4079 statua
2753 4066 2769 4081 .

617 4114 672 4151 ut
690 4104 922 4167 prodesse
938 4108 1120 4168 possim
1141 4129 1186 4169 -,
1203 4111 1328 4165 sive,
1350 4133 1373 4150 ··
1389 4112 1468 4157 cui
1490 4113 1635 4173 prod.
1728 4127 1872 4174 quam
1887 4145 1902 4170 ‚
1950 4111 2000 4158 in
2045 4112 2263 4159 exsilium
2311 4109 2630 4175 proficiscens
2650 4145 2664 4167 ‚
2706 4111 2766 4157 iu
