<?xml version="1.0" encoding="UTF-8"?>
<!DOCTYPE html PUBLIC "-//W3C//DTD XHTML 1.0 Transitional//EN"
    "http://www.w3.org/TR/xhtml1/DTD/xhtml1-transitional.dtd">
<html xmlns="http://www.w3.org/1999/xhtml" xml:lang="en" lang="en">
 <head>
  <title>
</title>
<meta http-equiv="Content-Type" content="text/html;charset=utf-8" />
  <meta name='ocr-system' content='tesseract 3.04.00' />
  <meta name='ocr-capabilities' content='ocr_page ocr_carea ocr_par ocr_line ocrx_word'/>
</head>
<body>
  <div class='ocr_page' id='page_1' title='image "./mtciceronisquae01bouigoog_0542.png"; bbox 0 0 3023 4773; ppageno 0'>
   <div class='ocr_carea' id='block_1_1' title="bbox 642 401 792 474">
    <p class='ocr_par' dir='ltr' id='par_1_1' title="bbox 642 401 792 474">
     <span class='ocr_line' id='line_1_1' title="bbox 642 401 792 474; baseline 0 0"><span class='ocrx_word' id='word_1_1' title='bbox 642 401 792 474; x_wconf 83' lang='lat'><strong>532-</strong></span> 
     </span>
    </p>
   </div>
   <div class='ocr_carea' id='block_1_2' title="bbox 586 572 1364 608">
    <p class='ocr_par' dir='ltr' id='par_1_2' title="bbox 586 572 1364 608">
     <span class='ocr_line' id='line_1_2' title="bbox 586 572 1364 608; baseline -0.004 1"><span class='ocrx_word' id='word_1_2' title='bbox 586 572 590 576; x_wconf 65' lang='lat'><strong>⁴</strong></span> <span class='ocrx_word' id='word_1_3' title='bbox 634 586 1364 608; x_wconf 51' lang='lat' dir='ltr'><strong>mmmm-mmm</strong></span> 
     </span>
    </p>
   </div>
   <div class='ocr_carea' id='block_1_3' title="bbox 1280 409 2136 508">
    <p class='ocr_par' dir='ltr' id='par_1_3' title="bbox 1280 409 2136 508">
     <span class='ocr_line' id='line_1_3' title="bbox 1280 409 2136 508; baseline 0.005 -34"><span class='ocrx_word' id='word_1_4' title='bbox 1280 410 1390 508; x_wconf 77' lang='lat' dir='ltr'><strong>M.</strong></span> <span class='ocrx_word' id='word_1_5' title='bbox 1430 409 1508 475; x_wconf 91' lang='lat' dir='ltr'><strong>T.</strong></span> <span class='ocrx_word' id='word_1_6' title='bbox 1563 409 2136 479; x_wconf 77' lang='lat' dir='ltr'><strong>CICERoms</strong></span> 
     </span>
    </p>
   </div>
   <div class='ocr_carea' id='block_1_4' title="bbox 1645 589 2743 616">
    <p class='ocr_par' dir='ltr' id='par_1_4' title="bbox 1645 589 2743 616">
     <span class='ocr_line' id='line_1_4' title="bbox 1645 589 2743 616; baseline 0.009 -9"><span class='ocrx_word' id='word_1_7' title='bbox 1645 589 2007 610; x_wconf 60' lang='lat' dir='ltr'><strong>mmmm</strong></span> <span class='ocrx_word' id='word_1_8' title='bbox 2011 590 2192 610; x_wconf 60' lang='lat' dir='ltr'><strong>mm</strong></span> <span class='ocrx_word' id='word_1_9' title='bbox 2198 590 2284 612; x_wconf 55' lang='grc' dir='ltr'><strong>Μ</strong></span> <span class='ocrx_word' id='word_1_10' title='bbox 2289 591 2743 616; x_wconf 45' lang='lat' dir='ltr'><strong>„MC”</strong></span> 
     </span>
    </p>
   </div>
   <div class='ocr_carea' id='block_1_5' title="bbox 1367 587 1641 608">
    <p class='ocr_par' dir='ltr' id='par_1_5' title="bbox 1367 587 1641 608">
     <span class='ocr_line' id='line_1_5' title="bbox 1367 587 1641 608; baseline 0 4165"><span class='ocrx_word' id='word_1_11' title='bbox 1367 587 1641 608; x_wconf 95' lang='lat' dir='ltr'><strong> </strong></span> 
     </span>
    </p>
   </div>
   <div class='ocr_carea' id='block_1_6' title="bbox 1203 746 2205 829">
    <p class='ocr_par' dir='ltr' id='par_1_6' title="bbox 1203 746 2205 829">
     <span class='ocr_line' id='line_1_6' title="bbox 1203 746 2205 829; baseline 0.004 -4"><span class='ocrx_word' id='word_1_12' title='bbox 1203 746 1812 827; x_wconf 90' lang='lat' dir='ltr'><strong>EPISTOLA</strong></span> <span class='ocrx_word' id='word_1_13' title='bbox 1867 750 2205 829; x_wconf 90' lang='lat' dir='ltr'><strong>XVIII.</strong></span> 
     </span>
    </p>
   </div>
   <div class='ocr_carea' id='block_1_7' title="bbox 638 911 2760 1093">
    <p class='ocr_par' dir='ltr' id='par_1_7' title="bbox 638 911 2760 1093">
     <span class='ocr_line' id='line_1_7' title="bbox 638 911 2760 992; baseline 0.004 -24"><span class='ocrx_word' id='word_1_14' title='bbox 638 914 728 968; x_wconf 89' lang='lat' dir='ltr'><strong>De</strong></span> <span class='ocrx_word' id='word_1_15' title='bbox 769 913 1069 969; x_wconf 89' lang='lat' dir='ltr'><strong>consulum</strong></span> <span class='ocrx_word' id='word_1_16' title='bbox 1116 930 1248 969; x_wconf 89' lang='lat' dir='ltr'><strong>cum</strong></span> <span class='ocrx_word' id='word_1_17' title='bbox 1298 913 1627 970; x_wconf 83' lang='lat' dir='ltr'><strong>consulatus</strong></span> <span class='ocrx_word' id='word_1_18' title='bbox 1673 911 2152 991; x_wconf 82' lang='lat' dir='ltr'>competitoribus</span> <span class='ocrx_word' id='word_1_19' title='bbox 2195 915 2500 992; x_wconf 82' lang='lat' dir='ltr'><strong>pactione;</strong></span> <span class='ocrx_word' id='word_1_20' title='bbox 2551 917 2624 975; x_wconf 93' lang='lat' dir='ltr'><strong>de</strong></span> <span class='ocrx_word' id='word_1_21' title='bbox 2657 938 2760 976; x_wconf 75' lang='lat' dir='ltr'><strong>sua</strong></span> 
     </span>
     <span class='ocr_line' id='line_1_8' title="bbox 711 1007 2757 1093; baseline 0.004 -28"><span class='ocrx_word' id='word_1_22' title='bbox 711 1027 842 1066; x_wconf 91' lang='lat' dir='ltr'><strong>cum</strong></span> <span class='ocrx_word' id='word_1_23' title='bbox 857 1010 1082 1067; x_wconf 76' lang='lat' dir='ltr'><strong>Caesare</strong></span> <span class='ocrx_word' id='word_1_24' title='bbox 1099 1007 1524 1084; x_wconf 90' lang='lat' dir='ltr'><strong>conjunctione,</strong></span> <span class='ocrx_word' id='word_1_25' title='bbox 1549 1021 1607 1066; x_wconf 91' lang='lat' dir='ltr'><strong>et</strong></span> <span class='ocrx_word' id='word_1_26' title='bbox 1625 1009 1890 1088; x_wconf 88' lang='lat' dir='ltr'><strong>Pompeii</strong></span> <span class='ocrx_word' id='word_1_27' title='bbox 1914 1008 2197 1088; x_wconf 84' lang='lat' dir='ltr'><strong>legatione</strong></span> <span class='ocrx_word' id='word_1_28' title='bbox 2216 1008 2507 1071; x_wconf 80' lang='lat' dir='ltr'><strong>obeunda.</strong></span> <span class='ocrx_word' id='word_1_29' title='bbox 2519 1017 2757 1093; x_wconf 77' lang='lat' dir='ltr'><strong>(Romae,</strong></span> 
     </span>
    </p>
   </div>
   <div class='ocr_carea' id='block_1_8' title="bbox 711 1103 2074 1312">
    <p class='ocr_par' dir='ltr' id='par_1_8' title="bbox 711 1103 2074 1312">
     <span class='ocr_line' id='line_1_9' title="bbox 711 1103 1902 1182; baseline 0.001 -19"><span class='ocrx_word' id='word_1_30' title='bbox 711 1124 863 1163; x_wconf 80' lang='lat' dir='ltr'><strong>anno</strong></span> <span class='ocrx_word' id='word_1_31' title='bbox 892 1110 966 1165; x_wconf 88' lang='lat' dir='ltr'><strong>U.</strong></span> <span class='ocrx_word' id='word_1_32' title='bbox 996 1107 1059 1164; x_wconf 88' lang='lat' dir='ltr'><strong>C.</strong></span> <span class='ocrx_word' id='word_1_33' title='bbox 1093 1103 1253 1182; x_wconf 87' lang='lat'><strong>699.)</strong></span> <span class='ocrx_word' id='word_1_34' title='bbox 1891 1157 1902 1164; x_wconf 95' lang='lat'><strong>.</strong></span> 
     </span>
     <span class='ocr_line' id='line_1_10' title="bbox 1279 1241 2074 1312; baseline 0.008 -6"><span class='ocrx_word' id='word_1_35' title='bbox 1279 1241 1598 1308; x_wconf 87' lang='lat' dir='ltr'><strong>CICERO</strong></span> <span class='ocrx_word' id='word_1_36' title='bbox 1644 1245 1962 1311; x_wconf 88' lang='lat' dir='ltr'><strong>ATTICO</strong></span> <span class='ocrx_word' id='word_1_37' title='bbox 2011 1247 2074 1312; x_wconf 92' lang='lat' dir='ltr'><strong>S.</strong></span> 
     </span>
    </p>
   </div>
   <div class='ocr_carea' id='block_1_9' title="bbox 607 1395 2759 2600">
    <p class='ocr_par' dir='ltr' id='par_1_9' title="bbox 607 1395 2759 2600">
     <span class='ocr_line' id='line_1_11' title="bbox 721 1395 2759 1483; baseline 0.005 -19"><span class='ocrx_word' id='word_1_38' title='bbox 721 1398 916 1466; x_wconf 78' lang='lat' dir='ltr'><strong>Puro</strong></span> <span class='ocrx_word' id='word_1_39' title='bbox 961 1407 1032 1465; x_wconf 88' lang='lat' dir='ltr'><strong>te</strong></span> <span class='ocrx_word' id='word_1_40' title='bbox 1078 1396 1558 1483; x_wconf 80' lang='lat' dir='ltr'><strong>existimare¹‚</strong></span> <span class='ocrx_word' id='word_1_41' title='bbox 1602 1418 1756 1481; x_wconf 90' lang='lat' dir='ltr'><strong>me,</strong></span> <span class='ocrx_word' id='word_1_42' title='bbox 1798 1419 1995 1468; x_wconf 92' lang='lat' dir='ltr'><strong>nunc</strong></span> <span class='ocrx_word' id='word_1_43' title='bbox 2028 1395 2337 1472; x_wconf 90' lang='lat' dir='ltr'><strong>oblitum</strong></span> <span class='ocrx_word' id='word_1_44' title='bbox 2376 1416 2759 1474; x_wconf 87' lang='lat' dir='ltr'><strong>consuetu-</strong></span> 
     </span>
     <span class='ocr_line' id='line_1_12' title="bbox 623 1505 2756 1608; baseline 0.003 -32"><span class='ocrx_word' id='word_1_45' title='bbox 623 1506 809 1577; x_wconf 90' lang='lat' dir='ltr'>dinis</span> <span class='ocrx_word' id='word_1_46' title='bbox 851 1520 925 1576; x_wconf 89' lang='lat' dir='ltr'><strong>et</strong></span> <span class='ocrx_word' id='word_1_47' title='bbox 972 1507 1285 1576; x_wconf 87' lang='lat' dir='ltr'><strong>instituti</strong></span> <span class='ocrx_word' id='word_1_48' title='bbox 1341 1506 1519 1592; x_wconf 79' lang='lat' dir='ltr'><strong>mei,</strong></span> <span class='ocrx_word' id='word_1_49' title='bbox 1580 1505 1809 1577; x_wconf 88' lang='lat' dir='ltr'><strong>rarius</strong></span> <span class='ocrx_word' id='word_1_50' title='bbox 1862 1506 1948 1577; x_wconf 91' lang='lat' dir='ltr'><strong>ad</strong></span> <span class='ocrx_word' id='word_1_51' title='bbox 1997 1521 2069 1579; x_wconf 91' lang='lat' dir='ltr'><strong>te</strong></span> <span class='ocrx_word' id='word_1_52' title='bbox 2129 1509 2476 1595; x_wconf 88' lang='lat' dir='ltr'><strong>scribere,</strong></span> <span class='ocrx_word' id='word_1_53' title='bbox 2537 1537 2756 1608; x_wconf 88' lang='lat' dir='ltr'><strong>quam</strong></span> 
     </span>
     <span class='ocr_line' id='line_1_13' title="bbox 624 1613 2758 1712; baseline 0.004 -26"><span class='ocrx_word' id='word_1_54' title='bbox 624 1614 995 1704; x_wconf 89' lang='lat' dir='ltr'><strong>solebam;</strong></span> <span class='ocrx_word' id='word_1_55' title='bbox 1034 1614 1201 1704; x_wconf 90' lang='lat' dir='ltr'><strong>sed,</strong></span> <span class='ocrx_word' id='word_1_56' title='bbox 1237 1638 1467 1712; x_wconf 90' lang='lat' dir='ltr'><strong>quum</strong></span> <span class='ocrx_word' id='word_1_57' title='bbox 1506 1613 1662 1684; x_wconf 85' lang='lat' dir='ltr'><strong>loca</strong></span> <span class='ocrx_word' id='word_1_58' title='bbox 1707 1628 1780 1685; x_wconf 91' lang='lat' dir='ltr'><strong>et</strong></span> <span class='ocrx_word' id='word_1_59' title='bbox 1816 1615 2069 1688; x_wconf 88' lang='lat' dir='ltr'><strong>itinera</strong></span> <span class='ocrx_word' id='word_1_60' title='bbox 2108 1633 2232 1689; x_wconf 88' lang='lat' dir='ltr'><strong>tua</strong></span> <span class='ocrx_word' id='word_1_61' title='bbox 2272 1619 2454 1691; x_wconf 91' lang='lat' dir='ltr'><strong>nihil</strong></span> <span class='ocrx_word' id='word_1_62' title='bbox 2489 1619 2758 1694; x_wconf 84' lang='lat' dir='ltr'><strong>habere</strong></span> 
     </span>
     <span class='ocr_line' id='line_1_14' title="bbox 619 1725 2758 1827; baseline 0.003 -30"><span class='ocrx_word' id='word_1_63' title='bbox 619 1731 794 1799; x_wconf 90' lang='lat' dir='ltr'><strong>certi</strong></span> <span class='ocrx_word' id='word_1_64' title='bbox 832 1726 1079 1814; x_wconf 89' lang='lat' dir='ltr'><strong>vide0,</strong></span> <span class='ocrx_word' id='word_1_65' title='bbox 1113 1750 1350 1824; x_wconf 90' lang='lat' dir='ltr'><strong>neque</strong></span> <span class='ocrx_word' id='word_1_66' title='bbox 1376 1725 1448 1793; x_wconf 90' lang='lat' dir='ltr'><strong>in</strong></span> <span class='ocrx_word' id='word_1_67' title='bbox 1481 1726 1817 1820; x_wconf 89' lang='lat' dir='ltr'>Epirum,</span> <span class='ocrx_word' id='word_1_68' title='bbox 1857 1750 2100 1823; x_wconf 90' lang='lat' dir='ltr'><strong>neque</strong></span> <span class='ocrx_word' id='word_1_69' title='bbox 2128 1727 2480 1817; x_wconf 78' lang='lat' dir='ltr'><strong>AthenaS‚</strong></span> <span class='ocrx_word' id='word_1_70' title='bbox 2512 1756 2758 1827; x_wconf 88' lang='lat' dir='ltr'><strong>neque</strong></span> 
     </span>
     <span class='ocr_line' id='line_1_15' title="bbox 617 1835 2756 1935; baseline 0.001 -28"><span class='ocrx_word' id='word_1_71' title='bbox 617 1839 695 1908; x_wconf 92' lang='lat' dir='ltr'><strong>in</strong></span> <span class='ocrx_word' id='word_1_72' title='bbox 729 1839 1006 1922; x_wconf 83' lang='lat' dir='ltr'><strong>Asiam,</strong></span> <span class='ocrx_word' id='word_1_73' title='bbox 1048 1858 1287 1932; x_wconf 90' lang='lat' dir='ltr'><strong>neque</strong></span> <span class='ocrx_word' id='word_1_74' title='bbox 1324 1835 1708 1930; x_wconf 88' lang='lat' dir='ltr'><strong>cuiquam,</strong></span> <span class='ocrx_word' id='word_1_75' title='bbox 1771 1835 1906 1905; x_wconf 88' lang='lat' dir='ltr'><strong>nisi</strong></span> <span class='ocrx_word' id='word_1_76' title='bbox 1951 1835 2040 1906; x_wconf 90' lang='lat' dir='ltr'><strong>ad</strong></span> <span class='ocrx_word' id='word_1_77' title='bbox 2078 1851 2148 1908; x_wconf 86' lang='lat' dir='ltr'><strong>te</strong></span> <span class='ocrx_word' id='word_1_78' title='bbox 2184 1839 2423 1935; x_wconf 90' lang='lat' dir='ltr'><strong>ipsum</strong></span> <span class='ocrx_word' id='word_1_79' title='bbox 2460 1838 2756 1935; x_wconf 88' lang='lat' dir='ltr'><strong>profici·</strong></span> 
     </span>
     <span class='ocr_line' id='line_1_16' title="bbox 616 1944 2755 2046; baseline 0.001 -28"><span class='ocrx_word' id='word_1_80' title='bbox 616 1951 873 2033; x_wconf 72' lang='lat' dir='ltr'><strong>secuti,</strong></span> <span class='ocrx_word' id='word_1_81' title='bbox 935 1945 1098 2016; x_wconf 90' lang='lat' dir='ltr'><strong>dedi</strong></span> <span class='ocrx_word' id='word_1_82' title='bbox 1162 1944 1418 2015; x_wconf 88' lang='lat' dir='ltr'><strong>literas.</strong></span> <span class='ocrx_word' id='word_1_83' title='bbox 1485 1945 1734 2039; x_wconf 86' lang='lat' dir='ltr'><strong>Neque</strong></span> <span class='ocrx_word' id='word_1_84' title='bbox 1798 1949 1990 2015; x_wconf 86' lang='lat' dir='ltr'><strong>enim</strong></span> <span class='ocrx_word' id='word_1_85' title='bbox 2046 1962 2218 2018; x_wconf 91' lang='lat' dir='ltr'><strong>sunt</strong></span> <span class='ocrx_word' id='word_1_86' title='bbox 2276 1973 2375 2019; x_wconf 83' lang='lat' dir='ltr'><strong>eae</strong></span> <span class='ocrx_word' id='word_1_87' title='bbox 2430 1951 2755 2046; x_wconf 71' lang='lat' dir='ltr'><strong>epistolae</strong></span> 
     </span>
     <span class='ocr_line' id='line_1_17' title="bbox 615 2053 2754 2153; baseline 0.003 -28"><span class='ocrx_word' id='word_1_88' title='bbox 615 2072 903 2142; x_wconf 77' lang='lat' dir='ltr'><strong>nostrae,</strong></span> <span class='ocrx_word' id='word_1_89' title='bbox 934 2080 1094 2153; x_wconf 84' lang='lat' dir='ltr'><strong>quae</strong></span> <span class='ocrx_word' id='word_1_90' title='bbox 1115 2056 1174 2126; x_wconf 92' lang='lat' dir='ltr'><strong>si</strong></span> <span class='ocrx_word' id='word_1_91' title='bbox 1193 2053 1483 2152; x_wconf 84' lang='lat' dir='ltr'><strong>perlatae</strong></span> <span class='ocrx_word' id='word_1_92' title='bbox 1515 2078 1666 2124; x_wconf 90' lang='lat' dir='ltr'><strong>non</strong></span> <span class='ocrx_word' id='word_1_93' title='bbox 1684 2055 1861 2140; x_wconf 88' lang='lat' dir='ltr'><strong>sint,</strong></span> <span class='ocrx_word' id='word_1_94' title='bbox 1895 2056 2074 2127; x_wconf 89' lang='lat' dir='ltr'><strong>nihil</strong></span> <span class='ocrx_word' id='word_1_95' title='bbox 2110 2083 2192 2130; x_wconf 84' lang='lat' dir='ltr'><strong>ea</strong></span> <span class='ocrx_word' id='word_1_96' title='bbox 2217 2083 2332 2130; x_wconf 88' lang='lat' dir='ltr'><strong>res</strong></span> <span class='ocrx_word' id='word_1_97' title='bbox 2354 2083 2488 2130; x_wconf 91' lang='lat' dir='ltr'><strong>nos</strong></span> <span class='ocrx_word' id='word_1_98' title='bbox 2515 2057 2754 2131; x_wconf 82' lang='lat' dir='ltr'><strong>offen-</strong></span> 
     </span>
     <span class='ocr_line' id='line_1_18' title="bbox 614 2161 2754 2263; baseline 0.004 -28"><span class='ocrx_word' id='word_1_99' title='bbox 614 2187 780 2235; x_wconf 89' lang='lat' dir='ltr'><strong>sura</strong></span> <span class='ocrx_word' id='word_1_100' title='bbox 821 2166 954 2251; x_wconf 89' lang='lat' dir='ltr'><strong>sit;</strong></span> <span class='ocrx_word' id='word_1_101' title='bbox 992 2189 1151 2262; x_wconf 84' lang='lat' dir='ltr'><strong>quae</strong></span> <span class='ocrx_word' id='word_1_102' title='bbox 1190 2179 1469 2235; x_wconf 88' lang='lat' dir='ltr'><strong>tantum</strong></span> <span class='ocrx_word' id='word_1_103' title='bbox 1505 2161 1779 2234; x_wconf 87' lang='lat' dir='ltr'><strong>habent</strong></span> <span class='ocrx_word' id='word_1_104' title='bbox 1807 2168 2316 2263; x_wconf 84' lang='lat' dir='ltr'><strong>mysteriorum</strong></span> <span class='ocrx_word' id='word_1_105' title='bbox 2341 2223 2360 2256; x_wconf 85' lang='lat'>‚</span> <span class='ocrx_word' id='word_1_106' title='bbox 2391 2183 2476 2240; x_wconf 93' lang='lat' dir='ltr'><strong>ut</strong></span> <span class='ocrx_word' id='word_1_107' title='bbox 2509 2194 2629 2242; x_wconf 87' lang='lat' dir='ltr'><strong>eas</strong></span> <span class='ocrx_word' id='word_1_108' title='bbox 2654 2197 2754 2244; x_wconf 87' lang='lat' dir='ltr'><strong>ne</strong></span> 
     </span>
     <span class='ocr_line' id='line_1_19' title="bbox 608 2271 2751 2378; baseline 0.005 -36"><span class='ocrx_word' id='word_1_109' title='bbox 608 2271 914 2345; x_wconf 90' lang='lat' dir='ltr'><strong>librariis</strong></span> <span class='ocrx_word' id='word_1_110' title='bbox 976 2273 1271 2371; x_wconf 88' lang='lat' dir='ltr'><strong>quidem</strong></span> <span class='ocrx_word' id='word_1_111' title='bbox 1312 2271 1462 2344; x_wconf 87' lang='lat' dir='ltr'><strong>fere</strong></span> <span class='ocrx_word' id='word_1_112' title='bbox 1515 2275 2071 2348; x_wconf 83' lang='lat' dir='ltr'><strong>committamus.</strong></span> <span class='ocrx_word' id='word_1_113' title='bbox 2130 2277 2537 2375; x_wconf 78' lang='lat' dir='ltr'><strong>Lepidum²</strong></span> <span class='ocrx_word' id='word_1_114' title='bbox 2597 2307 2751 2378; x_wconf 91' lang='lat' dir='ltr'><strong>quo</strong></span> 
     </span>
     <span class='ocr_line' id='line_1_20' title="bbox 613 2382 2750 2484; baseline 0.004 -30"><span class='ocrx_word' id='word_1_115' title='bbox 613 2383 909 2456; x_wconf 84' lang='lat' dir='ltr'><strong>excidat.</strong></span> <span class='ocrx_word' id='word_1_116' title='bbox 939 2384 1288 2456; x_wconf 87' lang='lat' dir='ltr'><strong>Consules</strong></span> <span class='ocrx_word' id='word_1_117' title='bbox 1306 2383 1618 2481; x_wconf 82' lang='lat' dir='ltr'><strong>flagrant</strong></span> <span class='ocrx_word' id='word_1_118' title='bbox 1646 2382 1939 2457; x_wconf 87' lang='lat' dir='ltr'><strong>infamia</strong></span> <span class='ocrx_word' id='word_1_119' title='bbox 1960 2441 1979 2476; x_wconf 91' lang='lat'><strong><em>‚</em></strong></span> <span class='ocrx_word' id='word_1_120' title='bbox 2012 2389 2210 2484; x_wconf 90' lang='lat' dir='ltr'><strong>quod</strong></span> <span class='ocrx_word' id='word_1_121' title='bbox 2240 2393 2321 2460; x_wconf 91' lang='lat' dir='ltr'><strong>C.</strong></span> <span class='ocrx_word' id='word_1_122' title='bbox 2358 2394 2750 2463; x_wconf 90' lang='lat' dir='ltr'><strong>Memmius</strong></span> 
     </span>
     <span class='ocr_line' id='line_1_21' title="bbox 607 2491 2749 2600; baseline 0.003 -33"><span class='ocrx_word' id='word_1_123' title='bbox 607 2495 1026 2568; x_wconf 84' lang='lat' dir='ltr'><strong>candidatus</strong></span> <span class='ocrx_word' id='word_1_124' title='bbox 1050 2491 1507 2594; x_wconf 80' lang='lat' dir='ltr'><strong>pactionem³</strong></span> <span class='ocrx_word' id='word_1_125' title='bbox 1542 2495 1618 2564; x_wconf 91' lang='lat' dir='ltr'><strong>in</strong></span> <span class='ocrx_word' id='word_1_126' title='bbox 1655 2511 1908 2568; x_wconf 87' lang='lat' dir='ltr'><strong>senatu</strong></span> <span class='ocrx_word' id='word_1_127' title='bbox 1940 2501 2299 2588; x_wconf 88' lang='lat' dir='ltr'><strong>recitavit,</strong></span> <span class='ocrx_word' id='word_1_128' title='bbox 2339 2524 2559 2597; x_wconf 87' lang='lat' dir='ltr'><strong>quam</strong></span> <span class='ocrx_word' id='word_1_129' title='bbox 2590 2501 2749 2600; x_wconf 89' lang='lat' dir='ltr'><strong>ipse</strong></span> 
     </span>
    </p>
   </div>
   <div class='ocr_carea' id='block_1_10' title="bbox 606 2637 2746 2808">
    <p class='ocr_par' dir='ltr' id='par_1_10' title="bbox 606 2637 2746 2808">
     <span class='ocr_line' id='line_1_22' title="bbox 683 2637 2746 2738; baseline 0.003 -23"><span class='ocrx_word' id='word_1_130' title='bbox 683 2685 730 2718; x_wconf 85' lang='lat'><strong>1.</strong></span> <span class='ocrx_word' id='word_1_131' title='bbox 759 2668 920 2717; x_wconf 76' lang='lat' dir='ltr'><strong>Verba</strong></span> <span class='ocrx_word' id='word_1_132' title='bbox 950 2671 1064 2729; x_wconf 79' lang='lat' dir='ltr'><strong>ista,</strong></span> <span class='ocrx_word' id='word_1_133' title='bbox 1101 2637 1270 2737; x_wconf 76' lang='lat' dir='ltr'><strong>«Puto</strong></span> <span class='ocrx_word' id='word_1_134' title='bbox 1304 2680 1351 2718; x_wconf 89' lang='lat' dir='ltr'><strong>te</strong></span> <span class='ocrx_word' id='word_1_135' title='bbox 1384 2668 1629 2717; x_wconf 77' lang='lat' dir='ltr'><strong>existima·</strong></span> <span class='ocrx_word' id='word_1_136' title='bbox 1716 2684 1969 2736; x_wconf 77' lang='lat' dir='ltr'><strong>spargatur</strong></span> <span class='ocrx_word' id='word_1_137' title='bbox 2018 2674 2072 2722; x_wconf 88' lang='lat' dir='ltr'><strong>in</strong></span> <span class='ocrx_word' id='word_1_138' title='bbox 2115 2673 2342 2738; x_wconf 76' lang='lat' dir='ltr'><strong>vulgus».</strong></span> <span class='ocrx_word' id='word_1_139' title='bbox 2379 2673 2433 2721; x_wconf 84' lang='lat' dir='ltr'><strong>J.</strong></span> <span class='ocrx_word' id='word_1_140' title='bbox 2469 2673 2537 2721; x_wconf 81' lang='lat' dir='ltr'><strong>V.</strong></span> <span class='ocrx_word' id='word_1_141' title='bbox 2569 2675 2623 2721; x_wconf 84' lang='lat'><strong>1..</strong></span> <span class='ocrx_word' id='word_1_142' title='bbox 2673 2701 2746 2711; x_wconf 92' lang='lat'><strong>—</strong></span> 
     </span>
     <span class='ocr_line' id='line_1_23' title="bbox 606 2748 2709 2808; baseline 0.003 -12"><span class='ocrx_word' id='word_1_143' title='bbox 606 2765 679 2797; x_wconf 87' lang='lat' dir='ltr'><strong>re.</strong></span> <span class='ocrx_word' id='word_1_144' title='bbox 702 2782 715 2796; x_wconf 89' lang='lat'><strong>.</strong></span> <span class='ocrx_word' id='word_1_145' title='bbox 737 2785 751 2796; x_wconf 91' lang='lat'><strong>.</strong></span> <span class='ocrx_word' id='word_1_146' title='bbox 777 2749 879 2796; x_wconf 83' lang='lat' dir='ltr'><strong>fere</strong></span> <span class='ocrx_word' id='word_1_147' title='bbox 899 2748 1283 2797; x_wconf 77' lang='lat' dir='ltr'><strong>committamus·</strong></span> <span class='ocrx_word' id='word_1_148' title='bbox 1301 2783 1316 2808; x_wconf 91' lang='lat'>,</span> <span class='ocrx_word' id='word_1_149' title='bbox 1334 2748 1451 2801; x_wconf 84' lang='lat' dir='ltr'><strong>viris</strong></span> <span class='ocrx_word' id='word_1_150' title='bbox 1466 2748 1627 2796; x_wconf 86' lang='lat' dir='ltr'><strong>doctis</strong></span> <span class='ocrx_word' id='word_1_151' title='bbox 1717 2751 1933 2800; x_wconf 74' lang='lat' dir='ltr'><strong>Delendn</strong></span> <span class='ocrx_word' id='word_1_152' title='bbox 1959 2754 2063 2802; x_wconf 73' lang='lat' dir='ltr'><strong>haec</strong></span> <span class='ocrx_word' id='word_1_153' title='bbox 2091 2752 2238 2802; x_wconf 81' lang='lat' dir='ltr'><strong>verba</strong></span> <span class='ocrx_word' id='word_1_154' title='bbox 2266 2754 2491 2801; x_wconf 81' lang='lat' dir='ltr'><strong>Muretus</strong></span> <span class='ocrx_word' id='word_1_155' title='bbox 2525 2764 2709 2802; x_wconf 81' lang='lat' dir='ltr'><strong>censet.</strong></span> 
     </span>
    </p>
   </div>
   <div class='ocr_carea' id='block_1_11' title="bbox 590 2826 1628 4234">
    <p class='ocr_par' dir='ltr' id='par_1_11' title="bbox 602 2826 1628 3115">
     <span class='ocr_line' id='line_1_24' title="bbox 608 2826 1628 2891; baseline -0.002 -16"><span class='ocrx_word' id='word_1_156' title='bbox 608 2840 793 2891; x_wconf 75' lang='lat' dir='ltr'><strong>partem</strong></span> <span class='ocrx_word' id='word_1_157' title='bbox 807 2828 974 2876; x_wconf 81' lang='lat' dir='ltr'><strong>fecisse</strong></span> <span class='ocrx_word' id='word_1_158' title='bbox 994 2827 1223 2877; x_wconf 83' lang='lat' dir='ltr'><strong>videntur</strong></span> <span class='ocrx_word' id='word_1_159' title='bbox 1237 2829 1359 2876; x_wconf 83' lang='lat' dir='ltr'><strong>alius</strong></span> <span class='ocrx_word' id='word_1_160' title='bbox 1376 2826 1628 2889; x_wconf 77' lang='lat' dir='ltr'><strong>cujusdam</strong></span> 
     </span>
     <span class='ocr_line' id='line_1_25' title="bbox 602 2907 1628 2973; baseline -0.004 -17"><span class='ocrx_word' id='word_1_161' title='bbox 602 2909 841 2973; x_wconf 80' lang='lat' dir='ltr'><strong>epistolae.</strong></span> <span class='ocrx_word' id='word_1_162' title='bbox 865 2907 992 2955; x_wconf 72' lang='lat' dir='ltr'><strong>Nam</strong></span> <span class='ocrx_word' id='word_1_163' title='bbox 1010 2923 1161 2971; x_wconf 87' lang='lat' dir='ltr'><strong>quum</strong></span> <span class='ocrx_word' id='word_1_164' title='bbox 1178 2908 1372 2956; x_wconf 84' lang='lat' dir='ltr'><strong>Atticus</strong></span> <span class='ocrx_word' id='word_1_165' title='bbox 1384 2909 1484 2967; x_wconf 87' lang='lat' dir='ltr'><strong>jam</strong></span> <span class='ocrx_word' id='word_1_166' title='bbox 1504 2916 1628 2954; x_wconf 84' lang='lat' dir='ltr'><strong>esset</strong></span> 
     </span>
     <span class='ocr_line' id='line_1_26' title="bbox 604 2986 1622 3052; baseline 0 -19"><span class='ocrx_word' id='word_1_167' title='bbox 604 2987 658 3034; x_wconf 88' lang='lat' dir='ltr'><strong>in</strong></span> <span class='ocrx_word' id='word_1_168' title='bbox 686 2986 844 3047; x_wconf 76' lang='lat' dir='ltr'><strong>Italis,</strong></span> <span class='ocrx_word' id='word_1_169' title='bbox 864 2987 1082 3051; x_wconf 88' lang='lat' dir='ltr'><strong>ineptum</strong></span> <span class='ocrx_word' id='word_1_170' title='bbox 1106 2987 1272 3035; x_wconf 80' lang='lat' dir='ltr'><strong>suisset</strong></span> <span class='ocrx_word' id='word_1_171' title='bbox 1290 2989 1335 3035; x_wconf 92' lang='lat' dir='ltr'><strong>ei</strong></span> <span class='ocrx_word' id='word_1_172' title='bbox 1352 3002 1593 3052; x_wconf 85' lang='lat' dir='ltr'><strong>exponere</strong></span> <span class='ocrx_word' id='word_1_173' title='bbox 1606 3022 1622 3048; x_wconf 86' lang='lat'><strong>‚</strong></span> 
     </span>
     <span class='ocr_line' id='line_1_27' title="bbox 602 3065 1477 3115; baseline 0 -3"><span class='ocrx_word' id='word_1_174' title='bbox 602 3081 690 3114; x_wconf 90' lang='lat' dir='ltr'><strong>cur</strong></span> <span class='ocrx_word' id='word_1_175' title='bbox 711 3065 774 3113; x_wconf 84' lang='lat' dir='ltr'><strong>ad</strong></span> <span class='ocrx_word' id='word_1_176' title='bbox 800 3082 911 3114; x_wconf 88' lang='lat' dir='ltr'><strong>eum</strong></span> <span class='ocrx_word' id='word_1_177' title='bbox 936 3067 1088 3114; x_wconf 80' lang='lat' dir='ltr'><strong>rarius</strong></span> <span class='ocrx_word' id='word_1_178' title='bbox 1113 3067 1360 3115; x_wconf 75' lang='lat' dir='ltr'><strong>scriberet.</strong></span> <span class='ocrx_word' id='word_1_179' title='bbox 1385 3068 1477 3114; x_wconf 85' lang='lat' dir='ltr'><strong>En.</strong></span> 
     </span>
    </p>

    <p class='ocr_par' dir='ltr' id='par_1_12' title="bbox 590 3144 1623 4234">
     <span class='ocr_line' id='line_1_28' title="bbox 677 3144 1623 3209; baseline -0.003 -16"><span class='ocrx_word' id='word_1_180' title='bbox 677 3160 725 3193; x_wconf 78' lang='lat'><strong>2.</strong></span> <span class='ocrx_word' id='word_1_181' title='bbox 774 3145 1010 3209; x_wconf 80' lang='lat' dir='ltr'><strong>Lepidum</strong></span> <span class='ocrx_word' id='word_1_182' title='bbox 1048 3161 1146 3209; x_wconf 79' lang='lat' dir='ltr'><strong>quo</strong></span> <span class='ocrx_word' id='word_1_183' title='bbox 1186 3160 1261 3192; x_wconf 86' lang='lat' dir='ltr'><strong>res</strong></span> <span class='ocrx_word' id='word_1_184' title='bbox 1301 3144 1459 3192; x_wconf 74' lang='lat' dir='ltr'><strong>cadat.</strong></span> <span class='ocrx_word' id='word_1_185' title='bbox 1503 3144 1623 3193; x_wconf 88' lang='lat' dir='ltr'><strong>Cor-</strong></span> 
     </span>
     <span class='ocr_line' id='line_1_29' title="bbox 603 3222 1622 3288; baseline -0.001 -18"><span class='ocrx_word' id='word_1_186' title='bbox 603 3233 803 3288; x_wconf 82' lang='lat' dir='ltr'><strong>ruptum</strong></span> <span class='ocrx_word' id='word_1_187' title='bbox 811 3224 943 3272; x_wconf 89' lang='lat' dir='ltr'><strong>hunc</strong></span> <span class='ocrx_word' id='word_1_188' title='bbox 955 3223 1118 3271; x_wconf 91' lang='lat' dir='ltr'><strong>locum</strong></span> <span class='ocrx_word' id='word_1_189' title='bbox 1133 3222 1475 3287; x_wconf 79' lang='lat' dir='ltr'><strong>interpretatur</strong></span> <span class='ocrx_word' id='word_1_190' title='bbox 1487 3224 1622 3269; x_wconf 74' lang='lat' dir='ltr'><strong>Lern-</strong></span> 
     </span>
     <span class='ocr_line' id='line_1_30' title="bbox 601 3298 1622 3366; baseline 0.001 -19"><span class='ocrx_word' id='word_1_191' title='bbox 601 3298 770 3352; x_wconf 89' lang='lat' dir='ltr'><strong>binus:</strong></span> <span class='ocrx_word' id='word_1_192' title='bbox 791 3301 1030 3366; x_wconf 82' lang='lat' dir='ltr'><strong>Lepidum</strong></span> <span class='ocrx_word' id='word_1_193' title='bbox 1054 3299 1255 3366; x_wconf 86' lang='lat' dir='ltr'><strong>(inquit)</strong></span> <span class='ocrx_word' id='word_1_194' title='bbox 1273 3300 1622 3364; x_wconf 77' lang='lat' dir='ltr'><strong>spectaculum,</strong></span> 
     </span>
     <span class='ocr_line' id='line_1_31' title="bbox 605 3379 1622 3445; baseline 0.002 -19"><span class='ocrx_word' id='word_1_195' title='bbox 605 3380 770 3429; x_wconf 82' lang='lat' dir='ltr'><strong>videre</strong></span> <span class='ocrx_word' id='word_1_196' title='bbox 791 3397 890 3445; x_wconf 90' lang='lat' dir='ltr'><strong>quo</strong></span> <span class='ocrx_word' id='word_1_197' title='bbox 913 3397 987 3429; x_wconf 84' lang='lat' dir='ltr'><strong>res</strong></span> <span class='ocrx_word' id='word_1_198' title='bbox 1009 3379 1167 3427; x_wconf 72' lang='lat' dir='ltr'><strong>cudat.</strong></span> <span class='ocrx_word' id='word_1_199' title='bbox 1203 3407 1270 3416; x_wconf 93' lang='lat'><strong>-—-</strong></span> <span class='ocrx_word' id='word_1_200' title='bbox 1293 3379 1432 3427; x_wconf 86' lang='lat' dir='ltr'><strong>Nihil</strong></span> <span class='ocrx_word' id='word_1_201' title='bbox 1451 3391 1588 3428; x_wconf 89' lang='lat' dir='ltr'><strong>muto</strong></span> <span class='ocrx_word' id='word_1_202' title='bbox 1606 3416 1622 3442; x_wconf 87' lang='lat'>,</span> 
     </span>
     <span class='ocr_line' id='line_1_32' title="bbox 600 3458 1623 3524; baseline -0.001 -17"><span class='ocrx_word' id='word_1_203' title='bbox 600 3460 938 3524; x_wconf 75' lang='lat' dir='ltr'><strong>manuscriptis</strong></span> <span class='ocrx_word' id='word_1_204' title='bbox 961 3460 1137 3507; x_wconf 79' lang='lat' dir='ltr'><strong>haereo.</strong></span> <span class='ocrx_word' id='word_1_205' title='bbox 1175 3458 1415 3515; x_wconf 77' lang='lat' dir='ltr'><strong>Excidae,</strong></span> <span class='ocrx_word' id='word_1_206' title='bbox 1447 3459 1623 3522; x_wconf 86' lang='lat' dir='ltr'><strong>imper-</strong></span> 
     </span>
     <span class='ocr_line' id='line_1_33' title="bbox 602 3537 1622 3596; baseline -0.002 -9"><span class='ocrx_word' id='word_1_207' title='bbox 602 3539 768 3588; x_wconf 83' lang='lat' dir='ltr'><strong>sonale</strong></span> <span class='ocrx_word' id='word_1_208' title='bbox 791 3550 880 3588; x_wconf 84' lang='lat' dir='ltr'><strong>est.</strong></span> <span class='ocrx_word' id='word_1_209' title='bbox 910 3541 1116 3588; x_wconf 77' lang='lat' dir='ltr'><strong>Jumus.</strong></span> <span class='ocrx_word' id='word_1_210' title='bbox 1144 3564 1216 3575; x_wconf 92' lang='grc'>-</span> <span class='ocrx_word' id='word_1_211' title='bbox 1249 3538 1407 3587; x_wconf 80' lang='lat' dir='ltr'><strong>Aldus</strong></span> <span class='ocrx_word' id='word_1_212' title='bbox 1433 3537 1588 3585; x_wconf 86' lang='lat' dir='ltr'><strong>edidit</strong></span> <span class='ocrx_word' id='word_1_213' title='bbox 1608 3572 1622 3596; x_wconf 97' lang='lat'>,</span> 
     </span>
     <span class='ocr_line' id='line_1_34' title="bbox 601 3615 1622 3682; baseline 0 -19"><span class='ocrx_word' id='word_1_214' title='bbox 601 3618 777 3667; x_wconf 77' lang='lat' dir='ltr'><strong>nedum</strong></span> <span class='ocrx_word' id='word_1_215' title='bbox 815 3617 1010 3666; x_wconf 73' lang='lat' dir='ltr'><strong>cuilibet</strong></span> <span class='ocrx_word' id='word_1_216' title='bbox 1031 3651 1047 3677; x_wconf 86' lang='lat'>,</span> <span class='ocrx_word' id='word_1_217' title='bbox 1087 3616 1223 3682; x_wconf 87' lang='lat' dir='ltr'><strong>quod</strong></span> <span class='ocrx_word' id='word_1_218' title='bbox 1254 3616 1441 3665; x_wconf 80' lang='lat' dir='ltr'><strong>facilem</strong></span> <span class='ocrx_word' id='word_1_219' title='bbox 1476 3615 1622 3664; x_wconf 87' lang='lat' dir='ltr'><strong>intel-</strong></span> 
     </span>
     <span class='ocr_line' id='line_1_35' title="bbox 600 3695 1618 3762; baseline -0.001 -18"><span class='ocrx_word' id='word_1_220' title='bbox 600 3695 779 3745; x_wconf 88' lang='lat' dir='ltr'><strong>lectum</strong></span> <span class='ocrx_word' id='word_1_221' title='bbox 831 3697 980 3746; x_wconf 78' lang='lat' dir='ltr'><strong>habet</strong></span> <span class='ocrx_word' id='word_1_222' title='bbox 994 3731 1009 3756; x_wconf 90' lang='lat'>,</span> <span class='ocrx_word' id='word_1_223' title='bbox 1061 3714 1175 3746; x_wconf 89' lang='lat' dir='ltr'><strong>cum</strong></span> <span class='ocrx_word' id='word_1_224' title='bbox 1231 3695 1618 3762; x_wconf 72' lang='lat' dir='ltr'><strong>praecedentibus</strong></span> 
     </span>
     <span class='ocr_line' id='line_1_36' title="bbox 601 3776 1616 3836; baseline 0.002 -15"><span class='ocrx_word' id='word_1_225' title='bbox 601 3777 956 3836; x_wconf 85' lang='lat' dir='ltr'><strong>conjunctum,</strong></span> <span class='ocrx_word' id='word_1_226' title='bbox 983 3776 1068 3825; x_wconf 87' lang='lat' dir='ltr'><strong>sed</strong></span> <span class='ocrx_word' id='word_1_227' title='bbox 1089 3811 1103 3835; x_wconf 88' lang='lat'>,</span> <span class='ocrx_word' id='word_1_228' title='bbox 1142 3787 1199 3823; x_wconf 88' lang='lat' dir='ltr'><strong>ut</strong></span> <span class='ocrx_word' id='word_1_229' title='bbox 1231 3776 1491 3824; x_wconf 81' lang='lat' dir='ltr'><strong>verisimile</strong></span> <span class='ocrx_word' id='word_1_230' title='bbox 1516 3780 1616 3833; x_wconf 80' lang='lat' dir='ltr'><strong>est,</strong></span> 
     </span>
     <span class='ocr_line' id='line_1_37' title="bbox 596 3853 1616 3921; baseline 0.004 -23"><span class='ocrx_word' id='word_1_231' title='bbox 596 3867 659 3899; x_wconf 84' lang='lat' dir='ltr'><strong>ex</strong></span> <span class='ocrx_word' id='word_1_232' title='bbox 675 3853 889 3917; x_wconf 82' lang='lat' dir='ltr'><strong>ingenio.</strong></span> <span class='ocrx_word' id='word_1_233' title='bbox 903 3855 980 3904; x_wconf 78' lang='lat' dir='ltr'><strong>Al.</strong></span> <span class='ocrx_word' id='word_1_234' title='bbox 1001 3855 1168 3921; x_wconf 84' lang='lat' dir='ltr'><strong>legunt</strong></span> <span class='ocrx_word' id='word_1_235' title='bbox 1184 3891 1200 3917; x_wconf 81' lang='lat'>,</span> <span class='ocrx_word' id='word_1_236' title='bbox 1219 3879 1245 3898; x_wconf 73' lang='grc' dir='ltr'><strong>α</strong></span> <span class='ocrx_word' id='word_1_237' title='bbox 1261 3856 1496 3921; x_wconf 86' lang='lat' dir='ltr'><strong>Lepidum</strong></span> <span class='ocrx_word' id='word_1_238' title='bbox 1516 3871 1616 3919; x_wconf 90' lang='lat' dir='ltr'><strong>quo</strong></span> 
     </span>
     <span class='ocr_line' id='line_1_38' title="bbox 594 3931 1614 3995; baseline 0.004 -16"><span class='ocrx_word' id='word_1_239' title='bbox 594 3931 774 3980; x_wconf 72' lang='lat' dir='ltr'><strong>exedat</strong></span> <span class='ocrx_word' id='word_1_240' title='bbox 796 3954 839 3982; x_wconf 73' lang='lat' dir='ltr'><strong>n.</strong></span> <span class='ocrx_word' id='word_1_241' title='bbox 881 3936 1101 3983; x_wconf 82' lang='lat' dir='ltr'><strong>Graevius</strong></span> <span class='ocrx_word' id='word_1_242' title='bbox 1123 3938 1337 3985; x_wconf 81' lang='lat' dir='ltr'><strong>correxit</strong></span> <span class='ocrx_word' id='word_1_243' title='bbox 1359 3970 1377 3995; x_wconf 83' lang='lat'><strong>,</strong></span> <span class='ocrx_word' id='word_1_244' title='bbox 1403 3956 1426 3978; x_wconf 72' lang='grc' dir='ltr'>ι</span> <span class='ocrx_word' id='word_1_245' title='bbox 1454 3951 1518 3983; x_wconf 90' lang='lat' dir='ltr'><strong>ne</strong></span> <span class='ocrx_word' id='word_1_246' title='bbox 1543 3933 1614 3982; x_wconf 89' lang='lat' dir='ltr'><strong>le·</strong></span> 
     </span>
     <span class='ocr_line' id='line_1_39' title="bbox 593 4004 1616 4081; baseline 0.004 -23"><span class='ocrx_word' id='word_1_247' title='bbox 593 4004 768 4075; x_wconf 72' lang='lat' dir='ltr'><strong>pidum</strong></span> <span class='ocrx_word' id='word_1_248' title='bbox 806 4011 926 4075; x_wconf 84' lang='lat' dir='ltr'><strong>quid</strong></span> <span class='ocrx_word' id='word_1_249' title='bbox 959 4014 1151 4062; x_wconf 75' lang='lat' dir='ltr'><strong>excidat</strong></span> <span class='ocrx_word' id='word_1_250' title='bbox 1169 4036 1191 4059; x_wconf 76' lang='grc' dir='ltr'>ι</span> <span class='ocrx_word' id='word_1_251' title='bbox 1213 4050 1230 4077; x_wconf 85' lang='grc'><em>,</em></span> <span class='ocrx_word' id='word_1_252' title='bbox 1266 4031 1360 4081; x_wconf 83' lang='lat' dir='ltr'><strong>pro</strong></span> <span class='ocrx_word' id='word_1_253' title='bbox 1386 4038 1411 4056; x_wconf 73' lang='grc' dir='ltr'><strong>οι</strong></span> <span class='ocrx_word' id='word_1_254' title='bbox 1434 4031 1492 4062; x_wconf 89' lang='lat' dir='ltr'><strong>ne</strong></span> <span class='ocrx_word' id='word_1_255' title='bbox 1528 4014 1616 4062; x_wconf 73' lang='lat' dir='ltr'><strong>ali·</strong></span> 
     </span>
     <span class='ocr_line' id='line_1_40' title="bbox 594 4089 1614 4155; baseline 0.004 -17"><span class='ocrx_word' id='word_1_256' title='bbox 594 4090 717 4154; x_wconf 81' lang='lat' dir='ltr'><strong>quid</strong></span> <span class='ocrx_word' id='word_1_257' title='bbox 752 4089 1024 4155; x_wconf 76' lang='lat' dir='ltr'><strong>lepidsmm</strong></span> <span class='ocrx_word' id='word_1_258' title='bbox 1059 4108 1218 4140; x_wconf 87' lang='lat' dir='ltr'><strong>rerum</strong></span> <span class='ocrx_word' id='word_1_259' title='bbox 1260 4104 1311 4142; x_wconf 92' lang='lat' dir='ltr'><strong>et</strong></span> <span class='ocrx_word' id='word_1_260' title='bbox 1353 4094 1614 4142; x_wconf 78' lang='lat' dir='ltr'><strong>verborum</strong></span> 
     </span>
     <span class='ocr_line' id='line_1_41' title="bbox 590 4167 1612 4234; baseline 0.004 -17"><span class='ocrx_word' id='word_1_261' title='bbox 590 4186 700 4234; x_wconf 74' lang='lat' dir='ltr'><strong>quse</strong></span> <span class='ocrx_word' id='word_1_262' title='bbox 726 4168 786 4217; x_wconf 81' lang='lat' dir='ltr'><strong>nd</strong></span> <span class='ocrx_word' id='word_1_263' title='bbox 817 4179 864 4217; x_wconf 84' lang='lat' dir='ltr'><strong>te</strong></span> <span class='ocrx_word' id='word_1_264' title='bbox 885 4167 1076 4228; x_wconf 88' lang='lat' dir='ltr'><strong>scribo,</strong></span> <span class='ocrx_word' id='word_1_265' title='bbox 1100 4171 1205 4218; x_wconf 76' lang='lat' dir='ltr'><strong>aliis</strong></span> <span class='ocrx_word' id='word_1_266' title='bbox 1232 4174 1534 4230; x_wconf 78' lang='lat' dir='ltr'><strong>innotescat,</strong></span> <span class='ocrx_word' id='word_1_267' title='bbox 1562 4185 1612 4221; x_wconf 91' lang='lat' dir='ltr'><strong>et</strong></span> 
     </span>
    </p>
   </div>
   <div class='ocr_carea' id='block_1_12' title="bbox 1715 2831 2746 2952">
    <p class='ocr_par' dir='ltr' id='par_1_13' title="bbox 1715 2831 2746 2952">
     <span class='ocr_line' id='line_1_42' title="bbox 1787 2831 2738 2882; baseline 0.005 -5"><span class='ocrx_word' id='word_1_268' title='bbox 1787 2831 1841 2880; x_wconf 82' lang='lat'><strong>3.</strong></span> <span class='ocrx_word' id='word_1_269' title='bbox 1891 2832 2190 2881; x_wconf 80' lang='lat' dir='ltr'><strong>Paceionem.</strong></span> <span class='ocrx_word' id='word_1_270' title='bbox 2246 2832 2415 2881; x_wconf 80' lang='lat' dir='ltr'><strong>Pactio</strong></span> <span class='ocrx_word' id='word_1_271' title='bbox 2459 2831 2563 2880; x_wconf 79' lang='lat' dir='ltr'><strong>baec</strong></span> <span class='ocrx_word' id='word_1_272' title='bbox 2608 2845 2738 2882; x_wconf 79' lang='lat' dir='ltr'><strong>erat.</strong></span> 
     </span>
     <span class='ocr_line' id='line_1_43' title="bbox 1715 2900 2746 2952; baseline 0.004 -5"><span class='ocrx_word' id='word_1_273' title='bbox 1715 2900 1973 2950; x_wconf 86' lang='lat' dir='ltr'><strong>Memmius</strong></span> <span class='ocrx_word' id='word_1_274' title='bbox 1991 2913 2040 2950; x_wconf 85' lang='lat' dir='ltr'><strong>et</strong></span> <span class='ocrx_word' id='word_1_275' title='bbox 2052 2907 2104 2951; x_wconf 90' lang='lat' dir='ltr'><strong>L.</strong></span> <span class='ocrx_word' id='word_1_276' title='bbox 2119 2903 2368 2950; x_wconf 82' lang='lat' dir='ltr'><strong>Domitius</strong></span> <span class='ocrx_word' id='word_1_277' title='bbox 2386 2901 2746 2952; x_wconf 69' lang='lat' dir='ltr'><strong>Ahenobarbus</strong></span> 
     </span>
    </p>
   </div>
   <div class='ocr_carea' id='block_1_13' title="bbox 1701 2981 2752 4157">
    <p class='ocr_par' dir='ltr' id='par_1_14' title="bbox 1701 2981 2752 4157">
     <span class='ocr_line' id='line_1_44' title="bbox 1717 2981 2744 3047; baseline 0.005 -21"><span class='ocrx_word' id='word_1_278' title='bbox 1717 2981 1938 3029; x_wconf 87' lang='lat' dir='ltr'><strong>consules</strong></span> <span class='ocrx_word' id='word_1_279' title='bbox 1960 2981 2065 3030; x_wconf 81' lang='lat' dir='ltr'><strong>fieri</strong></span> <span class='ocrx_word' id='word_1_280' title='bbox 2093 2984 2298 3046; x_wconf 88' lang='lat' dir='ltr'><strong>cupiunt</strong></span> <span class='ocrx_word' id='word_1_281' title='bbox 2320 2996 2333 3028; x_wconf 72' lang='grc' dir='ltr'><strong><em>ε</em></strong></span> <span class='ocrx_word' id='word_1_282' title='bbox 2358 2983 2552 3047; x_wconf 80' lang='lat' dir='ltr'><strong>Appius</strong></span> <span class='ocrx_word' id='word_1_283' title='bbox 2577 2994 2744 3031; x_wconf 76' lang='lat' dir='ltr'><strong>sutem</strong></span> 
     </span>
     <span class='ocr_line' id='line_1_45' title="bbox 1711 3062 2743 3112; baseline 0.001 -2"><span class='ocrx_word' id='word_1_284' title='bbox 1711 3062 1947 3111; x_wconf 73' lang='lat' dir='ltr'><strong>Claudius</strong></span> <span class='ocrx_word' id='word_1_285' title='bbox 1984 3073 2034 3111; x_wconf 88' lang='lat' dir='ltr'><strong>et</strong></span> <span class='ocrx_word' id='word_1_286' title='bbox 2071 3065 2129 3112; x_wconf 88' lang='lat'><strong>1..</strong></span> <span class='ocrx_word' id='word_1_287' title='bbox 2169 3063 2415 3111; x_wconf 75' lang='lat' dir='ltr'><strong>Domitius</strong></span> <span class='ocrx_word' id='word_1_288' title='bbox 2449 3062 2743 3111; x_wconf 74' lang='lat' dir='ltr'><strong>Ahenobar-</strong></span> 
     </span>
     <span class='ocr_line' id='line_1_46' title="bbox 1711 3141 2745 3205; baseline 0.002 -16"><span class='ocrx_word' id='word_1_289' title='bbox 1711 3141 1803 3189; x_wconf 85' lang='lat' dir='ltr'><strong>bus</strong></span> <span class='ocrx_word' id='word_1_290' title='bbox 1834 3143 2058 3191; x_wconf 85' lang='lat' dir='ltr'><strong>consules</strong></span> <span class='ocrx_word' id='word_1_291' title='bbox 2078 3142 2148 3190; x_wconf 83' lang='lat' dir='ltr'><strong>-id</strong></span> <span class='ocrx_word' id='word_1_292' title='bbox 2183 3152 2360 3205; x_wconf 75' lang='lat' dir='ltr'><strong>egunt,</strong></span> <span class='ocrx_word' id='word_1_293' title='bbox 2397 3154 2454 3190; x_wconf 91' lang='lat' dir='ltr'><strong>ut</strong></span> <span class='ocrx_word' id='word_1_294' title='bbox 2479 3143 2745 3193; x_wconf 74' lang='lat' dir='ltr'><strong>consulatu</strong></span> 
     </span>
     <span class='ocr_line' id='line_1_47' title="bbox 1708 3220 2748 3286; baseline 0.005 -20"><span class='ocrx_word' id='word_1_295' title='bbox 1708 3221 1866 3269; x_wconf 87' lang='lat' dir='ltr'><strong>functi</strong></span> <span class='ocrx_word' id='word_1_296' title='bbox 1881 3224 1930 3270; x_wconf 93' lang='lat' dir='ltr'><strong>in</strong></span> <span class='ocrx_word' id='word_1_297' title='bbox 1949 3222 2225 3286; x_wconf 76' lang='lat' dir='ltr'><strong>provincias</strong></span> <span class='ocrx_word' id='word_1_298' title='bbox 2237 3220 2506 3270; x_wconf 83' lang='lat' dir='ltr'><strong>mittantur.</strong></span> <span class='ocrx_word' id='word_1_299' title='bbox 2530 3223 2748 3271; x_wconf 84' lang='lat' dir='ltr'><strong>Promit-</strong></span> 
     </span>
     <span class='ocr_line' id='line_1_48' title="bbox 1711 3300 2748 3367; baseline 0.004 -20"><span class='ocrx_word' id='word_1_300' title='bbox 1711 3310 1823 3350; x_wconf 88' lang='lat' dir='ltr'><strong>tunt</strong></span> <span class='ocrx_word' id='word_1_301' title='bbox 1858 3303 2036 3367; x_wconf 83' lang='lat' dir='ltr'><strong>igitur,</strong></span> <span class='ocrx_word' id='word_1_302' title='bbox 2077 3319 2128 3350; x_wconf 85' lang='lat' dir='ltr'><strong>se</strong></span> <span class='ocrx_word' id='word_1_303' title='bbox 2163 3316 2361 3365; x_wconf 72' lang='lat' dir='ltr'><strong>opernm</strong></span> <span class='ocrx_word' id='word_1_304' title='bbox 2401 3300 2640 3362; x_wconf 80' lang='lat' dir='ltr'><strong>daturos,</strong></span> <span class='ocrx_word' id='word_1_305' title='bbox 2681 3312 2748 3351; x_wconf 81' lang='lat' dir='ltr'><strong>ut</strong></span> 
     </span>
     <span class='ocr_line' id='line_1_49' title="bbox 1711 3379 2748 3437; baseline 0.003 -12"><span class='ocrx_word' id='word_1_306' title='bbox 1711 3382 1936 3429; x_wconf 87' lang='lat' dir='ltr'><strong>consules</strong></span> <span class='ocrx_word' id='word_1_307' title='bbox 1962 3393 2185 3429; x_wconf 87' lang='lat' dir='ltr'><strong>creentur</strong></span> <span class='ocrx_word' id='word_1_308' title='bbox 2210 3379 2469 3427; x_wconf 85' lang='lat' dir='ltr'><strong>Memmius</strong></span> <span class='ocrx_word' id='word_1_309' title='bbox 2495 3391 2544 3428; x_wconf 89' lang='lat' dir='ltr'><strong>et</strong></span> <span class='ocrx_word' id='word_1_310' title='bbox 2573 3380 2748 3437; x_wconf 74' lang='lat' dir='ltr'><strong>Calvi-</strong></span> 
     </span>
     <span class='ocr_line' id='line_1_50' title="bbox 1711 3460 2752 3523; baseline -0.001 -16"><span class='ocrx_word' id='word_1_311' title='bbox 1711 3474 1830 3509; x_wconf 86' lang='lat' dir='ltr'><strong>nus:</strong></span> <span class='ocrx_word' id='word_1_312' title='bbox 1862 3461 1933 3508; x_wconf 83' lang='lat' dir='ltr'>illi</span> <span class='ocrx_word' id='word_1_313' title='bbox 1954 3472 2123 3509; x_wconf 69' lang='lat' dir='ltr'><strong>contra</strong></span> <span class='ocrx_word' id='word_1_314' title='bbox 2139 3495 2153 3518; x_wconf 89' lang='lat'><strong>‚</strong></span> <span class='ocrx_word' id='word_1_315' title='bbox 2179 3476 2230 3507; x_wconf 90' lang='lat' dir='ltr'><strong>se</strong></span> <span class='ocrx_word' id='word_1_316' title='bbox 2249 3470 2347 3507; x_wconf 83' lang='lat' dir='ltr'><strong>tres</strong></span> <span class='ocrx_word' id='word_1_317' title='bbox 2365 3475 2570 3523; x_wconf 74' lang='lat' dir='ltr'><strong>augures</strong></span> <span class='ocrx_word' id='word_1_318' title='bbox 2594 3460 2752 3507; x_wconf 70' lang='lat' dir='ltr'><strong>datu-</strong></span> 
     </span>
     <span class='ocr_line' id='line_1_51' title="bbox 1710 3538 2748 3602; baseline 0.002 -17"><span class='ocrx_word' id='word_1_319' title='bbox 1710 3553 1818 3598; x_wconf 82' lang='lat' dir='ltr'><strong>ros,</strong></span> <span class='ocrx_word' id='word_1_320' title='bbox 1837 3539 1923 3602; x_wconf 87' lang='lat' dir='ltr'><strong>qni</strong></span> <span class='ocrx_word' id='word_1_321' title='bbox 1941 3539 2154 3588; x_wconf 86' lang='lat' dir='ltr'><strong>dicerent</strong></span> <span class='ocrx_word' id='word_1_322' title='bbox 2172 3554 2224 3586; x_wconf 90' lang='lat' dir='ltr'><strong>se</strong></span> <span class='ocrx_word' id='word_1_323' title='bbox 2241 3538 2464 3597; x_wconf 72' lang='lat' dir='ltr'><strong>affuisse,</strong></span> <span class='ocrx_word' id='word_1_324' title='bbox 2482 3555 2636 3602; x_wconf 86' lang='lat' dir='ltr'><strong>quum</strong></span> <span class='ocrx_word' id='word_1_325' title='bbox 2654 3539 2748 3587; x_wconf 85' lang='lat' dir='ltr'><strong>lex</strong></span> 
     </span>
     <span class='ocr_line' id='line_1_52' title="bbox 1708 3617 2746 3682; baseline 0.003 -18"><span class='ocrx_word' id='word_1_326' title='bbox 1708 3618 1890 3665; x_wconf 74' lang='lat' dir='ltr'><strong>curiata</strong></span> <span class='ocrx_word' id='word_1_327' title='bbox 1928 3617 1991 3665; x_wconf 90' lang='lat' dir='ltr'><strong>dc</strong></span> <span class='ocrx_word' id='word_1_328' title='bbox 2026 3617 2231 3682; x_wconf 85' lang='lat' dir='ltr'><strong>imperio</strong></span> <span class='ocrx_word' id='word_1_329' title='bbox 2270 3618 2634 3682; x_wconf 71' lang='lat' dir='ltr'><strong>provinciarum</strong></span> <span class='ocrx_word' id='word_1_330' title='bbox 2669 3619 2746 3667; x_wconf 82' lang='lat' dir='ltr'><strong>ad</strong></span> 
     </span>
     <span class='ocr_line' id='line_1_53' title="bbox 1706 3695 2746 3759; baseline 0.002 -18"><span class='ocrx_word' id='word_1_331' title='bbox 1706 3696 1944 3759; x_wconf 84' lang='lat' dir='ltr'><strong>populum</strong></span> <span class='ocrx_word' id='word_1_332' title='bbox 1966 3696 2193 3744; x_wconf 76' lang='lat' dir='ltr'><strong>ferretur:</strong></span> <span class='ocrx_word' id='word_1_333' title='bbox 2214 3705 2262 3742; x_wconf 85' lang='lat' dir='ltr'><strong>et</strong></span> <span class='ocrx_word' id='word_1_334' title='bbox 2281 3695 2408 3744; x_wconf 88' lang='lat' dir='ltr'><strong>duos</strong></span> <span class='ocrx_word' id='word_1_335' title='bbox 2426 3695 2711 3743; x_wconf 69' lang='lat' dir='ltr'><strong>consuleres</strong></span> <span class='ocrx_word' id='word_1_336' title='bbox 2724 3731 2746 3755; x_wconf 83' lang='lat'><strong>,</strong></span> 
     </span>
     <span class='ocr_line' id='line_1_54' title="bbox 1705 3770 2751 3839; baseline 0.001 -18"><span class='ocrx_word' id='word_1_337' title='bbox 1705 3773 1791 3837; x_wconf 85' lang='lat' dir='ltr'><strong>qui</strong></span> <span class='ocrx_word' id='word_1_338' title='bbox 1809 3791 1861 3821; x_wconf 86' lang='lat' dir='ltr'><strong>se</strong></span> <span class='ocrx_word' id='word_1_339' title='bbox 1881 3774 2076 3821; x_wconf 81' lang='lat' dir='ltr'><strong>affuisse</strong></span> <span class='ocrx_word' id='word_1_340' title='bbox 2092 3773 2309 3822; x_wconf 84' lang='lat' dir='ltr'><strong>dicerent</strong></span> <span class='ocrx_word' id='word_1_341' title='bbox 2320 3770 2342 3831; x_wconf 60' lang='grc'><strong>,’</strong></span> <span class='ocrx_word' id='word_1_342' title='bbox 2356 3790 2507 3839; x_wconf 88' lang='lat' dir='ltr'><strong>quum</strong></span> <span class='ocrx_word' id='word_1_343' title='bbox 2520 3785 2751 3822; x_wconf 73' lang='lat' dir='ltr'><strong>senatus-</strong></span> 
     </span>
     <span class='ocr_line' id='line_1_55' title="bbox 1704 3854 2748 3903; baseline 0.001 -1"><span class='ocrx_word' id='word_1_344' title='bbox 1704 3854 1981 3903; x_wconf 87' lang='lat' dir='ltr'><strong>consultum</strong></span> <span class='ocrx_word' id='word_1_345' title='bbox 2015 3854 2076 3902; x_wconf 89' lang='lat' dir='ltr'><strong>de</strong></span> <span class='ocrx_word' id='word_1_346' title='bbox 2110 3854 2342 3902; x_wconf 78' lang='lat' dir='ltr'><strong>ornandis</strong></span> <span class='ocrx_word' id='word_1_347' title='bbox 2363 3864 2412 3902; x_wconf 86' lang='lat' dir='ltr'><strong>et</strong></span> <span class='ocrx_word' id='word_1_348' title='bbox 2432 3855 2748 3903; x_wconf 77' lang='lat' dir='ltr'><strong>instruendis</strong></span> 
     </span>
     <span class='ocr_line' id='line_1_56' title="bbox 1703 3930 2747 3995; baseline 0 -15"><span class='ocrx_word' id='word_1_349' title='bbox 1703 3931 2037 3980; x_wconf 82' lang='lat' dir='ltr'><strong>consularibus</strong></span> <span class='ocrx_word' id='word_1_350' title='bbox 2083 3930 2348 3995; x_wconf 80' lang='lat' dir='ltr'><strong>provinciis</strong></span> <span class='ocrx_word' id='word_1_351' title='bbox 2396 3931 2697 3980; x_wconf 83' lang='lat' dir='ltr'><strong>scriberetur</strong></span> <span class='ocrx_word' id='word_1_352' title='bbox 2728 3948 2747 3980; x_wconf 72' lang='grc' dir='ltr'><strong><em>ε</em></strong></span> 
     </span>
     <span class='ocr_line' id='line_1_57' title="bbox 1704 4010 2747 4073; baseline -0.005 -11"><span class='ocrx_word' id='word_1_353' title='bbox 1704 4013 1794 4062; x_wconf 84' lang='lat' dir='ltr'><strong>nisi</strong></span> <span class='ocrx_word' id='word_1_354' title='bbox 1824 4013 1920 4060; x_wconf 87' lang='lat' dir='ltr'><strong>hoc</strong></span> <span class='ocrx_word' id='word_1_355' title='bbox 1947 4012 2199 4073; x_wconf 79' lang='lat' dir='ltr'><strong>fecissent,</strong></span> <span class='ocrx_word' id='word_1_356' title='bbox 2235 4011 2354 4058; x_wconf 80' lang='lat' dir='ltr'><strong>H-s</strong></span> <span class='ocrx_word' id='word_1_357' title='bbox 2382 4010 2554 4058; x_wconf 81' lang='lat' dir='ltr'><strong>darent</strong></span> <span class='ocrx_word' id='word_1_358' title='bbox 2580 4010 2747 4058; x_wconf 77' lang='lat' dir='ltr'><strong>ambo</strong></span> 
     </span>
     <span class='ocr_line' id='line_1_58' title="bbox 1701 4089 2743 4157; baseline 0 -18"><span class='ocrx_word' id='word_1_359' title='bbox 1701 4092 2006 4157; x_wconf 73' lang='lat' dir='ltr'><strong>quadragena</strong></span> <span class='ocrx_word' id='word_1_360' title='bbox 2053 4090 2219 4156; x_wconf 83' lang='lat' dir='ltr'><strong>Appio</strong></span> <span class='ocrx_word' id='word_1_361' title='bbox 2272 4101 2323 4137; x_wconf 93' lang='lat' dir='ltr'><strong>et</strong></span> <span class='ocrx_word' id='word_1_362' title='bbox 2372 4089 2743 4139; x_wconf 73' lang='lat' dir='ltr'><strong>Ahenobarbo.</strong></span> 
     </span>
    </p>
   </div>
   <div class='ocr_carea' id='block_1_14' title="bbox 1701 4174 1916 4221">
    <p class='ocr_par' dir='ltr' id='par_1_15' title="bbox 1701 4174 1916 4221">
     <span class='ocr_line' id='line_1_59' title="bbox 1701 4174 1916 4221; baseline 0 0"><span class='ocrx_word' id='word_1_363' title='bbox 1701 4174 1916 4221; x_wconf 75' lang='lat' dir='ltr'><strong>Mum-r.</strong></span> 
     </span>
    </p>
   </div>
  </div>
 </body>
</html>
