3023 4773
654 397 799 467 680
1054 397 1057 406 *
1294 399 1388 464 M.
1442 399 1521 464 T.
1577 398 2145 466 CICERONIS

653 534 759 590 est
798 516 1163 616 profectus
1192 544 1207 585 ε
1244 516 1647 588 Labienum
1684 533 1929 589 secum
1956 515 2198 587 habet.
2237 519 2386 612 Ego
2421 528 2583 587 tuas
2620 520 2799 613 opi-

653 633 911 700 niones
964 626 1054 700 de
1105 627 1218 699 his
1253 627 1473 700 rebus
1519 645 1874 728 exspecto.
1909 631 2227 700 Formias
2269 652 2385 698 me
2429 630 2795 698 continuo

650 743 973 836 recipere
1009 736 1433 835 cogitabam.

651 902 817 953 Attius
839 904 1084 966 Cinguli».
1107 906 1377 953 PorxA.-—-
1393 902 1673 968 Legendum
1762 903 1907 951 dictae
1922 901 1984 950 ab
2002 903 2169 967 Appio
2190 902 2375 965 legate,
2392 902 2477 965 qni
2496 916 2576 948 m
2595 916 2655 970 ex
2676 899 2795 951 Gal-

650 992 725 1030 est
742 982 1097 1047 Appianasmt
1115 981 1443 1045 intelligantur
1456 981 1674 1029 duaesslae
1760 979 1825 1030 lia
1844 976 2134 1038 adduxerat.
2160 972 2282 1029 teste
2309 979 2586 1028 Plutarcho.
2622 981 2676 1027 J.
2707 979 2790 1026 ij·

649 1061 899 1129 legiones,
935 1077 1044 1124 qua
1068 1076 1094 1107 a
1120 1061 1309 1109 Caeure
1334 1077 1420 1125 per
1461 1061 1672 1124 speciem
1762 1062 1924 1124 psius,
1944 1063 2082 1109 Ceut.
2124 1061 2175 1107 11
2196 1094 2212 1119 ‚
2254 1059 2316 1106 ad
2336 1059 2476 1123 belg.
2514 1059 2662 1123 epist.
2701 1059 2790 1105 16.

648 1139 766 1186 belli
805 1138 1015 1188 Parthici
1056 1139 1305 1199 abductae,
1343 1150 1390 1186 et
1437 1140 1674 1203 Pompeio
1761 1141 2000 1204 Reposuit
2034 1139 2067 1185 J
2071 1140 2216 1186 unius
2232 1138 2519 1197 Atiniam,
2552 1137 2616 1185 ab
2634 1138 2789 1186 Atia

652 1216 845 1266 tradita
872 1218 1001 1265 circa
1023 1219 1271 1267 Luceriam
1298 1216 1578 1279 haerebant,
1605 1219 1673 1265 sic
1761 1220 2038 1266 Marsorum
2056 1215 2267 1282 oppido.

924 1396 2772 1430 mmmmmmmmmmmmmm

1257 1608 1862 1689 EPISTOLA
1934 1607 2171 1688 XVI.

655 1769 717 1827 Si
740 1757 881 1846 quid
903 1771 1094 1828 Caesar
1129 1780 1361 1827 acturus
1399 1769 1496 1840 sit,
1540 1778 1599 1824 et
1636 1765 1778 1842 quid
1819 1767 2128 1844 Pompeius
2167 1778 2330 1844 agat,
2357 1786 2418 1824 se
2448 1777 2780 1844 exspectare

816 1867 819 1872 '
898 1864 1115 1924 scribit.
1146 1863 1433 1941 (Calibus,
1474 1880 1628 1920 anno
1655 1867 1729 1921 U.
1751 1866 1815 1921 C.
1838 1874 1985 1935 704,
2018 1883 2212 1921 mense
2233 1862 2547 1941 januaria)

1329 2047 1644 2111 CICERO
1682 2048 1996 2112 ATTICO
2036 2048 2100 2112 S.

750 2203 1005 2268 Omns
1042 2196 1354 2267 arbitror
1390 2196 1568 2269 mihi
1611 2211 1768 2282 tuas
1805 2196 2043 2268 literas
2085 2195 2399 2277 redditas
2436 2219 2617 2285 esse,
2665 2194 2775 2267 sed

657 2308 921 2405 primas
959 2299 1430 2405 praepostere,
1465 2305 1777 2404 reliquas
1810 2295 2102 2394 ordine,
2144 2333 2294 2413 quo
2330 2322 2503 2401 sunt
2529 2311 2771 2393 misse,

657 2443 790 2515 per
831 2419 1257 2488 Terentiam.
1290 2422 1397 2488 De
1426 2410 1780 2499 mandatis
1809 2404 2100 2489 Caesaris
2112 2417 2626 2524 ,adventuque
2658 2424 2772 2488 La-

658 2527 894 2614 bieni,
950 2541 1023 2598 et
1064 2530 1428 2625 responsis
1475 2529 1858 2599 consulum
1893 2553 1976 2599 ac
2015 2532 2375 2625 Pompeii,
2417 2531 2673 2627 scripsi
2689 2524 2775 2597 ad

658 2653 729 2709 te
761 2638 1036 2709 literis
1018 2640 1139 2726 liS,
1160 2654 1359 2733 quas
1393 2662 1453 2707 a.
1496 2637 1574 2707 d.
1617 2663 1661 2706 v
1694 2630 1832 2709 kal.
1885 2643 2127 2736 Capua
2164 2638 2378 2726 dedi;
2429 2637 2772 2739 pltsraque

657 2738 1004 2845 praeterea
1041 2749 1116 2816 in
1151 2744 1478 2818 eamdem
1517 2748 1889 2845 epistolam
1923 2749 2220 2843 conjeci.
2255 2754 2466 2820 Nunc
2499 2746 2627 2820 has
2663 2773 2769 2819 ez-

658 2861 1137 2956 spectationes
1172 2850 1524 2927 habemus
1551 2856 1774 2929 duas:
1806 2884 2058 2963 unam,
2103 2859 2280 2955 quid
2321 2863 2551 2930 Caesar
2586 2873 2768 2929 actr-

657 2993 782 3040 rus
835 2970 958 3055 sit,
1012 2992 1242 3065 quum
1295 2958 1649 3077 acceperit
1686 2993 1797 3056 ea,
1843 2992 2002 3065 quae
2036 2959 2411 3040 reserenda
2446 2967 2539 3039 ad
2579 2969 2764 3039 illum

659 3075 825 3147 data
867 3091 1036 3148 sunt
1077 3079 1155 3145 L
1204 3078 1499 3165 Caesari3
1538 3077 1862 3165 alteram,
1922 3078 2100 3175 quid
2151 3082 2537 3178 Pompeius
2580 3093 2759 3178 agit:

659 3188 788 3284 qui
826 3185 1115 3283 quidem
1158 3185 1247 3255 ad
1277 3211 1392 3265 me
1421 3185 1704 3276 scribit,
1749 3190 2006 3286 ‚paucis
2052 3189 2309 3262 diebus
2364 3214 2441 3269 se
2495 3189 2761 3261 firmim

657 3299 1049 3379 exercitum
1075 3294 1492 3367 habiturum
1522 3325 1542 3385 3
1582 3322 1932 3396 spemque
1958 3296 2204 3388 affert,
2243 3301 2403 3371 siin
2437 3304 2758 3372 Picemm

659 3432 910 3505 agrum
936 3410 1089 3504 ipse
1112 3408 1423 3496 venerit,
1450 3431 1584 3478 nos
1613 3414 1916 3479 Romam
1934 3406 2293 3480 redituros
2325 3408 2498 3495 esse.
2531 3410 2759 3496 Labie-

661 3543 838 3589 num
893 3543 1136 3590 secum
1170 3516 1426 3606 habet,
1488 3543 1639 3589 non
1691 3518 2141 3590 dubitantem
2184 3520 2273 3592 de
2300 3520 2761 3595 imbecillitate

662 3631 952 3700 Caesaris
977 3632 1347 3728 copiarum
1378 3656 1393 3697 t
1426 3631 1631 3729 cujus
1652 3629 1968 3702 adventu
1996 3636 2253 3718 Cnaeus
2282 3646 2531 3702 noster
2551 3630 2760 3701 nnlto

659 3745 878 3811 animi
915 3741 1080 3840 plus
1136 3735 1378 3812 habet.
1422 3746 1570 3814 Nos
1623 3738 1666 3825 a
1713 3741 2130 3819 consulibus
2173 3746 2493 3839 Capuam
2536 3742 2761 3813 venire

659 3848 834 3944 jussi
869 3876 1117 3925 sumus
1145 3852 1234 3924 ad
1264 3877 1494 3924 nonas
1530 3850 1711 3924 febr.
1752 3857 1998 3952 Capua
2031 3851 2399 3951 profectus
2423 3878 2586 3925 sum
2611 3859 2764 3924 For-

662 3962 839 4035 mias
892 3989 952 4033 a.
1007 3966 1073 4036 d.
1123 3994 1203 4038 111
1248 3968 1382 4039 kal.
1426 3971 1532 4037 Eo
1576 3967 1690 4043 die
1745 3994 1973 4065 quum
2026 3967 2314 4040 Calibus
2351 3984 2511 4041 tuas
2546 3970 2763 4040 literas

663 4075 843 4146 hora
880 4070 1027 4144 fere
1068 4101 1262 4148 nona
1307 4079 1773 4174 accepissem,
1811 4077 1939 4149 has
1969 4081 2230 4149 -statim
2268 4077 2451 4149 dedi.
2495 4084 2605 4150 De
2632 4082 2762 4148 Te-
