3023 4773
687 430 817 476 102
1327 407 1424 473 M.
1474 406 1552 472 T.
1606 406 2166 476 CICERONIS

674 531 1006 600 Pisonem
1032 580 1051 613 ‚
1089 538 1172 596 ut
1212 523 1501 610 scribis,
1542 550 1756 623 spero
1793 524 1948 597 fore
1985 524 2273 621 semper
2304 537 2644 596 nostrum.
2690 527 2798 595 De

674 635 941 708 familia
969 635 1265 707 liberata
1292 646 1380 723 ¹⁰,
1408 635 1590 730 nihil
1625 650 1756 725 est,
1782 636 1986 733 quod
2014 650 2085 705 te
2118 649 2426 706 moveat.
2459 634 2799 720 Primum,

672 749 819 818 tuis
854 748 951 830 ita
979 745 1417 843 promissum
1455 759 1596 832 est,
1635 759 1706 817 te
1749 745 2101 817 facturam
2140 767 2293 816 esse
2314 800 2334 833 ,
2373 760 2457 816 ut
2498 745 2798 841 quisque

676 870 865 926 esset
899 858 1217 925 meritus.
1272 858 1398 925 Est
1440 868 1683 926 autem
1727 857 1803 926 in
1844 854 2090 929 officio
2135 854 2375 927 adhuc
2428 852 2798 953 Orpheus:

676 979 1019 1063 praeterea
1054 989 1492 1063 magnopere
1537 990 1778 1037 nemo,
1829 969 2256 1038 Ceterorum
2311 990 2684 1038 servorum
2722 988 2801 1036 ea

673 1100 887 1147 causa
922 1091 1029 1148 est
1053 1086 1138 1162 ¹¹,
1190 1089 1315 1162 ut,
1349 1077 1406 1145 si
1442 1100 1560 1146 res
1600 1101 1641 1146 a
1684 1076 1900 1148 nobis
1942 1076 2247 1166 abisset,
2292 1076 2535 1148 liberti
2579 1074 2801 1146 nostri

674 1202 934 1274 essent,
954 1188 1012 1258 si
1042 1185 1374 1257 obtinere
1401 1189 1840 1283 potuissent:
1866 1190 1977 1259 sin
1997 1186 2088 1257 ad
2113 1212 2247 1258 nos
2273 1186 2802 1285 pertinerent¹',

674 1298 1025 1368 servirent
1046 1350 1065 1385 ,
1090 1311 1572 1395 praeterquam
1606 1297 1883 1394 oppido
1908 1299 2143 1394 pauci.
2175 1298 2314 1369 Sed
2349 1297 2502 1368 haec
2532 1297 2803 1366 minora

678 1421 871 1478 sunt.
916 1411 1023 1477 Tu
1057 1406 1258 1505 quod
1300 1432 1415 1478 me
1454 1406 1803 1495 hortaris,
1848 1422 1933 1478 ut
1967 1410 2210 1478 animo
2243 1408 2379 1479 sim
2412 1431 2708 1504 magno,
2736 1419 2806 1475 et

675 1541 877 1614 spem
920 1515 1227 1589 habeam
1262 1516 1774 1615 recuperandae
1808 1518 2057 1588 salutis
2085 1542 2101 1586 ε
2144 1516 2220 1588 id
2249 1517 2463 1588 velim
2500 1518 2594 1587 sit
2629 1514 2803 1608 ejus-

675 1627 913 1716 modi,
939 1644 1021 1699 ut
1043 1644 1235 1701 recte
1258 1653 1548 1728 sperare
1568 1630 1948 1727 possimus.
1975 1631 2213 1714 Nunc,
2243 1630 2484 1715 miser,
2516 1623 2805 1723 quando

675 1752 832 1809 tuas
872 1740 1022 1835 jam
1056 1741 1295 1811 literas
1325 1739 1718 1836 accipiam?
1754 1742 1919 1836 quis
1952 1738 2041 1810 ad
2079 1763 2196 1810 me
2238 1735 2602 1835 perferet?
2637 1759 2806 1832 quas

675 1873 810 1945 ego
849 1852 1371 1948 exspectassem
1406 1847 1807 1936 Brundisii,
1835 1849 1895 1917 si
1927 1861 2113 1919 esset
2147 1847 2423 1918 licitum
2461 1869 2597 1943 per
2633 1870 2806 1916 nau-

676 1973 819 2047 taS‚
861 1964 989 2058 qui
1022 1974 1528 2059 tempestatem
1565 1961 2109 2058 praetermittere
2146 1956 2573 2028 noluerunt.

773 2071 995 2161 Quod
1032 2071 1396 2169 reliquum
1437 2084 1545 2141 est
1567 2124 1587 2157 ,
1625 2083 1950 2140 sustenta
1991 2082 2096 2154 te,
2124 2091 2286 2137 mea
2321 2065 2696 2152 Terentia,
2731 2078 2811 2134 ut

679 2195 907 2279 potes.
949 2182 1464 2254 Honestissime
1513 2179 1857 2265 viximus3
1901 2176 2300 2248 floruimus.
2346 2178 2515 2247 Non
2562 2174 2810 2244 vitium

679 2306 1038 2378 nostrum,
1073 2291 1202 2363 sed
1237 2292 1467 2361 virtus
1506 2304 1753 2359 nostra
1787 2312 1924 2358 nos
1967 2285 2243 2356 afflixit.
2290 2288 2678 2378 Peccatum
2710 2296 2815 2353 est

680 2401 999 2491 nullum,
1030 2405 1169 2473 nisi
1205 2399 1409 2498 quod
1440 2424 1596 2470 non
1635 2422 1781 2469 una
1817 2399 2131 2468 animam
2171 2421 2338 2467 cum
2370 2396 2816 2467 ornamentis

677 2512 1064 2583 amisimus.
1110 2511 1252 2583 Sed
1292 2513 1352 2582 si
1390 2509 1532 2581 hoc
1568 2507 1705 2580 fuit
1741 2506 1985 2578 liberis
2028 2507 2296 2578 nostris
2331 2509 2646 2601 gratim,
2688 2528 2816 2573 nos

676 2626 950 2712 vivere3
982 2637 1242 2710 cetera,
1267 2644 1715 2719 quamquam
1738 2617 2038 2689 ferenda
2065 2643 2218 2691 non
2241 2631 2413 2687 sunt
2429 2671 2449 2704 ‚
2479 2616 2813 2688 seramus.

677 2736 915 2831 Atque
962 2758 1134 2832 ego,
1180 2734 1305 2830 qui
1344 2747 1417 2803 te
1460 2729 1855 2816 confirm0‚
1909 2733 2063 2827 ipse
2113 2752 2230 2798 me
2277 2753 2433 2799 non
2493 2750 2814 2825 possum.

678 2842 1015 2916 Clodium
1056 2842 1544 2928 Philetaerum‚
1582 2840 1787 2937 quod
1811 2837 2210 2911 valitudine
2253 2839 2646 2911 oculorum
2683 2841 2817 2908 im-

1790 3164 1879 3197 vos
1908 3166 2009 3197 non
2035 3150 2268 3198 adimeret
2288 3183 2303 3208 ,
2333 3160 2412 3208 et,
2439 3158 2497 3195 nt
2522 3147 2589 3195 ad
2610 3158 2823 3195 veterem

1791 3229 2043 3278 dominnm
2088 3230 2391 3295 pertinerent
2415 3265 2432 3290 ,
2498 3228 2793 3276 concederet
2809 3262 2823 3285 ‚

678 3169 802 3218 pore
851 3168 1052 3201 uxorem
1106 3155 1162 3202 C.
1206 3154 1395 3201 Pisonis
1437 3150 1700 3199 Tulliolam

678 3232 841 3280 fnisse.
865 3233 982 3293 Ejus
1004 3232 1112 3280 doti
1140 3243 1189 3279 et
1213 3232 1378 3289 famae,
1404 3246 1454 3277 se
1477 3228 1699 3287 absente,

677 3312 848 3360 Cicero
874 3311 1092 3359 timebat.
1116 3312 1258 3357 Mau.

753 3406 832 3439 10.
878 3390 1123 3439 Liberata.
1168 3388 1392 3436 Terentia
1444 3387 1700 3435 audiverat

675 3470 961 3518 Ciceronem
1006 3484 1177 3518 omnes
1220 3483 1337 3515 suos
1378 3476 1426 3513 et
1459 3466 1699 3514 Terentiae

674 3564 841 3597 servos
864 3551 1195 3599 manumisisse
1210 3582 1226 3607 ‚
1246 3550 1448 3610 ejusque
1465 3549 1535 3594 rei
1557 3563 1698 3594 cansa

674 3643 726 3674 se
746 3627 1000 3677 sollicitam
1019 3646 1120 3677 esse
1142 3625 1438 3676 ostenderat.
1460 3627 1578 3674 Sca.

754 3723 774 3753 ι
790 3723 831 3753 1.
862 3708 1137 3757 Ceterorum
1168 3723 1411 3755 servorum
1447 3721 1508 3752 ea
1548 3721 1702 3753 catcsa

674 3797 761 3833 est.
785 3788 982 3834 Veritus
1010 3789 1181 3835 Cicero
1208 3787 1517 3835 amissionem
1541 3802 1702 3833 servo-

673 3882 780 3913 rum
803 3881 915 3912 cnm
942 3875 1044 3913 tota
1071 3883 1122 3913 re
1139 3902 1153 3925 ‚
1189 3866 1468 3913 manumisit
1494 3880 1578 3911 eos
1608 3865 1699 3913 hac

675 3945 986 4006 conditione,
1012 3959 1068 3994 ut
1085 3982 1099 4005 ,
1124 3948 1165 3994 si
1187 3964 1274 4011 per
1291 3948 1448 4010 legem
1472 3944 1700 3994 Clodiam

672 4023 820 4072 bonis
865 4025 1093 4072 omnibus
1140 4027 1405 4088 privandus
1449 4036 1574 4072 esset
1591 4060 1607 4083 ‚
1666 4023 1701 4070 ii

674 4121 765 4152 sno
791 4103 1026 4151 beneficio
1054 4104 1216 4152 liberti
1250 4115 1432 4161 essent,
1473 4105 1515 4151 si
1550 4104 1701 4153 modo

674 4184 726 4233 id
754 4184 968 4235 othneri
988 4198 1187 4251 posset3
1208 4186 1283 4233 sin
1309 4195 1468 4233 antem
1496 4185 1577 4232 lex
1599 4202 1697 4234 ser-

1787 3311 2024 3357 uet-virent
2043 3342 2058 3367 ,
2081 3320 2138 3356 ut
2155 3321 2321 3367 antea,
2349 3319 2676 3372 praeterquam
2703 3321 2823 3371 pan-

1789 3389 1968 3436 cissimi
1985 3422 1999 3446 ,
2026 3404 2151 3452 qnos
2176 3387 2241 3435 ob
2267 3386 2414 3435 fidem
2443 3398 2492 3434 et
2514 3386 2826 3450 diligentiam

1788 3468 1989 3517 omnino
2017 3468 2249 3516 liberatos
2268 3467 2430 3515 vellet.
2455 3466 2603 3513 Dixi-t
2626 3476 2795 3512 autem
2811 3498 2828 3522 ,

1787 3571 1812 3590 0-
1830 3560 2101 3595 ceterornm
2124 3563 2378 3595 servorum
2395 3566 2417 3586 υ
2439 3581 2454 3603 ,
2469 3561 2622 3609 quum
2645 3544 2707 3591 de
2726 3544 2830 3592 suis

1788 3628 2089 3692 loqueretur.
2133 3628 2259 3675 Nam
2298 3643 2362 3673 ex
2388 3623 2632 3673 Terentiae
2672 3623 2830 3670 servis

1787 3708 2029 3754 neminem
2074 3706 2418 3753 manumiserat
2451 3702 2644 3768 (neque
2688 3702 2824 3749 enim

1789 3782 2042 3850 poterat):
2082 3795 2270 3832 tantum
2316 3784 2399 3842 iis,
2437 3798 2541 3830 eam
2581 3782 2831 3829 facturam

1788 3882 1919 3928 esse,
1945 3876 2001 3913 nt
2036 3865 2245 3929 quisque
2281 3875 2407 3912 esset
2441 3861 2676 3919 merium,
2708 3876 2832 3924 pro-

1788 3946 1998 3993 miserat.
2024 3946 2173 3993 Mu«.
2199 3972 2270 3980 ·—-
2292 3943 2504 3991 Abisset.
2529 3939 2656 3996 Alii,
2687 3939 2834 3986 abes-

1789 4035 1873 4071 set.
1898 4026 1949 4071 J.
1966 4026 2032 4072 V.
2062 4025 2116 4070 L.
2691 4066 2694 4071 ,

1868 4121 1947 4152 12.
1984 4103 2188 4159 Melius,
2208 4101 2491 4164 pertineret.
2521 4099 2582 4145 Et
2618 4097 2694 4144 sic
2729 4099 2836 4157 jam

1788 4185 2035 4250 placuerat
2059 4183 2112 4232 J.
2134 4184 2185 4229 F.
2204 4180 2480 4233 Gronovio.
2501 4178 2533 4226 J
2538 4211 2549 4223 .
2565 4180 2635 4224 V.
2660 4179 2722 4227 L.
