3023 4773
561 419 1077 487 EPISTOLAE
1128 419 1269 487 ΑΙ)
1320 421 1827 505 ATTICUM,
1881 425 2001 506 11,
2044 445 2149 490 12.
2287 422 2421 520 387

303 536 392 607 ad
439 561 553 607 me
586 535 917 623 Publius,
963 541 1090 633 qui
1137 537 1565 635 obsignent²
1593 566 1613 626 ;
1642 539 1917 633 jurabo
1952 547 2245 617 Cnaeum
2288 569 2425 615 no-

283 661 569 734 strum,
631 644 1026 744 collegam3
1073 647 1304 733 Balbi,
1347 652 1543 723 Antii
1594 649 1772 719 mihi
1824 675 2177 739 narrasse,
2220 678 2296 725 se
2349 655 2427 725 in

298 762 624 854 auspicio
648 755 864 828 fuisse
880 760 930 826 ⁴.
968 764 1031 829 Ο
1063 783 1314 833 suaves
1343 760 1676 858 epistolas
1697 775 1853 830 tuas
1871 813 1890 845 ‚
1919 785 2071 830 uuo
2096 775 2425 859 tempore

298 863 476 935 mihi
535 862 734 934 datas
755 917 775 948 ,
834 862 1012 933 duas
1045 861 1058 932 ἒ
1108 863 1375 959 quibus
1436 872 1763 962 εὐαγγέλια
1785 861 1813 907 ⁵
1871 889 2030 960 quae
2085 866 2379 941 reddam
2403 918 2423 955 ‚

295 969 536 1040 nescio
555 996 568 1036 ε
586 967 834 1047 deberi
849 967 1144 1065 quidem
1164 969 1377 1064 plane
1400 968 1646 1040 fateor.
1664 969 1803 1040 Sed
1823 969 1988 1039 vide
2005 971 2417 1067 συγκόρημαθ.

291 1083 735 1150 Emerseram
753 1077 1133 1150 commode
1162 1104 1250 1149 ex
1267 1080 1533 1150 Antiati
1553 1082 1629 1149 in
1653 1083 1956 1177 Appiam
1984 1078 2072 1150 ad
2097 1086 2271 1151 Tres
2296 1087 2421 1152 Ta-‘
2451 1122 2457 1129 ·

290 1185 583 1276 bernaS,
622 1191 791 1286 ipsis
827 1186 1295 1275 Cerialibusv,
1331 1211 1562 1284 quum
1591 1190 1668 1265 in
1704 1212 1822 1259 me
1854 1190 2156 1260 incurrit
2190 1194 2420 1261 Roma

286 1297 580 1369 veniens
600 1298 820 1369 Curio
841 1322 1064 1369 meus.
1095 1296 1375 1385 Ibidem
1399 1296 1591 1368 illico
1610 1321 1792 1394 puer
1818 1295 1946 1367 abs
1970 1312 2040 1368 te
2068 1322 2235 1368 cum
2273 1299 2419 1396 epi-³

288 1402 508 1474 stolis.
543 1404 671 1476 Ille
701 1430 790 1477 ex
821 1430 973 1492 me,
1009 1405 1283 1478 nihilne
1317 1406 1673 1478 audissem
1709 1408 1880 1477 novi
1908 1433 1923 1474 ε
1959 1424 2094 1502 ego
2125 1431 2410 1503 negare.-

288 1511 584 1585 Publius
602 1567 620 1600 ,
650 1515 925 1609 inquit,
954 1514 1399 1589 tribunatum
1436 1513 1668 1612 plebis
1695 1516 1897 1612 petit.
1932 1514 2127 1604 Quid
2154 1517 2308 1587 ais?
2343 1530 2417 1589 et

282 1622 816 1695 inimicissimus
866 1624 1162 1719 quidem
1206 1626 1532 1713 Caesaris,
1576 1639 1649 1695 et
1686 1637 1768 1694 ut
1818 1625 2098 1712 omnia,
2133 1627 2410 1721 inquit,-

283 1727 461 1803 ista⁸
500 1734 876 1805 rescindat.
913 1735 1106 1826 Quid
1140 1738 1419 1808 Caesar?
1454 1739 1774 1831 inquam.
1805 1737 2065 1830 Negat,
2097 1759 2172 1804 se
2205 1735 2411 1830 quid·⁴

282 1866 499 1937 quam
517 1842 606 1914 de
638 1844 829 1913 illius
855 1843 1246 1940 adoptione
1276 1844 1540 1916 tulisse.
1581 1843 1866 1915 Deinde
1896 1866 2111 1917 suum
2129 1842 2431 1929 ,Mem-²

177 1940 183 1945 ’
278 1954 472 2039 mii9,
493 1952 761 2023 Metelli
783 1954 1163 2049 Nepotis¹⁰
1196 1957 1644 2051 exprompsit
1671 1953 1940 2025 odium.
1968 1951 2404 2049 Complexus

270 2060 623 2154 juvenem
665 2059 937 2148 dimisi,
973 2062 1506 2157 properans-ad
1538 2063 1895 2158 epistolaS.

378 2160 523 2233 Ubi
577 2177 774 2249 sunt,
824 2166 951 2260 qui
995 2164 1201 2235 aiunt
1240 2162 1508 2248 (namu
1557 2168 1803 2259 φωνῆςῑ)
1857 2180 2132 2262 quanto
2183 2167 2406 2263 magis

275 2272 425 2342 vidi
460 2296 548 2342 ex
582 2274 726 2343 tuis
753 2272 1015 2361 literis,
1050 2299 1271 2370 quam
1307 2300 1394 2347 ex
1421 2275 1610 2346 illius
1647 2299 2012 2360 sermone,
2042 2272 2220 2370 quid
2248 2299 2403 2372 age-

273 2383 525 2468 retur?
578 2383 670 2455 de
715 2386 1205 2458 ruminatione
1241 2383 1767 2483 quotidiana¹²,
1795 2383 1916 2455 -de
1968 2385 2399 2481 cogitatione

1379 2599 1564 2662 Magno
1587 2610 1729 2664 turpe
1754 2599 1906 2648 videi-l
1922 2611 2108 2665 posset.
2147 2603 2362 2652 MARUT.

273 2598 480 2661 ideoque
511 2613 602 2645 nec
624 2598 920 2646 tribunatum
947 2615 1091 2663 posse
1111 2610 1291 2663 petere.

1456 2688 1504 2735 4.
1521 2681 1576 2725 In
1602 2678 1818 2743 auspicio
1831 2678 2002 2742 juisse.
2019 2682 2185 2742 Quum
2207 2682 2287 2728 lex
2304 2683 2400 2731 Cu-

274 2677 367 2723 Hic
385 2679 553 2726 Cicero
578 2675 837 2741 indignans
858 2679 1041 2741 :Quod
1065 2696 1291 2743 reguum,

271 2755 432 2817 inquit
447 2790 462 2814 ,
487 2767 558 2804 eet
580 2755 676 2804 hoc
694 2758 717 2804 Ρ
739 2758 958 2806 fecerunt
973 2792 987 2815 ,
1015 2759 1150 2821 quod
1179 2759 1291 2819 jure

270 2848 373 2880 non
415 2845 674 2897 poterant:
697 2851 854 2898 nunc,
879 2837 994 2898 quia
1027 2837 1289 2900 poenituit‚

269 2911 446 2958 factum
464 2924 657 2977 negant.
678 2913 795 2971 Sed,
820 2914 861 2959 si
879 2914 1082 2962 Clodius
1101 2915 1289 2963 emittat

267 2988 333 3035 ad
356 3006 458 3050 me,
492 2991 577 3055 qui
599 3007 758 3039 meum
786 2990 876 3038 hac
904 2992 964 3040 de
992 3008 1044 3038 re
1075 2994 1287 3041 testimo·

267 3068 402 3114 nium
431 3068 616 3125 tabellis
636 3070 905 3133 excipiant,
925 3081 973 3116 et
998 3069 1281 3133 obsigneut:

258 3134 459 3206 jurabo,
476 3149 565 3196 Cn.
585 3148 875 3213 Pompeium
889 3148 1027 3196 Antii
1044 3149 1164 3196 mihi
1183 3167 1288 3197 nan-

264 3239 391 3272 rasse
405 3260 419 3283 ‚
439 3226 491 3272 in
509 3227 727 3291 auspicio
749 3243 799 3274 se
819 3227 989 3288 fuisse,
1006 3242 1156 3289 quum
1175 3228 1282 3277 Clo·

263 3302 373 3349 dius
397 3304 504 3367 lege
524 3305 727 3353 cesaris
753 3305 814 3352 ad
835 3304 1030 3370 plebem
1059 3305 1284 3354 transdu-

261 3393 466 3431 ceretur.
506 3384 647 3431 ΜΛΝ.
675 3410 746 3420 -
771 3384 884 3431 Sch.
905 3385 1040 3433 malit
1058 3385 1284 3448 «Negent

259 3460 332 3507 illi
362 3477 447 3508 sua
472 3476 622 3526 opera
643 3463 734 3510 Ρ.»
757 3462 1037 3511 Maleznam
1063 3464 1159 3511 hoc
1181 3479 1283 3511 non

257 3550 382 3586 esset
408 3556 638 3605 regnum,
682 3542 818 3603 quod
851 3542 1022 3590 Cicero
1047 3543 1282 3605 queritur.

257 3618 517 3682 fleg-bant
543 3620 624 3666 isti
652 3621 762 3680 jure
798 3637 900 3669 esse
926 3622 1127 3670 factum.
1147 3624 1243 3670 En.

331 3712 380 3744 α.
421 3697 698 3763 Obsignene.
724 3700 921 3748 Scilicet
946 3701 1278 3749 testimonium

253 3791 417 3823 meum
445 3776 582 3839 quod
603 3778 767 3838 jurato
793 3777 1011 3828 firmabo.
1040 3782 1169 3827 Eun.

326 3856 376 3902 3.
402 3854 738 3920 collegam-ln
756 3858 1101 3923 vigintiviratu.
1122 3859 1212 3924 Ep.
1228 3875 1276 3919 7.

1379 2757 1499 2804 tiata
1521 2758 1748 2818 ferretur,
1771 2769 2013 2821 tamquam
2034 2775 2281 2822 augurem.
2302 2764 2398 2808 En.

1451 2836 1499 2882 5.
1525 2834 1814 2903 Εὐαγγέλια..
1842 2837 1979 2884 Boni·
1995 2838 2152 2884 nuntii
2180 2840 2393 2901 praemin.

1444 2914 1492 2962 6.
1517 2912 1815 2982 Συγκὺρημσ..
1839 2915 2027 2962 Sortem
2042 2950 2058 2972 ,
2085 2932 2265 2964 casum.

1451 3008 1501 3052 7.
1529 2992 1619 3040 Vel
1652 2990 1942 3039 Cerealibus.
1965 2991 2013 3039 J.
2031 2995 2097 3040 V.
2122 2997 2180 3040 L.

1448 3073 1495 3119 Β.
1524 3073 1646 3120 Ista.
1676 3071 1825 3133 Leges
1850 3070 2067 3118 Caesaris.
2106 3070 2256 3132 Quod
2277 3070 2394 3119 clo-

1375 3148 1484 3197 dius
1509 3151 1563 3197 in
1611 3150 1860 3198 tribunatu
1900 3159 2103 3196 conatus
2138 3159 2225 3197 eet.
2263 3149 2392 3196 Vide

1371 3229 1642 3277 orationem
1662 3244 1755 3293 pro
1772 3229 1934 3275 Domo
1956 3244 2058 3275 sua.
2087 3228 2298 3275 Mun-r.

1440 3323 1491 3368 9.
1525 3307 1754 3355 Hemmiu'.
1773 3309 1889 3369 Quo
1910 3317 2081 3371 postea
2098 3316 2308 3369 praetore
2328 3307 2389 3356 de

1371 3384 1572 3433 Caesaris
1596 3388 1717 3435 actis
1741 3387 1998 3444 referente,
2018 3386 2234 3448 cognitio
2253 3400 2388 3433 seua-

1372 3464 1444 3511 tui
1471 3463 1643 3513 del-ta.
1668 3466 1801 3513 Suet.
1827 3465 1879 3528 ip
1902 3466 2024 3513 (ζει.
2045 3464 2276 3511 Contu).

1414 3585 1421 3591 .
1447 3558 1526 3589 ιο.
1564 3541 1751 3590 Metelli
1790 3542 2005 3605 Nepotis.
2044 3537 2164 3604 Qui'
2189 3541 2388 3590 moleste

1369 3620 1487 3683 fert,
1509 3631 1794 3684 auguratum
1816 3620 1909 3668 sibi
1935 3620 2084 3683 eripi,
2107 3636 2186 3683 ep.
2213 3621 2245 3668 5
2278 3621 2385 3670 h.1.

1369 3709 1416 3746 et
1437 3699 1720 3763 Pompeium
1741 3714 1850 3746 cum
1866 3700 2020 3746 Mutia
2038 3713 2205 3745 sorore
2223 3697 2387 3747 divor-

1366 3777 1489 3825 tium
1515 3777 1708 3836 feciese,
1737 3794 1818 3840 ep.
1846 3793 1910 3838 9,
1948 3776 2036 3823 lib.
2058 3778 2099 3823 1.
2131 3779 2277 3824 Innu-

1444 3871 1466 3902 1
1481 3872 1501 3903 1
1515 3888 1529 3903 .
1543 3852 1716 3909 Ζώσης.
1737 3855 1871 3903 Vivae
1882 3854 2042 3912 vocis,
2066 3856 2266 3919 supple,
2284 3870 2385 3902 ma-

248 3935 358 3982 Nee
379 3936 518 3983 abest
535 3935 722 3996 ironia;
749 3938 886 4002 quod
901 3973 916 3997 ,
943 3938 1176 4002 collegam
1195 3939 1277 3986 ha-
1351 3934 1441 3999 jor
1463 3932 1745 4001 ffcaeitas.
1778 3934 2109 3982 Proverbium.

246 4013 368 4060 bere
408 4014 611 4062 Balbum
631 4048 646 4072 ,
688 4014 938 4064 hominem
983 4018 1274 4076 Aricinum,

246 4090 522 4140 honoribus
574 4106 678 4140 non
731 4095 967 4158 insignem
989 4128 1004 4154 ,
1041 4095 1273 4159 Pompeio

1440 4028 1522 4060 ω.
1547 4015 1623 4059 De
1644 4012 1970 4060 ruminatione
1984 4011 2288 4078 quotidiana.
2310 4012 2383 4058 De

1364 4092 1572 4141 occultis
1598 4092 1839 4152 consiliis,
1880 4108 1988 4155 quoe
2025 4091 2207 4146 Cesar,
2237 4093 2380 4137 Pom·

2079 4173 2187 4246 25.
