3023 4773
628 394 759 465 128
1246 390 1343 457 M.
1397 388 1475 455 T.
1530 386 2116 456 CICERONIS

614 531 961 617 praeterea
992 511 1315 608 gentium
1359 531 1621 603 magna
1660 530 1883 577 manu
1925 506 2237 593 venisse,
2271 505 2753 603 Euphratem-

616 649 763 724 que
796 625 945 720 jam
983 621 1286 692 transire
1329 618 1668 715 coepisse;
1715 615 2003 712 dicique
2051 620 2472 686 Armenium
2507 641 2757 715 regem

617 736 694 804 in
727 730 1259 830 Cappadociam
1298 731 1652 824 impetum
1685 749 1836 797 esse
1862 723 2256 796 facturum:
2289 729 2579 822 putavi,
2616 751 2756 824 pro

618 857 865 913 nostra
893 837 1460 921 necessitudine,
1496 860 1617 906 me
1649 834 1789 906 hoc
1818 835 1909 905 ad
1945 850 2016 906 te
2049 835 2364 908 scribere
2390 852 2755 934 oportere.

617 951 911 1025 Publice
967 963 1269 1048 propter
1317 946 1494 1017 duas
1543 969 1793 1016 causas
1829 943 2009 1014 nihil
2075 945 2327 1042 scripsi
2375 973 2390 1014 :
2438 945 2638 1043 quod
2682 962 2761 1017 et

616 1065 859 1160 ipsum
896 1065 1469 1153 Commagenum
1505 1054 1720 1152 legati
1759 1052 2096 1126 dicebant
2140 1054 2229 1125 ad
2255 1070 2583 1126 senatum
2621 1070 2759 1128 sta-

615 1174 749 1244 tim
782 1171 1081 1242 nuntios
1112 1167 1498 1262 literasque
1525 1166 1837 1254 misisse;
1874 1178 1945 1235 et
1973 1163 2501 1252 existimabam,
2519 1169 2617 1235 M.
2647 1169 2761 1235 Bi-

615 1282 874 1355 bulum
933 1276 1484 1376 proconsulem,
1548 1277 1678 1373 qui
1731 1276 2016 1347 circiter
2085 1274 2250 1346 idus
2312 1276 2597 1347 sextiles
2663 1275 2760 1347 ab

619 1392 906 1490 Epheso
954 1390 1029 1459 in
1064 1392 1335 1485 Syriam
1379 1385 1688 1457 navibus
1725 1384 2092 1483 profectus
2136 1401 2334 1472 erat,
2400 1387 2599 1484 quod
2644 1412 2762 1460 se-

622 1500 904 1575 cundos
955 1513 1210 1570 ventos
1270 1495 1679 1584 habuisset,
1739 1496 1890 1591 jam
1942 1497 2019 1566 in
2065 1499 2513 1594 provinciam
2556 1520 2764 1568 suam

622 1611 1073 1709 pervenisse;
1112 1608 1324 1703 cujus
1374 1607 1600 1679 literis
1645 1607 1888 1709 omnia
1926 1608 2231 1678 certiora
2270 1608 2627 1705 perlatum
2671 1609 2765 1676 iri

625 1720 715 1793 ad
750 1733 1082 1792 senatum
1121 1716 1489 1816 putabam.
1525 1716 1749 1804 Mihi,
1780 1731 1863 1788 ut
1892 1718 1969 1787 in
1996 1716 2416 1813 hujusmodi
2444 1743 2561 1807 re,
2598 1732 2766 1789 tan-

626 1847 851 1929 toque
877 1828 1098 1917 bello,
1115 1831 1441 1898 maximae
1463 1851 1651 1898 curae
1673 1841 1803 1915 est,
1825 1841 1928 1914 ut,
1954 1852 2117 1924 quae
2139 1829 2366 1925 copiis
2395 1842 2468 1898 et
2495 1825 2768 1925 opibus

624 1955 874 2011 tenere
908 1939 1028 2007 vix
1060 1939 1453 2035 possimuS,
1501 1961 1584 2008 ea
1625 1936 2181 2009 mansuetudine
2214 1951 2284 2007 et
2314 1938 2770 2008 continentia

628 2062 918 2134 nostra,
978 2048 1342 2119 sociorum
1393 2043 1740 2116 fidelitate
1786 2060 2184 2118 teneamus.
2230 2051 2341 2118 Tu
2373 2047 2629 2136 velim,
2681 2062 2773 2118 ut

625 2162 1031 2243 consuesti,
1070 2182 1205 2229 nos
1240 2155 1575 2228 absentes
1614 2154 1864 2254 diligas
1899 2170 1972 2228 et
2007 2154 2372 2229 defendas.

623 2382 989 2405 mm
1265 2377 2776 2400 mmmmm—”w—

1288 2487 1891 2629 EPI’STOLA
1963 2550 2113 2629 IV.

634 2722 751 2776 Res
779 2734 814 2772 a
840 2733 902 2772 se
931 2713 991 2770 in
1021 2710 1326 2790 provincia
1354 2722 1572 2787 gestaS,
1607 2721 1807 2767 narrat
1841 2708 2082 2781 ordine,
2123 2722 2208 2782 et,
2250 2722 2315 2767 ut
2357 2728 2554 2768 earum
2592 2728 2777 2767 causa

707 2808 1055 2889 supplicatio
1096 2805 1238 2878 sibi,
1280 2806 1507 2877 favente
1554 2810 1809 2878 Catone,
1862 2826 1896 2864 a
1937 2818 2143 2864 senatu
2183 2805 2559 2877 decernatur,
2599 2807 2774 2884 petit.

705 2910 815 2989 (Ex
844 2906 1074 2979 Cilicia,
1118 2924 1269 2963 anno
1301 2909 1375 2964 U.
1401 2907 1467 2962 C.
1495 2904 1636 2976 703,
1678 2923 1873 2961 mense
1893 2902 2210 2982 januariO.)

1084 3074 1175 3139 M.
1201 3074 1281 3138 T.
1315 3075 1388 3137 C.
1426 3072 1605 3136 ΙΜΡ.
1639 3071 1732 3137 Μ.
1766 3073 2095 3138 CATONI
2140 3073 2205 3138 S.
2241 3075 2323 3139 D.

723 3213 986 3280 Summa
1026 3218 1150 3275 tua
1200 3205 1586 3274 auctoritas
1635 3201 1838 3292 fecit,
1878 3230 2274 3303 meumque
2329 3221 2774 3304 perpetuum

632 3320 724 3391 de
758 3334 880 3389 tua
906 3314 1248 3414 singulari
1269 3313 1535 3383 virtute
1563 3314 1941 3409 judicium,
1966 3330 2049 3387 ut
2082 3318 2331 3413 magni
2356 3342 2516 3388 mea
2541 3318 2777 3387 inter-

635 3454 792 3501 esse
836 3441 1213 3525 putarem,
1257 3438 1329 3495 et
1359 3448 1473 3494 res
1513 3448 1664 3512 eas,
1707 3450 1889 3524 quas
1924 3429 2336 3523 gessissem,
2379 3427 2513 3498 tibi
2556 3442 2779 3499 notas

636 3562 818 3624 esse,
847 3551 919 3607 et
941 3560 1090 3606 non
1120 3537 1435 3631 ignorari
1459 3558 1499 3604 a
1529 3549 1599 3605 te
1618 3589 1637 3621 ,
1667 3560 1812 3633 qua
1847 3540 2183 3634 aequitate
2213 3554 2286 3611 et
2319 3540 2782 3611 continentia

635 3665 877 3719 tuerer
904 3648 1160 3733 sociOS,
1183 3646 1775 3742 provinciamque
1799 3645 2390 3719 administrarem.
2413 3651 2539 3720 His
2573 3650 2780 3720 enim

638 3784 680 3828 a
706 3771 777 3826 te
805 3757 1142 3849 cognitis,
1181 3752 1604 3842 arbitrabar,
1641 3753 1918 3829 facilius
1945 3781 2064 3828 me
2093 3757 2228 3830 tibi
2245 3814 2263 3849 ,
2293 3785 2454 3857 quae
2482 3757 2780 3845 vellem,

638 3863 1139 3965 probaturum.

730 3978 981 4065 Quum
1021 3976 1097 4045 in
1138 3979 1581 4074 provinciam
1624 3977 1856 4076 pridie
1898 3977 2036 4049 kal.
2066 3994 2239 4051 sext.
2265 3982 2657 4066 venissem,
2701 3996 2783 4051 et

637 4100 940 4187 propter
996 4088 1167 4156 anni
1227 4102 1513 4184 tempus
1572 4089 1656 4160 ad
1713 4091 2107 4164 exercitum
2159 4091 2337 4163 mihi
2388 4090 2779 4164 confestim
