3023 4773
627 377 760 460 124
1273 380 1369 446 Μ.
1424 377 1501 444 Τ.
1559 376 2116 446 CICERONIS

619 498 848 569 locavi
904 524 919 566 ε
981 511 1060 569 ut
1107 494 1570 587 Artuasdes³,
1634 523 1760 569 rex
1804 497 2223 583 Armenius,
2290 520 2763 595 quocumque

618 614 863 680 animo
905 622 1129 698 esset,
1193 613 1439 696 sciret,
1486 632 1637 680 non
1674 607 1933 706 procul
1974 632 2015 678 a
2050 607 2197 678 suis
2240 603 2512 677 finibus
2548 632 2762 679 exer-

617 720 842 790 citum
867 718 1120 817 populi
1151 724 1434 800 romani
1460 744 1652 806 esse;
1680 734 1752 790 et
1786 719 2234 813 Dejotarum‚
2261 715 2760 790 fidelissimum

616 853 858 927 regem
897 843 1118 926 atque
1145 831 1653 901 amicissimum
1675 827 2092 927 reipublicae
2121 817 2417 917 nostrae,
2449 833 2756 900 maxime

614 938 1091 1032 conjunctum
1134 937 1475 1010 haberem
1496 993 1516 1026 ‚
1555 939 1764 1033 cujus
1797 956 1869 1009 et
1893 937 2197 1009 consilio
2237 952 2310 1007 et
2336 938 2599 1035 opibus
2632 937 2754 1009 ad-

609 1048 843 1143 juvari
880 1063 1123 1146 posset
1151 1047 1580 1146 respublica.
1613 1051 1782 1137 Quo
1815 1072 2046 1144 quum
2081 1049 2154 1116 in
2182 1047 2345 1117 loco
2374 1062 2604 1118 castra
2631 1046 2758 1117 ha·

615 1157 892 1244 berem,
922 1159 1470 1255 equitatumque
1500 1160 1572 1228 in
1606 1158 1920 1228 Ciliciam
1952 1158 2326 1244 misissem,
2358 1169 2438 1226 ut
2461 1171 2533 1226 et
2550 1180 2757 1227 meus

615 1266 968 1337 adventus
1008 1268 1092 1337 iis
1134 1267 1577 1355 civitatibus,
1599 1292 1760 1365 quae
1796 1269 1871 1336 in
1906 1291 1987 1338 ea
2018 1281 2228 1363 parte
2268 1281 2533 1353 essent,
2562 1292 2756 1337 nun-

612 1379 860 1464 tiatuS,
898 1375 1253 1448 firmiores
1291 1381 1574 1448 animos
1603 1378 1931 1448 omnium
1968 1373 2277 1464 faceret3
2329 1390 2403 1446 et
2439 1400 2576 1472 ego
2603 1400 2753 1446 ma-

614 1500 775 1558 ture
798 1539 817 1573 ,
844 1487 1025 1583 quid
1061 1502 1399 1585 ageretur
1434 1491 1514 1558 in
1552 1488 1752 1585 Syria
1775 1542 1793 1574 ,
1838 1487 2018 1558 scire
2060 1511 2349 1583 possem
2396 1513 2411 1554 ε
2465 1500 2757 1582 tempus

615 1595 773 1689 ejus
809 1593 1059 1683 tridui,
1120 1597 1323 1694 quod
1372 1600 1448 1668 in
1495 1597 1608 1668 his
1646 1599 1897 1669 castris
1952 1595 2313 1684 morabar,
2360 1597 2434 1666 iu
2492 1621 2762 1693 magno

617 1704 860 1776 officio
911 1721 983 1776 et
1040 1713 1443 1779 necessario
1484 1707 1660 1778 mihi
1714 1707 2138 1805 ponendum
2179 1711 2449 1804 putavi.
2504 1711 2755 1797 Quum

616 1817 808 1888 enim
826 1832 1060 1888 vestra
1074 1823 1460 1900 auctoritas
1478 1820 2021 1906 intercessisset,
2039 1833 2120 1890 ut
2138 1843 2271 1915 ego
2290 1844 2536 1916 regem
2553 1822 2756 1889 Ario-

611 1925 998 1998 barzanem
1014 1982 1033 2015 ,
1053 1927 1388 2000 Euseben
1408 1943 1481 2000 et
1502 1929 2059 2000 Philoromaeum
2078 1933 2135 2014 4,
2154 1943 2431 2016 tuerer,
2450 1929 2757 2025 ejusque

611 2038 797 2134 regis
850 2036 1197 2127 salutem,
1246 2039 1858 2129 incolumitatem,
1902 2063 2358 2135 regnumque
2405 2035 2755 2108 defende-

608 2172 801 2236 rem3
836 2150 1048 2248 regi,
1097 2174 1475 2248 regnoque
1515 2150 1845 2249 praesidio
1885 2174 2159 2233 essem;
2210 2147 2756 2243 adjunxissetis-

607 2283 753 2354 que
776 2313 794 2346 ,
844 2260 1145 2332 salutem
1179 2262 1332 2355 ejus
1366 2263 1556 2357 regis
1579 2317 1597 2350 ,
1650 2261 1965 2359 popule,
2001 2261 2434 2355 senatuique
2475 2283 2754 2355 magnae

609 2393 796 2439 curae
840 2395 1030 2459 esse,
1075 2369 1275 2468 quod
1324 2371 1532 2442 nullo
1590 2397 1937 2470 umquam
1993 2369 2084 2441 de
2140 2394 2309 2466 rege
2374 2367 2756 2449 decretum

606 2493 794 2550 esset
816 2504 853 2550 a
874 2496 1126 2551 nostro
1151 2480 1439 2553 ordine:
1466 2484 1903 2570 existimavi,
1919 2506 2034 2552 me
2050 2479 2405 2576 judicium
2428 2493 2756 2549 vestrum

608 2588 699 2659 ad
729 2613 974 2685 regem
1014 2590 1293 2663 deferre
1322 2590 1591 2664 debere
1610 2647 1629 2680 ,
1673 2594 1885 2690 eique
1921 2589 2337 2690 praesidium
2367 2613 2610 2658 meum
2629 2641 2648 2674 ,
2679 2602 2758 2658 et

609 2697 867 2786 fidem,
895 2714 967 2769 et
986 2699 1429 2799 diligentiam
1459 2702 1824 2800 polliceri;
1851 2716 1934 2772 ut
1956 2755 1976 2788 ,
2013 2725 2243 2797 quum
2274 2700 2465 2770 salus
2491 2699 2757 2796 ipsiuS,

609 2810 1067 2880 incolumitas
1101 2812 1305 2907 regni
1344 2811 1521 2881 mihi
1551 2810 2055 2884 commendata
2096 2823 2279 2882 esset
2308 2834 2349 2879 a
2377 2807 2581 2879 vobis
2600 2861 2619 2895 ,
2647 2805 2756 2877 di-

611 2934 845 3009 ceret,
888 2922 947 2991 si
986 2919 1166 3017 quid
1198 2921 1434 2993 vellet.

675 3153 729 3201 3.
756 3150 1041 3199 Armasdes.
1060 3151 1215 3212 Cujus
1245 3167 1389 3199 soror
1414 3150 1632 3209 Pacoro,

603 3232 729 3295 regia
751 3231 1040 3279 Parthorum
1061 3229 1192 3289 filio,
1212 3241 1365 3294 nupta
1382 3241 1509 3288 erat3
1534 3228 1633 3278 filia

1722 3169 1932 3217 quorum
1951 3154 2153 3202 alterum
2173 3152 2323 3201 habet
2343 3151 2600 3215 imaginem
2611 3151 2762 3201 Ario-

1721 3231 1944 3281 barzanis
1992 3232 2364 3298 circumscripto
2411 3231 2557 3278 titulo
2599 3234 2761 3279 Butt-

605 3326 723 3358 vero
745 3310 965 3370 Deiotari
993 3310 1121 3373 regis
1143 3308 1250 3357 filio
1286 3320 1448 3373 pacta.
1484 3311 1630 3358 Man.

604 3418 675 3427 ——
694 3391 817 3439 Aliis
843 3390 1124 3439 nominatur
1141 3388 1443 3439 Artavasdes
1468 3399 1519 3437 et
1537 3392 1636 3437 Ar·

604 3469 844 3517 tabasdes.
872 3472 970 3519 En.

675 3555 725 3603 4.
764 3550 986 3598 Eusebem
1031 3560 1080 3597 et
1123 3547 1522 3596 Philoromum.
1572 3548 1633 3596 Id

603 3637 675 3674 est
692 3659 708 3685 ‚
723 3626 863 3690 pium
888 3640 939 3677 et
958 3628 1169 3675 amicum
1182 3628 1429 3675 Romanis.
1445 3628 1631 3679 Graecis

604 3706 883 3755 nominibus
912 3707 973 3755 ad
1003 3708 1204 3756 latinam
1225 3707 1630 3756 consuetudinem

604 3785 856 3834 traductis.
884 3787 1028 3835 Unde
1054 3788 1107 3835 in
1130 3799 1230 3836 vet.
1253 3789 1464 3836 nummis
1485 3803 1499 3835 τ
1537 3790 1631 3834 BA-

608 3866 825 3911 ΣΙΛΕΩΣ
876 3866 1328 3915 ΑΡΙΟΒΑΡΖΑΝΟΥ
1379 3869 1630 3915 Quom-

606 3944 817 3991 mlor.
832 3942 1041 4005 Quidam
1061 3944 1282 4001 codices,
1305 3942 1628 3994 Philonicum.

600 4020 690 4069 Cr..
718 4021 1012 4069 Purunus.
1039 4049 1107 4059 —
1148 4024 1356 4073 Exstant
1392 4025 1525 4088 apud
1553 4041 1630 4072 me

596 4101 697 4149 duo
729 4101 927 4166 antiqua
963 4102 1253 4151 numismata
1291 4120 1355 4152 ex
1390 4117 1594 4170 argento
1612 4139 1628 4165 ,

1722 3316 1882 3360 ΔΕΩΣ
1948 3313 2442 3360 ΔΡΙΟΒΑΡΖΑΝΟΥΣ
2494 3312 2755 3359 ‘amom-

1722 3394 1932 3439 ΜΑΙΟΥ.
1961 3390 2186 3438 Alterum
2208 3389 2452 3437 Ariarathi
2470 3405 2582 3436 cum
2601 3388 2760 3436 literis

1722 3472 2017 3517 ΒΑΣΙΛΕΩΣ
2053 3471 2405 3517 APIAPAOOT
2432 3470 2756 3517 ΕΥΣΕΒΟΥΣ.

1722 3548 1797 3595 Ex
1813 3547 1990 3611 quibus
2008 3548 2420 3611 inscriptionibus
2437 3546 2762 3608 intelligimus

1719 3626 2098 3674 Ariobarzanem
2169 3626 2370 3690 quidem
2451 3624 2759 3690 appellatum

1719 3706 1867 3754 fuisse
1886 3705 2264 3755 Philoromoeum
2278 3741 2293 3765 ,
2311 3705 2602 3754 Ariarathen
2632 3721 2759 3753 vero

1717 3783 1960 3833 Euseben.
1982 3785 2159 3833 Cicero
2185 3797 2345 3833 tamen
2364 3795 2624 3846 utrumque
2644 3783 2764 3832 titu-

1716 3864 1816 3913 lum
1842 3862 1935 3911 soli
1960 3863 2489 3912 tribuitAriobarzani:
2514 3863 2608 3909 nisi
2627 3862 2764 3911 forte

1717 3942 1918 4006 aliquod
1952 3942 2185 3991 mendum
2220 3944 2285 3989 sit
2312 3944 2364 3989 in
2391 3942 2468 3990 bis
2483 3939 2685 4001 verbis,
2705 3954 2758 3989 et

1719 4038 1898 4071 nomeu
1941 4022 2207 4071 Ariarathis
2243 4022 2366 4071 desit
2385 4055 2401 4082 ,
2440 4036 2592 4085 quum
2632 4021 2766 4067 scri·

1720 4115 1862 4184 ptum
1906 4115 2044 4153 antea
2087 4104 2291 4163 fuisset,
2334 4106 2448 4152 «Ut
2492 4117 2584 4165 ego
2618 4116 2765 4164 regen.
2861 4146 2872 4149 s
