3023 4773
828 396 1383 481 EPISTOLAE,
1431 395 1654 478 XVI,
1705 390 1822 461 26.
2257 396 2395 467 203

268 513 886 587 lucubrationibus
923 530 1407 588 commentata
1444 515 1812 600 oratione,
1864 511 2029 584 vide
2062 525 2188 584 ut²
2229 540 2397 613 pro-

269 626 432 697 bare
458 630 720 725 possit,
752 640 822 698 te
845 651 999 698 non
1030 650 1381 725 peccasse.
1413 625 1633 697 Plane
1668 636 1740 695 te
1768 648 1983 720 rog0,
2006 627 2196 696 sicut
2224 624 2400 696 olim

269 751 570 808 matrem
607 751 925 807 nostram
981 735 1217 809 facere
1260 737 1591 822 memini,
1653 758 1814 831 quae
1856 733 2144 829 lagenas
2186 737 2403 807 etiam

267 848 515 916 inanes
541 844 971 943 obsignabat
992 902 1012 935 ‚
1034 873 1129 920 ne
1157 846 1576 920 dicerentur
1604 846 1857 916 inanes
1877 842 2133 945 aliquae
2165 842 2411 930 fuisse,

264 979 421 1050 quae
476 952 726 1026 furtim
768 972 1007 1029 essent
1044 961 1410 1030 exsiccatas
1454 983 1472 1028 ε
1526 958 1629 1028 sic
1674 970 1791 1042 tu,
1840 954 2157 1041 etiamsi,
2202 956 2405 1051 quod

265 1064 532 1137 scribas
554 1120 575 1152 ‚
610 1092 763 1138 non
799 1067 1141 1155 habebis,
1167 1068 1462 1142 scribito
1500 1081 1781 1153 tamen,
1807 1091 1903 1138 ne
1936 1063 2218 1137 furtum
2254 1091 2407 1138 ces·

267 1178 565 1248 sationis
581 1174 610 1220 ³
631 1182 1045 1275 quaesivisse
1072 1180 1399 1257 videaris,
1422 1176 1650 1251 Valde
1678 1177 1874 1249 enim
1899 1177 2001 1246 mi
2028 1199 2318 1274 semper
2339 1191 2412 1247 et
2499 1176 2501 1178 ’

269 1312 474 1374 vera,
519 1303 592 1360 et
649 1287 891 1361 dulcia
934 1292 1079 1362 tuis
1115 1291 1440 1391 epistolis
1491 1292 1946 1360 nuntiantur.
2009 1292 2188 1358 Ama
2230 1311 2366 1359 nos
2392 1342 2411 1372 ,

268 1412 338 1470 et
370 1397 548 1469 vale.

337 1602 387 1633 ιι.
417 1584 545 1633 Vide
569 1597 642 1635 ut.
668 1588 708 1634 1.
729 1603 773 1633 e.
791 1586 874 1634 vix
891 1597 965 1635 est
983 1596 1059 1635 ut.
1085 1587 1168 1634 Sic
1185 1587 1287 1636 ΟΠ.
1377 1586 1515 1651 qnod
1536 1584 1735 1633 inanem
1760 1583 2015 1649 epistolem
2033 1583 2224 1631 mittere
2241 1582 2414 1631 nolue-

269 1666 373 1726 111,
413 1678 514 1728 29:
556 1685 579 1706 ‹-
601 1663 799 1713 vide-nt
836 1680 900 1712 ne
931 1663 1117 1714 latebra
1153 1683 1289 1731 quoe-
1378 1665 1476 1723 ris,
1513 1664 1632 1712 mihi
1656 1663 1924 1728 aliqnando
1944 1662 2140 1727 plenam
2166 1663 2300 1711 furto
2329 1679 2409 1711 re-

269 1756 437 1792 ntur»
452 1778 469 1803 ,
503 1743 559 1791 id
577 1755 673 1804 est,
700 1744 784 1792 vix
810 1753 882 1791 est
903 1754 959 1792 ut
984 1760 1086 1793 non
1111 1761 1290 1810 quaers·
1379 1746 1569 1795 tineas:
1607 1744 1686 1792 vel
1730 1755 1788 1792 nt
1821 1744 2036 1808 pressius
2070 1744 2377 1793 enuntiemus
2392 1780 2407 1804 ,

270 1833 366 1871 tnr.
385 1824 562 1872 Gnon.
1381 1841 1444 1873 ne
1469 1824 1741 1873 cessatione
1768 1834 1851 1873 tus
1878 1824 1933 1871 in
1967 1823 2295 1888 suspicionem
2319 1841 2413 1873 ve·

337 1903 388 1951 3.
411 1902 527 1950 Sch.
547 1918 574 1950 e
595 1901 896 1972 conjecturs,
919 1922 944 1947 ι
960 1902 1227 1952 cessatione
1241 1924 1298 1963 ι,
1382 1905 1515 1964 nias,
1548 1914 1597 1952 te
1621 1903 1742 1951 mihi
1766 1903 1959 1969 plenam
1981 1902 2240 1967 epistolam
2258 1904 2410 1952 furari

268 1980 394 2030 unde
429 1981 534 2030 exit
574 1982 814 2030 sententis
860 1998 1007 2046 quam
1042 1983 1114 2031 sic
1147 1997 1297 2048 expo-
1382 1983 1597 2032 voluisse
1618 2018 1635 2043 ,
1684 1983 1777 2031 hac
1838 1983 2035 2031 interim
2097 1984 2411 2033 excusatione

265 2061 363 2109 snit
376 2059 655 2123 waldus,
674 2062 766 2109 etsi
780 2060 976 2125 vulgata
995 2061 1209 2110 lectione
1227 2062 1299 2109 ni·
1385 2078 1528 2124 nsns3
1553 2072 1603 2110 te
1639 2062 1764 2110 nihil
1796 2061 2024 2110 habuisse
2065 2062 2204 2126 quod
2233 2062 2412 2111 scribe-

266 2141 335 2190 lu'l
370 2141 632 2191 offensus:
681 2158 786 2190 ene
826 2141 920 2190 sub
953 2142 1300 2198 excusatione,
1385 2157 1524 2190 res».
1554 2142 1647 2190 En.

280 2332 464 2356 m
469 2331 1951 2354 mmmmm-mmmm
1956 2333 2414 2358 mmmm

821 2503 1414 2585 EPISTOLA
1466 2502 1858 2583 XXVII.

265 2658 574 2717 Invehitur
614 2658 674 2717 in
713 2659 980 2718 consules
1015 2658 1343 2737 designatos
1382 2657 1641 2716 Hirtium
1670 2671 1729 2717 et
1755 2662 2019 2719 Pansam.
2063 2661 2414 2721 Benivolen-

707 2756 843 2814 tiam
874 2775 1038 2815 suam
1064 2756 1363 2835 significat.
1395 2755 1592 2834 (Anno
1610 2759 1686 2815 U.
1708 2759 1774 2814 C.
1805 2757 1968 2834 7⁰9·)

804 2934 887 3017 Q.
919 2921 1537 3000 c.·r1RoN1‘suo
1584 2932 1648 2996 S.
1686 2933 1761 2997 P.
1797 2934 1879 2999 D.

359 3074 771 3142 Mmchu
801 3069 977 3142 mihi
1004 3069 1589 3143 verberationem
1617 3069 2034 3141 cessationis
2055 3081 2076 3114 ¹
2111 3071 2415 3169 epistola

267 3178 553 3252 dedisti.
597 3182 820 3268 Nam,
855 3205 1017 3278 quae
1046 3183 1334 3279 parcius
1359 3178 1584 3253 frater
1614 3179 2168 3278 perscripserat,
2207 3203 2414 3250 vere-

269 3289 535 3361 cundia
566 3288 904 3362 videlicet
942 3307 1017 3363 et
1063 3291 1615 3389 properatione,
1659 3315 1743 3362 ea
1785 3304 1867 3360 tu
1904 3293 2059 3361 sine
2097 3304 2413 3361 assenta-

270 3403 510 3487 tione,
547 3415 632 3472 ut
668 3415 913 3488 erant,
948 3400 1039 3472 ad
1078 3426 1195 3472 me
1235 3402 1619 3499 scripsisti,
1657 3417 1728 3472 et
1760 3403 2076 3472 maxime
2106 3399 2200 3471 de
2237 3424 2413 3472 con·
2454 3457 2455 3460 η

272 3509 552 3582 sulibus
577 3509 1009 3607 designatis²
1044 3538 1060 3581 ε
1090 3535 1280 3609 quos
1316 3535 1452 3609 ego
1487 3515 1784 3610 penitus
1817 3516 1989 3581 novi
2026 3499 2414 3584 libidinum

345 3725 390 3757 x.
418 3709 815 3756 Verbemeionem
833 3709 1133 3760 cessationis.
1161 3710 1297 3774 Quid
1385 3710 1518 3758 disti.
1543 3710 1896 3761 Mun—Vide
1917 3711 2134 3760 Tui-nebi
2153 3712 2412 3762 Adverssr.

276 3799 435 3848 potest
460 3804 566 3837 esse
592 3787 788 3846 durius,
821 3798 908 3837 aut
945 3789 1098 3855 magis
1137 3789 1296 3838 diver-
1386 3790 1473 3839 lib.
1486 3791 1637 3849 vm,
1667 3806 1777 3855 cap.
1801 3789 1850 3838 5.

277 3868 587 3915 snm-marci
606 3868 765 3916 fratris
777 3868 1298 3933 purissimosermone?
1460 3886 1515 3917 α.
1542 3871 1617 3916 De
1643 3868 1918 3917 consulibus
1950 3869 2231 3934 designatis.
2251 3869 2416 3918 Hirtio

278 3944 406 3993 Dicit
422 3945 544 3995 hoc:
571 3946 731 3995 Valde
755 3963 857 4004 me,
883 3948 997 4011 quis
1016 3949 1300 3997 cessaverim
1390 3960 1440 3996 et
1461 3950 1612 3996 Pansa
1632 3983 1649 4009 ,
1678 3948 1730 3994 in
1757 3953 1883 4012 qnos
1900 3948 2163 3999 invehitur.
2182 3949 2416 4013 Epistola!

280 4020 330 4070 in
352 4024 503 4073 literis
525 4025 589 4073 ad
610 4043 704 4076 vos
731 4028 1009 4087 mittendis,
1037 4028 1301 4077 verberasti
1388 4028 1562 4089 hujus,
1586 4025 1766 4076 Schutz
1805 4028 2012 4078 credidit
2051 4029 2179 4077 diem
2215 4039 2263 4076 et
2289 4043 2416 4075 men·
2438 4084 2444 4088 .

283 4101 333 4148 in
356 4104 560 4169 epistola
586 4117 694 4154 tua:
713 4123 832 4171 pro,
873 4108 1014 4156 tacite
1037 4109 1299 4173 reprehen-
1392 4124 1490 4155 sem
1530 4123 1672 4172 posse
1727 4107 1959 4172 assignari
2008 4108 2135 4156 circa
2187 4105 2414 4154 kalendas
