3023 4773
790 408 867 473 T.
919 408 1441 476 POMPONII
1494 408 1858 476 ATTICI.
2243 434 2371 479 22¹

262 531 538 599 Nemini
580 552 735 597 non
771 527 872 598 ibi
900 543 1258 625 perpetuo
1297 527 1635 598 manendi
1678 544 1996 625 potestas
2031 528 2212 601 facta
2246 547 2383 612 est‘:

260 640 427 735 quin
472 641 695 708 etiam
740 654 905 735 post
940 637 1266 736 praelium
1315 639 1816 735 Philippense,
1865 641 2385 739 interitumque

259 751 333 815 C.
356 749 573 817 Cassii
592 800 613 830 ‚
645 761 720 818 et
746 750 841 817 M.
869 751 1106 831 Bruti,
1135 752 1213 817 L.
1233 753 1270 817 J
1276 748 1503 817 ulium
1542 746 1901 820 Mocillam
1934 755 2343 846 praetorium
2362 807 2382 838 ,

255 872 323 926 et
343 858 496 951 ejus
527 855 760 927 filium
778 911 798 945 ,
824 858 1240 954 Aulumque
1257 863 1702 954 Torquatum
1723 913 1742 944 ,
1778 875 2200 956 ceterosque
2229 867 2382 960 pari

252 962 546 1035 fortuna
608 965 975 1063 perculsos
1069 969 1328 1038 institit
1402 971 1627 1053 tueri,
1708 983 1928 1066 atque
2011 995 2098 1039 ex
2164 974 2383 1066 Epiro

253 1079 511 1145 omnia.
581 1074 1140 1148 Samothraciam
1224 1080 1637 1176 supportari
1718 1078 1952 1172 jussit.
2073 1077 2384 1151 Difficile

253 1201 358 1256 est
394 1189 645 1256 omnia
686 1189 1061 1284 persequi,
1114 1201 1186 1258 et
1228 1213 1377 1258 non
1441 1189 1856 1258 necessaria.
1913 1187 2099 1258 Illud
2155 1213 2381 1259 unum

251 1296 555 1393 intelligi
611 1295 976 1379 volumuS,
1029 1297 1218 1367 illius
1264 1295 1764 1367 liberalitatem
1815 1321 2057 1392 neque
2101 1311 2387 1394 tempo-

253 1409 552 1492 rariam,
597 1430 839 1502 neque
876 1405 1202 1477 callidam
1248 1403 1485 1476 fuisse.
1530 1406 1608 1476 Id
1659 1432 1748 1477 ex
1788 1408 1962 1503 ipsis
2005 1407 2264 1492 rebus,
2302 1431 2386 1477 ac

251 1515 709 1613 temporibus
737 1515 1045 1610 judicari
1085 1531 1362 1613 potest,
1400 1508 1604 1614 qnod
1643 1542 1795 1587 non
1840 1516 2270 1588 florentibus
2308 1542 2384 1588 se

253 1625 644 1695 venditavit
667 1680 686 1711 ‚
711 1625 838 1696 sed
867 1623 1147 1696 afflictis
1171 1651 1458 1723 semper
1498 1631 1853 1699 succurrit
1885 1654 1899 1695 τ
1931 1632 2059 1724 qui
2088 1627 2385 1725 quidem

256 1737 627 1806 Serviliam
691 1740 890 1807 Bruti
963 1752 1267 1807 matrem
1326 1762 1480 1806 non
1545 1740 1785 1808 minus
1851 1752 2016 1835 post
2077 1753 2385 1809 mortem

255 1846 449 1939 ejus,
487 1871 707 1943 quam
746 1845 1090 1933 florente,
1128 1847 1452 1917 coluerit.
1501 1850 1617 1918 Sic
1662 1846 2085 1918 liberalitate
2134 1861 2386 1934 utens,

259 1956 490 2025 nullas
528 1956 940 2026 inimicitias
978 1958 1233 2052 gessit,
1270 1956 1470 2052 quod
1507 1983 1747 2053 neque
1784 1956 2087 2029 laedebat
2130 1981 2384 2054 quem·
2506 2000 2511 2005 ·

259 2089 515 2161 quam,
557 2090 833 2162 neque,
875 2070 931 2136 si
978 2089 1199 2163 quam
1244 2067 1582 2160 injuriam
1618 2082 2031 2163 acceperat,
2076 2066 2389 2137 malebat

261 2174 541 2259 ulcisci,
606 2200 826 2271 quam
886 2175 1238 2247 oblivisci.
1314 2175 1515 2247 Idem
1578 2178 1965 2247 immortali
2036 2181 2385 2249 memoria

261 2301 598 2383 percepta
660 2286 1018 2357 retinebat
1076 2284 1484 2358 beneficia:
1530 2311 1690 2382 quae
1751 2301 1988 2355 autem
2048 2288 2200 2384 ipse
2259 2288 2383 2356 tri-

263 2395 550 2485 buerat,
572 2397 821 2468 tandiu
854 2402 1308 2484 meminerat,
1337 2396 1579 2493 quoad
1615 2395 1733 2466 ille
1762 2410 2007 2492 gratus
2048 2410 2221 2480 erat,
2256 2401 2385 2493 qui

261 2522 649 2604 acceperat.
687 2512 941 2608 Itaque
991 2508 1105 2578 hic
1150 2505 1353 2593 fecit,
1391 2520 1475 2577 ut
1518 2530 1686 2577 vere
1732 2507 2005 2577 dictum
2038 2504 2385 2591 videatur,

265 2617 432 2686 «Sui
469 2621 736 2714 cuique
779 2642 1015 2688 mores
1053 2616 1339 2713 fingunt
1381 2614 1742 2687 fortunam
1765 2648 1822 2688 ».
1851 2622 2105 2714 Neque
2143 2632 2384 2688 tamen

266 2729 458 2822 prius
503 2727 622 2799 ille
667 2726 1068 2814 fortunam,
1113 2752 1332 2824 quam
1379 2752 1454 2798 se
1498 2729 1653 2824 ipse
1697 2727 1951 2814 finxit,
1999 2731 2126 2824 qui
2166 2727 2384 2807 cavit,

270 2861 353 2906 ne
388 2863 533 2934 qua
580 2841 654 2908 in
697 2865 774 2910 re
806 2840 969 2933 jure
1002 2839 1457 2935 plecteretur.
2398 2929 2399 2932 Ἴ

359 2952 513 3020 XII.
553 2952 917 3046 His'igitur
939 2949 1158 3020 rebus
1184 2947 1422 3021 effecit
1442 3003 1461 3031 ,
1485 2963 1573 3018 ut
1609 2953 1707 3017 M.
1732 2951 2118 3044 Vipsanius
2133 2949 2389 3044 Agrip-

276 3081 387 3152 pa,
405 3062 661 3129 intima
681 3057 1154 3130 familiaritate
1187 3061 1621 3155 conjunctus
1649 3057 2084 3128 adolescenti
2110 3060 2387 3142 Caesari,

274 3193 489 3263 quum
532 3185 833 3267 propter
876 3195 1076 3241 suam
1120 3174 1457 3267 gratiam,
1515 3185 1587 3241 et
1621 3171 1911 3242 Caesaris
1960 3171 2389 3264 potentiam,

273 3277 529 3348 nullius
570 3278 1007 3350 conditionis
1060 3305 1208 3349 non
1256 3277 1556 3350 haberet
1594 3294 2056 3378 potestatem,
2100 3279 2386 3374 potissi-

274 3413 460 3459 mum
488 3390 646 3484 ejus
674 3387 1018 3486 deligeret
1045 3388 1492 3476 affinitatem,
1521 3404 2097 3489 praeoptaretque
2127 3389 2389 3482 equitis

277 3504 544 3570 romani
609 3498 830 3571 filiam
879 3525 1396 3606 generosarum
1454 3503 1751 3599 nuptiis.
1833 3504 2071 3594 Atque
2132 3496 2389 3566 harum

276 3614 679 3706 nuptiarum
716 3612 1137 3683 conciliator
1176 3609 1310 3682 fuit
1341 3609 1541 3706 (non
1583 3614 1777 3680 enim
1816 3620 1922 3678 est
1964 3604 2389 3701 celandum)

279 3719 363 3787 M.
389 3724 772 3806 Antonius,
807 3724 1135 3792 triumvir
1152 3719 1571 3819 reipublicae
1607 3715 2157 3805 constituendae3
2184 3715 2394 3811 cujus

279 3836 485 3924 gratia
521 3856 753 3929 quum
782 3851 1044 3928 augere
1073 3834 1559 3930 possessiones
1597 3841 1838 3925 posset
1869 3851 2030 3897 suas
2050 3882 2068 3910 ‚
2111 3841 2393 3900 tantum

285 3939 489 4014 abfuit
525 3970 565 4014 a
611 3941 1009 4040 cupiditate
1071 3946 1430 4039 pecuniae,
1483 3954 1566 4009 ut
1603 3936 1801 4008 nulla
1840 3941 1915 4006 in
1960 3961 2038 4007 re
2089 3961 2263 4007 usus
2305 3938 2395 4006 sit

289 4074 389 4138 ea,
436 4057 566 4125 nisi
619 4057 695 4123 in
740 4051 1213 4150 deprecandis
1264 4053 1657 4121 amicorum
1700 4063 1827 4119 aut
1865 4047 2232 4146 periculiS,
2275 4059 2399 4138 aut
