3023 4773
665 417 809 488 666
1307 421 1405 486 Μ.
1459 421 1539 486 Τ.
1591 417 2148 487 CICERONIS

657 535 1051 635 spoliatus²
1090 549 1217 607 est.
1244 535 1542 608 Videbis
1579 539 1829 635 igitur,
1862 561 2035 608 num
2065 535 2247 635 quid
2274 534 2488 608 fuerit
2524 541 2599 608 in
2641 539 2782 628 his,

658 655 858 752 quod
894 678 1012 725 me
1045 658 1229 726 scire
1260 678 1447 752 opus
1478 656 1605 744 sit;
1644 670 1716 724 et
1753 654 1962 726 simul
2002 669 2083 725 tu
2128 655 2273 725 hoc
2315 648 2780 751 διευκρινῆσεις3

656 759 1020 857 πρόὸλημα,
1059 784 1230 831 sane
1257 765 1571 832 πολιτικόν
1594 790 1609 805 ·
1647 785 1878 858 quum
1913 761 2006 831 sit
2028 784 2349 847 necesse,
2381 777 2506 832 aut
2534 762 2780 833 haberi

654 872 947 942 camaris
970 872 1327 942 rationem
1348 925 1368 958 ,
1401 871 1526 941 illo
1552 875 1947 942 exercitum
1982 870 2093 941 vel
2119 895 2252 969 per
2281 886 2645 958 senatum,
2671 873 2780 942 vel

654 1003 789 1079 per
817 980 1151 1052 tribunos
1175 979 1408 1078 plebis
1433 979 1857 1066 obtinente;
1886 995 2010 1051 aut
2042 979 2459 1078 persuaderi
2489 981 2778 1062 Caesari,

649 1105 735 1161 ut
777 1090 1007 1162 tradat
1048 1092 1491 1190 provinciam
1536 1105 1756 1188 atque
1793 1093 2222 1179 exercitum,
2274 1106 2350 1162 et
2384 1094 2479 1162 ita
2528 1094 2779 1163 consul

650 1197 814 1289 fiat;
850 1217 1010 1286 aut,
1050 1204 1107 1273 si
1144 1201 1217 1272 id
1255 1225 1408 1271 non
1437 1200 1983 1300 persuadeatur,
2021 1199 2269 1272 haberi
2304 1203 2594 1272 comitia
2627 1204 2781 1272 sine

649 1312 1191 1402 illiusratione,
1234 1310 1359 1383 illo
1403 1312 1755 1409 patiente,
1810 1326 2027 1409 atque
2065 1310 2441 1383 obtinente
2485 1315 2776 1410 provin·

583 1425 592 1441 '
651 1425 869 1508 ciam;
919 1438 1043 1494 aut
1061 1477 1080 1510 ,
1116 1425 1173 1494 si
1200 1448 1335 1522 per
1359 1421 1695 1494 tribunos
1719 1421 1950 1521 plebis
1976 1447 2130 1492 non
2156 1423 2467 1519 patiatur
2485 1477 2505 1508 ,
2532 1437 2776 1493 tamen

652 1533 1007 1629 quiescat,
1045 1557 1197 1603 rem
1242 1530 1503 1605 adduci
1541 1530 1632 1602 ad
1666 1536 2195 1628 inter-regimim
2222 1546 2380 1614 aut,
2413 1533 2472 1602 si
2505 1530 2777 1602 obeam

647 1664 933 1712 causam
950 1694 970 1728 ,
996 1640 1199 1739 quod
1225 1645 1409 1712 ratio
1432 1642 1589 1736 ejus
1615 1665 1764 1710 non
1798 1639 2184 1726 habeatur,
2219 1645 2621 1713 exercitum
2650 1641 2775 1712 ad-

648 1748 898 1840 ducat,
925 1753 1139 1822 armis
1162 1775 1325 1822 cum
1357 1775 1443 1822 eo
1472 1749 1946 1835 contendere,
1982 1750 2183 1821 illum
2213 1764 2454 1821 autem
2487 1754 2774 1821 initium

646 1856 880 1932 facere
920 1885 1320 1945 armorum,
1343 1872 1487 1929 -aut
1530 1860 1770 1930 statim
1803 1857 2016 1930 nobis
2055 1861 2292 1931 minus
2324 1861 2625 1954 paratis,
2653 1876 2776 1930 aut

645 1982 829 2056 tum,
869 1995 1095 2068 quum
1131 1969 1470 2056 comitiis,
1523 1970 1767 2039 amicis
1815 1969 1971 2063 ejus
2004 1967 2574 2066 postulantibus,
2615 1982 2698 2038 ut
2735 1995 2775 2039 e

643 2078 798 2176 lege
844 2081 1027 2170 ratio
1069 2077 1458 2168 habeatur,
1502 2081 1965 2176 impetratum
2014 2105 2162 2150 non
2207 2082 2335 2164 sit;
2381 2081 2483 2150 ire
2529 2094 2771 2150 autem

642 2187 731 2258 ad
756 2213 990 2276 arma,
1032 2206 1159 2260 aut
1194 2188 1381 2262 hanc
1413 2213 1636 2260 unam
1671 2187 1769 2259 ob
1811 2213 2131 2275 causam,
2166 2189 2368 2285 quod
2397 2190 2585 2260 ratio
2622 2213 2768 2258 non

644 2295 1025 2386 habeatur,
1069 2315 1193 2370 aut
1243 2295 1482 2370 addita
1525 2323 1770 2386 causa,
1835 2302 1892 2368 si
1937 2296 2122 2368 forte
2159 2297 2498 2369 tribunus
2543 2296 2768 2396 plebis

640 2424 965 2482 senatum
1012 2409 1449 2509 impedienS,
1493 2424 1616 2480 aut
1653 2410 2011 2507 populum
2052 2410 2391 2494 incitans,
2442 2422 2767 2489 notatus,

640 2533 764 2590 aut
797 2520 1419 2591 senatusconsulto
1453 2520 2065 2615 circumscriptus,
2100 2532 2223 2589 aut
2257 2514 2617 2603 sublatuS,
2643 2530 2767 2586 aut

639 2628 976 2726 expulsus
1017 2631 1140 2715 sit,
1182 2627 1515 2699 dicensve
1564 2652 1640 2698 se
1690 2628 2108 2726 expulsum,
2162 2626 2251 2696 ad
2300 2625 2552 2696 illum4
2591 2650 2764 2696 con-

641 2739 947 2836 fugerit3
983 2752 1319 2836 suscepto
1356 2751 1596 2807 autem
1631 2735 1864 2825 bello,
1900 2751 2023 2808 aut
2068 2733 2375 2808 tenenda
2414 2738 2504 2805 sit
2549 2732 2763 2815 Urbs,

640 2863 766 2927 aut
803 2874 887 2922 ea
925 2848 1207 2937 relicta,
1248 2847 1368 2920 ille
1403 2864 1808 2922 commeatu
1840 2842 1920 2921 ‘et
1963 2849 2259 2947 reliquis
2296 2850 2765 2946 copiisinter-

639 2958 1085 3031 eludendus:
1116 2958 1315 3056 quod
1353 2960 1622 3031 horum
1673 2960 2065 3047 malorum,
2103 2983 2420 3057 quorum
2472 2955 2762 3054 aliquod

638 3082 831 3139 certe
853 3066 1317 3139 subeundum
1334 3083 1474 3155 est,
1509 3069 1887 3139 minimum
1916 3084 2145 3166 putes,
2169 3071 2380 3141 Dices
2412 3065 2759 3164 profecte,

635 3177 1047 3275 persuaderi
1091 3178 1228 3265 illi,
1268 3193 1348 3249 ut
1384 3176 1616 3249 tradat
1643 3180 2073 3266 exercitum,
2114 3194 2189 3250 et
2213 3180 2307 3249 ita
2334 3177 2587 3250 consul
2614 3175 2753 3247 fiat.

633 3293 758 3360 Est
816 3289 1120 3360 omnino
1171 3288 1245 3359 id
1304 3287 1701 3384 ejusmodi,
1745 3304 1868 3377 ut,
1922 3292 1983 3360 si
2037 3288 2156 3360 ille
2198 3314 2285 3361 eo
2341 3287 2759 3371 descendat,

634 3414 885 3471 contra
921 3398 1062 3470 dici
1104 3396 1284 3469 nihil
1329 3401 1605 3497 possit:
1654 3397 1875 3496 idque
1913 3423 2112 3485 eum,
2158 3402 2216 3469 si
2254 3423 2404 3468 non
2448 3398 2762 3471 obtinet,

634 3525 715 3580 ut
777 3511 958 3581 ratio
1013 3507 1363 3581 habeatur
1414 3509 1792 3580 retinentis
1832 3510 2261 3593 exercitum,
2321 3533 2470 3577 non
2530 3505 2764 3577 facere

636 3621 879 3692 miror.
912 3618 1136 3693 Nobis
1168 3633 1447 3706 autem,
1484 3632 1568 3688 ut
1601 3615 1895 3716 quidam
1936 3633 2191 3715 putant
2210 3614 2263 3705 ⁵,
2308 3616 2491 3687 nihil
2531 3629 2636 3689 est
2669 3618 2762 3685 ti-

705 3816 756 3850 a.
778 3802 966 3850 Erunt.
979 3810 1119 3866 putat
1134 3801 1441 3867 dispoliatus,
1462 3811 1519 3849 ut
1535 3798 1656 3849 alibi
1743 3815 1847 3849 rom
1865 3834 1882 3858 ,
1907 3809 1962 3847 ut
1994 3799 2065 3847 Μ.
2098 3798 2343 3847 Antonius
2369 3808 2420 3845 et
2444 3800 2511 3859 Q.
2546 3796 2763 3846 eunius.

634 3880 882 3928 ean-LV.
904 3881 959 3928 L.
1745 3879 1870 3926 Vide
1903 3877 2043 3942 epist.
2095 3893 2182 3939 11,
2217 3877 2302 3926 lib.
2346 3879 2500 3938 XVI,
2542 3875 2604 3922 ad
2641 3876 2762 3923 Div.

704 3959 753 4006 3.
766 3954 1110 4024 Διευκρινῆσαις.
1130 3959 1301 4007 Solve·
1317 3960 1657 4023 quaestionem,
1744 3956 1902 4005 Con.

638 4052 748 4101 qun
782 4051 1001 4099 magnam
1028 4036 1232 4099 requirit
1258 4037 1583 4102 prudentiam.
1814 4036 1863 4083 5.
1892 4035 2082 4084 Emest.
2117 4050 2206 4100 pro
2225 4046 2430 4098 putant,
2465 4034 2648 4099 recepit
2663 4051 2763 4097 pn·

708 4125 756 4173 4.
800 4112 880 4163 Ad
902 4112 1037 4162 illum
1060 4112 1356 4178 confugerit.
1388 4117 1465 4166 Ad
1496 4119 1657 4164 Caesa·
1744 4126 1818 4163 eat
1835 4130 1898 4162 ex
1926 4115 2261 4164 emendatione
2282 4113 2539 4172 Tanaum,
2560 4131 2610 4178 p.
2643 4116 2760 4167 148.
