3023 4773
614 371 751 463 294

1240 367 1337 433 M.
1385 365 1461 429 T.
1516 365 2105 432 CICERONIS

608 483 936 561 Caecilio⁵
962 485 1359 583 propinqui
1387 487 1672 554 minore
1701 481 2149 555 centesimis⁶
2178 507 2557 554 nummum
2586 510 2748 557 mo«

606 623 774 671 vere
802 622 956 669 non
989 608 1316 694 possunt.
1341 592 1523 682 Sed,
1558 608 1643 664 ut
1673 593 1761 664 ad
1791 597 2023 691 prima
2051 593 2172 667 illa
2202 592 2519 691 redeam,
2552 595 2740 666 nihil

609 733 742 805 ego
764 708 883 777 illa
900 718 925 762 '7
954 703 1477 801 impudentius,
1506 707 1811 775 astutius
1828 758 1847 791 ,
1871 703 2135 778 lentius
2161 703 2335 774 vidi.
2363 703 2739 778 Libertum

610 817 865 899 mitt03
906 812 1067 881 Tito
1110 803 1491 879 mandaviss
1526 835 1542 877 ε
1602 809 1849 900 σκήψεις
1871 863 1889 894 ,
1950 820 2166 903 atque
2225 808 2535 882 ἀναςολαί.
2597 811 2738 884 Sed

611 926 854 998 nescio
877 980 896 1013 ,
946 912 1038 996 an
1095 914 1490 1017 ταύτόμάτον
1547 932 1717 1018 ἡμῶν
1739 935 1792 992 9.
1853 925 2031 993 Nam
2092 918 2270 993 'mihi
2322 913 2739 1022 Pompeiani

612 1036 987 1135 prodromi
1011 1046 1072 1076 ¹⁰
1100 1036 1461 1120 nuntiant,
1489 1048 1734 1131 aperte
1762 1034 2185 1131 Pompeium
2207 1050 2537 1104 acturum
2556 1090 2574 1121 ,
2592 1040 2738 1104 An-

615 1148 819 1218 tonio
836 1143 1121 1215 succedi
1158 1156 1537 1239 oportere:
1574 1144 1980 1240 eodemque
2024 1160 2349 1241 tempore
2380 1160 2539 1243 aget
2564 1169 2738 1243 prae-

608 1273 726 1327 tor
763 1251 854 1325 ad
891 1251 1247 1351 populum
1275 1263 1359 1321 ¹¹.
1391 1258 1531 1323 Res
1561 1253 1916 1348 ejusmodi
1946 1267 2089 1340 est,
2127 1270 2210 1323 ut
2235 1279 2408 1351 eg0‚
2448 1280 2580 1326 nec
2607 1279 2741 1353 per

610 1366 974 1437 bonorum
995 1416 1014 1450 ‚
1035 1387 1169 1433 nec
1194 1387 1324 1460 per
1344 1362 1769 1460 popularem
1795 1364 2414 1447 existimationem,
2436 1364 2738 1435 honeste

613 1477 881 1574 possim
907 1471 1280 1543 hominem
1302 1470 1721 1559 defendere3
1755 1498 1887 1544 nec
1917 1472 2093 1543 mihi
2117 1470 2367 1557 libeat,
2396 1473 2596 1571 quod
2629 1475 2739 1544 vel

616 1584 1010 1654 maximum
1047 1594 1172 1655 est.
1213 1583 1496 1651 Etenim
1534 1582 1790 1652 accidit
1829 1581 2007 1667 hoe,
2055 1582 2257 1680 quod
2298 1598 2571 1671 totum,
2611 1609 2737 1654 cu—

607 1690 928 1795 jusmodi
965 1692 1088 1777 sit,
1127 1688 1395 1759 mando
1439 1688 1565 1759 tibi
1588 1745 1607 1775 ‚
1645 1707 1727 1760 ut
1762 1694 2169 1790 perspiciaS.
2203 1693 2574 1777 Libertum
2608 1718 2739 1791 ego

616 1801 884 1888 habe0,
922 1823 1090 1871 sane
1135 1823 1448 1895 nequam
1488 1799 1857 1873 hominem
1880 1856 1900 1890 ,
1935 1802 2257 1875 Hilarum
2286 1804 2450 1874 dico
2475 1859 2493 1887 ,
2533 1807 2743 1875 ratio·

572 2069 579 2076 .
612 2049 738 2100 quos
779 2030 1040 2095 Pompeius
1082 2030 1315 2093 praemisit
1335 2064 1350 2090 ‚
1405 2033 1634 2080 nuntiant

614 2113 901 2176 Pompeium
924 2121 1143 2157 acturum
1166 2111 1215 2156 in
1234 2122 1404 2158 senatu
1422 2148 1437 2173 ‚
1466 2123 1521 2159 nt
1538 2115 1634 2159 An-

615 2193 781 2241 tonius
806 2207 833 2238 e
855 2190 1108 2255 provincia
1131 2202 1388 2239 revocetur
1403 2191 1469 2239 ob
1488 2209 1637 2256 pecn-

616 2275 722 2321 nias
755 2288 783 2318 a
818 2271 965 2319 sociis
1000 2272 1178 2330 injuste
1216 2282 1409 2319 exactas
1435 2305 1451 2330 ,
1489 2283 1537 2318 et
1573 2271 1637 2320 ad

620 2351 891 2418 populum,
927 2360 984 2397 ut
1017 2352 1222 2399 Romam
1260 2349 1323 2397 ad
1357 2366 1549 2399 eausam
1577 2350 1639 2399 de

624 2431 907 2498 repetundis
935 2429 1191 2478 dicendam
1213 2431 1390 2479 veniat.

692 2513 743 2560 5.
765 2509 978 2557 Cot-cilio.
999 2511 1065 2571 Q.
1088 2509 1312 2558 Caeeilius
1329 2509 1465 2558 dives
1480 2522 1531 2558 et
1552 2512 1641 2558 soe-

619 2601 822 2640 nei-ator
836 2589 991 2638 Attici
1014 2590 1301 2639 avunculus.
1333 2591 1523 2638 Minore
1540 2606 1641 2637 mo-

629 2687 747 2720 vere.
798 2670 883 2716 Est
899 2703 913 2727 ,
954 2669 1142 2716 minore
1187 2671 1373 2718 foenore
1412 2685 1640 2731 movere,

625 2765 770 2814 quam
798 2748 1090 2798 centesimis.
1167 2773 1168 2778 ¹

657 2847 662 2850 ’
692 2831 748 2878 6.
776 2827 1074 2877 centesimis.
1104 2829 1221 2876 Non
1246 2830 1309 2877 ab
1334 2844 1520 2884 annua,
1551 2827 1638 2876 sed

620 2925 647 2957 a
676 2917 918 2956 menstrua
944 2907 1190 2956 solutione
1204 2909 1475 2956 centesimas
1493 2907 1637 2955 dictae

621 3004 806 3050 nsurae,
830 2988 941 3051 quia
969 2988 1172 3051 singulis
1199 2988 1442 3036 mensibus
1468 2999 1634 3036 cente-

615 3071 737 3117 sima
780 3083 891 3131 pars
938 3067 1084 3115 sortis
1115 3069 1420 3132 pendebatur
1442 3102 1456 3126 ‚
1493 3083 1635 3130 quoe,

619 3146 886 3196 secundnm
917 3160 1214 3196 nostrorum
1250 3159 1522 3210 temporum
1557 3163 1636 3194 ra-

623 3229 808 3274 tionem
844 3238 893 3274 et
923 3226 1160 3289 loquendi
1194 3225 1598 3274 consuetudinem
1621 3260 1637 3286 ,

623 3306 883 3355 duodecim
917 3306 972 3352 in
998 3315 1178 3352 annum
1205 3295 1389 3352 faciunt
1414 3320 1428 3352 ε
1457 3317 1641 3355 veteres

619 3387 751 3434 enim
784 3387 839 3432 in
873 3397 1127 3430 usurarum
1170 3383 1358 3430 ratione
1393 3396 1637 3433 menstrua

621 3476 840 3530 tempora
866 3462 1188 3511 observabant
1204 3496 1220 3521 ,
1246 3479 1375 3522 non,
1400 3474 1455 3510 ut
1476 3479 1638 3522 nune,

620 3560 795 3592 annua.
814 3544 942 3591 Vide
952 3545 1007 3591 ³1⁷.
1031 3546 1081 3590 F.
1101 3544 1403 3591 Gronovium
1425 3580 1439 3604 ,
1462 3544 1546 3591 lib.
1563 3547 1637 3591 111

622 3623 684 3671 de
709 3625 822 3671 Pee.
843 3625 956 3671 Vet.
985 3638 1092 3687 cap.
1125 3625 1205 3673 13.
1228 3626 1407 3672 va.

692 3720 739 3762 7.
762 3703 877 3750 ma.
902 3704 1153 3751 Teucride.

655 3797 660 3802 ’
689 3780 1010 3829 &Liber-eum
1037 3783 1211 3842 utitem·
1245 3783 1359 3831 ‘Tito
1388 3781 1636 3830 mandavi.

622 3859 780 3907 Verba
801 3871 917 3906 sunt
937 3876 1042 3909 non
1060 3863 1335 3918 Ciceronis,
1359 3873 1413 3911 ut
1439 3861 1635 3925 qnidam

621 3939 896 3987 existimant
918 3972 931 3991 ‚
966 3939 1050 3986 sed
1086 3941 1373 3999 Teneridis,
1411 3943 1496 4003 qni
1536 3941 1637 3988 sol·

623 4017 800 4066 vendoe
819 4017 1038 4080 pecunie
1076 4018 1205 4067 diem
1240 4021 1535 4085 prodnoeret
1561 4020 1636 4068 his

622 4098 812 4147 verbis:
839 4096 1078 4143 Libertum
1104 4099 1271 4156 mitem·
1291 4099 1531 4158 subaudi,
1549 4100 1635 4162 qni

1720 2046 1939 2082 numeret
1968 2050 1982 2083 ε
2025 2035 2130 2083 Tito
2168 2035 2402 2082 mandavi
2416 2054 2436 2093 ,-
2470 2046 2525 2083 ut
2558 2035 2743 2084 scilicet

1722 2115 1826 2178 ipse
1863 2116 1952 2164 tibi
1981 2133 2073 2179 pro
2102 2133 2180 2164 me
2206 2117 2515 2165 satisfaceret.
2536 2118 2743 2164 Antonii

1723 2194 1874 2258 igitur
1899 2191 2085 2259 σκήψεις
2113 2196 2216 2244 haee
2241 2208 2356 2244 sunt
2372 2234 2387 2257 ,
2406 2206 2553 2260 atque
2570 2192 2745 2245 evaeo-

1723 2272 1832 2333 λαὶ,
1859 2275 1912 2322 id
1938 2287 2009 2323 est
2026 2311 2041 2334 ‚
2068 2275 2512 2339 tergiversationes,
2542 2287 2591 2323 et
2617 2275 2740 2322 dila-

1725 2354 1902 2405 tiones.
1931 2356 2074 2403 Man.

1800 2448 1852 2495 9.
1889 2433 2064 2482 Nescio
2084 2469 2101 2492 ,
2142 2451 2211 2481 an
2245 2431 2545 2499 τωτόματον
2588 2433 2742 2500 ἠιὼν.

1729 2513 1994 2572 Antonius,
2015 2513 2196 2576 inquit,
2218 2528 2321 2560 non
2341 2513 2522 2568 solvit:
2541 2513 2628 2560 sed
2644 2514 2745 2563 hoe

1729 2593 1914 2656 optime
1946 2592 2106 2651 eadit,
2145 2601 2200 2639 ut
2235 2590 2412 2639 deinde
2442 2592 2546 2651 ejus
2569 2592 2743 2640 defen-

1731 2670 1878 2718 dendi
1903 2687 2042 2719 eausa
2063 2671 2182 2719 mihi
2200 2671 2331 2719 nulla
2342 2672 2420 2718 sit.
2432 2673 2494 2718 Et
2507 2675 2747 2735 spect-vit

1727 2750 1929 2802 fortasse
1960 2751 2023 2799 ad
2047 2751 2183 2799 illum
2213 2751 2507 2799 versiculum
2535 2753 2745 2800 Meuan-

1729 2828 1805 2875 dri
1819 2864 1833 2887 ‚
1864 2831 1951 2898 qui
1968 2832 2111 2878 estin
2129 2831 2298 2895 grecis
2320 2831 2600 2888 sententiis,
2624 2831 2745 2879 ran-

1724 2905 1931 2973 τόματον
1958 2908 2100 2975 ’ἡμῶν
2127 2907 2316 2957 κάλλιον
2339 2906 2633 2969 &ultus-tat,
2664 2927 2749 2958 ea-

1723 3002 1803 3034 sns
1821 2987 1992 3035 melius
2005 3021 2021 3047 ,
2042 3004 2190 3052 quam
2212 3004 2326 3046 nos,
2348 2989 2572 3036 consulit.
2590 2990 2750 3053 Magis

1727 3082 1756 3113 e
1790 3082 1844 3114 re
1879 3077 2044 3115 nostra
2087 3079 2194 3126 est,
2230 3084 2341 3115 enm
2376 3083 2479 3115 non
2514 3068 2706 3115 solvere
2727 3102 2746 3126 ,

1726 3162 1874 3210 quam
1909 3146 1982 3208 si,
2018 3147 2152 3211 quod
2174 3147 2484 3203 volebamus,
2509 3147 2740 3195 solveret.

1726 3225 1878 3290 Quod
1905 3242 2045 3285 casu,
2071 3241 2177 3275 nun
2202 3226 2408 3274 oonsilio
2433 3234 2637 3280 nostro,
2655 3223 2735 3271 fit.

1727 3308 1876 3352 Intu.

1803 3401 1880 3433 xo.
1918 3387 2092 3448 Pomp.
2119 3383 2389 3449 prodromi.
2430 3383 2567 3444 Quos
2604 3397 2746 3431 nnnc

1726 3465 2003 3529 Pompeius,
2014 3481 2077 3511 ex
2088 3464 2220 3530 bello
2236 3460 2563 3511 Mithridatico
2576 3477 2746 3509 rever-

1727 3556 1860 3602 tens,
1886 3544 2032 3591 celeri
2060 3560 2207 3592 cursu
2231 3541 2494 3608 praemittit.
2517 3544 2670 3589 Iunas.
2698 3572 2702 3576 <

1803 3640 1880 3671 ιε.
1921 3627 2048 3687 Aget
2079 3635 2266 3687 pra-tor
2289 3621 2363 3669 ad
2385 3620 2635 3685 populum.
2666 3623 2751 3669 Ut

1726 3704 1930 3750 Romam
1958 3713 2204 3750 evocetur.
2229 3701 2334 3749 Nee
2361 3712 2519 3748 tamen
2541 3700 2645 3749 hoe
2665 3716 2754 3748 an·

1726 3799 1797 3830 no
1814 3819 1829 3842 ‚
1857 3783 1908 3829 id
1945 3793 2049 3841 est,
2086 3783 2262 3830 Pisone
2290 3793 2339 3829 et
2370 3781 2595 3848 Messalla
2622 3798 2754 3830 coss.

1724 3861 1809 3910 sed
1834 3862 2035 3910 biennio
2061 3874 2205 3927 post,
2247 3862 2299 3909 id
2336 3873 2440 3914 est.
2474 3862 2667 3911 Casto
2698 3871 2767 3910 et·

1724 3941 1899 3989 Bibulo
1913 3957 2042 3990 coss.
2057 3957 2250 3989 cansam
2263 3941 2390 3989 dixit
2408 3944 2465 3990 C.
2484 3939 2750 3988 Antonius.

1724 4020 1872 4082 Quod
1901 4037 1927 4066 e
1953 4021 2216 4081 Suetonio,
2243 4031 2292 4068 et
2320 4031 2443 4067 orat.
2473 4035 2567 4083 pro
2586 4020 2753 4066 Domo

1723 4099 1922 4162 planum
1946 4099 2016 4146 fit.
2045 4102 2194 4148 Inui.
