3023 4773
599 418 736 490 318
1236 416 1333 488 M.
1385 418 1458 486 T.
1517 418 2089 488 CICERONIS

688 543 826 614 Sed
860 552 1101 613 tamen
1126 595 1145 628 ‚
1183 555 1266 612 ut
1296 556 1364 612 te
1393 542 1484 612 de
1514 539 1883 638 republica
1915 541 2269 629 consoler,
2297 565 2444 612 non
2481 545 2607 631 ita,
2644 552 2724 618 ut
2802 554 2807 559 ’

587 667 973 751 sperarunt
1017 653 1223 738 mali,
1275 665 1480 723 tanto
1538 653 1877 749 imposito
1920 651 2338 749 reipublicae
2387 655 2725 738 vulnere.

584 765 832 835 alacris
870 762 1178 833 exsultat
1212 761 1646 859 improbitas
1691 764 1765 832 in
1805 761 2123 832 victoria.
2162 765 2341 832 Nam
2375 764 2588 859 plane
2627 768 2724 837 ita

583 887 1055 971 putaverunt,
1088 897 1314 970 quum
1347 870 1637 969 religi0‚
1678 894 1911 968 quum
1949 870 2329 968 pudicitia,
2366 898 2590 969 quum
2616 877 2723 970 ju.

581 982 938 1055 diciorum
984 972 1204 1066 fides,
1243 1005 1473 1076 quum
1518 995 1812 1051 senatus
1841 985 2231 1051 auctoritas
2262 982 2721 1067 concidisset,

580 1091 774 1179 sore,
830 1105 913 1163 ut
968 1104 1214 1188 aperte
1263 1091 1518 1160 victrix
1564 1092 1888 1187 nequitia
1933 1115 2016 1162 ac
2067 1090 2290 1162 libido
2334 1117 2585 1191 poenas
2627 1095 2719 1165 ab

581 1208 865 1302 optimo
910 1224 1210 1298 quoque
1253 1211 1533 1297 peteret
1574 1202 1685 1270 sui
1726 1199 2029 1286 doloris,
2067 1226 2287 1299 quem
2337 1203 2721 1299 improbis·

584 1316 770 1385 simo
814 1312 1078 1407 cuique
1113 1312 1465 1381 inusserat
1502 1312 1841 1381 severitas
1878 1311 2292 1382 consulatus
2324 1316 2489 1382 mei.
2524 1313 2721 1384 Idem

587 1448 721 1520 ego
774 1421 893 1491 ille
938 1421 1140 1515 (non
1178 1421 1371 1491 enim
1421 1418 1605 1489 mihi
1651 1419 1905 1491 videor
1957 1420 2351 1492 insolenter
2399 1422 2723 1520 gloriari,

583 1558 816 1630 quum
848 1529 939 1601 de
971 1555 1088 1601 me
1115 1528 1313 1627 apud
1342 1544 1413 1600 te
1440 1530 1728 1627 loquor,
1759 1534 1833 1600 in
1861 1555 1944 1601 ea
1974 1535 2364 1628 praesertim
2393 1533 2723 1631 epistola,

581 1667 800 1739 quam
831 1640 1006 1711 nolo
1033 1640 1186 1712 aliis
1216 1641 1353 1736 legi
1380 1639 1446 1732 )‚
1479 1640 1708 1726 idem,
1740 1642 2039 1738 inquam
2059 1696 2079 1729 ,
2119 1666 2255 1740 ego
2283 1645 2594 1713 recreavi
2626 1641 2724 1713 af·

580 1756 808 1824 flictos
845 1751 1123 1822 animos
1155 1749 1565 1837 bonorum,
1603 1762 2210 1850 unumquemque
2241 1751 2685 1824 confirmans
2706 1807 2724 1833 ,

582 1865 923 1935 excitans„
962 1858 1407 1931 Insectandis
1450 1882 1624 1930 vero
1663 1859 2251 1958 exagitandisque
2297 1864 2722 1932 nummariis

574 1971 989 2068 judicibuS‚
1049 1994 1344 2041 omnem
1404 1968 1748 2042 omnibus
1805 1970 2142 2042 studiosis
2198 1997 2278 2043 ac
2322 1970 2724 2044 fautoribus

582 2079 772 2149 illius
815 2077 1131 2148 victoriae
1174 2079 1516 2173 παρῤησίαν
1535 2079 1597 2128 ⁴⁴
1648 2080 1926 2175 eripui;
1978 2080 2310 2149 Pisonem
2349 2079 2719 2150 consulem

587 2188 784 2258 nulla
828 2189 904 2256 in
946 2211 1025 2258 re
1066 2188 1459 2257 consistere
1506 2211 1853 2283 umquam
1893 2211 2049 2256 sum
2091 2210 2379 2283 passus;
2415 2186 2721 2285 despon-

587 2293 816 2367 sam4⁵
843 2296 1112 2366 homini
1135 2295 1281 2391 jam
1312 2298 1587 2393 Syriam
1606 2294 1672 2346 ⁴⁶
1690 2295 1967 2383 ademi3
1995 2311 2325 2366 senatum
2366 2295 2453 2366 ad
2482 2299 2717 2395 pristi-
2778 2368 2799 2374 ,

588 2504 800 2561 moesis,
828 2501 929 2549 boc
945 2510 1043 2558 eat,
1077 2499 1349 2548 folliculum
1370 2501 1611 2565 caepe‚ait

587 2587 770 2630 Festus.
799 2583 901 2629 Hac
924 2596 974 2626 re
1014 2578 1136 2643 quid
1159 2578 1314 2627 levius
1356 2578 1455 2626 dici
1494 2595 1610 2645 poa·

1698 2518 1780 2549 vm
1795 2518 1823 2549 a
1839 2501 1988 2549 verbo
2007 2501 2145 2548 calvo
2161 2513 2257 2559 eet,
2278 2502 2375 2550 hoc
2387 2512 2486 2560 eet,
2504 2503 2724 2569 decipi03

1698 2581 1910 2628 Plancus
1946 2588 2106 2628 autem
2148 2579 2328 2628 dieitur
2361 2580 2384 2629 ὀ
2432 2580 2724 2638 vela-rimone.

586 2666 692 2711 set?
717 2664 828 2711 Jam
851 2676 1028 2709 nomeu
1057 2657 1227 2705 Plauti
1248 2655 1452 2719 iocandi
1468 2673 1611 2704 occa-

587 2743 774 2790 sionem
811 2751 860 2788 et
900 2748 1238 2804 argumentum
1275 2736 1457 2783 affatim
1496 2752 1614 2801 snp-

583 2821 787 2886 peditat.
806 2820 933 2867 Nam
962 2816 1154 2876 Plauti,
1175 2816 1251 2863 vel
1275 2815 1443 2863 blandi
1464 2815 1613 2863 latino

584 2898 895 2965 appellantur
908 2912 1061 2944 canes
1076 2931 1090 2952 .
1113 2910 1323 2959 quorum
1348 2909 1488 2941 anre·
1510 2893 1613 2941 lan·

586 2980 746 3043 guida
781 2987 895 3025 sunt
935 2987 983 3023 et
1015 2974 1246 3023 flaccide.
1269 2973 1386 3021 vid.
1425 2977 1612 3020 Festus.

586 3059 735 3123 Quod
772 3057 931 3122 ipsum
966 3070 1180 3112 nomen,
1204 3064 1260 3101 ut
1297 3051 1389 3099 alia
1429 3051 1613 3107 multa,

585 3138 779 3186 videtur
805 3151 864 3185 ex
892 3133 1248 3195 onomatopoeia
1275 3141 1456 3179 ortum.
1484 3129 1607 3176 Ideo

589 3217 784 3265 Plautus
806 3215 855 3260 in
884 3213 1070 3262 Casinae
1099 3210 1306 3277 prologo
1323 3208 1502 3257 latrans
1525 3225 1612 3256 no·

587 3313 698 3343 meu
724 3292 951 3358 appellat.
984 3292 1172 3340 cauum
1211 3289 1340 3336 enim
1374 3299 1447 3336 ωε
1488 3288 1609 3335 bau·

587 3375 711 3422 bari.
745 3375 808 3420 Et
852 3371 1046 3419 illorum
1083 3369 1282 3417 latratus
1321 3368 1611 3432 exprimitur

588 3468 741 3515 graeoa
785 3468 909 3500 voce
949 3444 1009 3500 αὖ
1053 3443 1141 3507 αὖ,
1186 3463 1332 3512 quam
1375 3439 1610 3512 syllabam

589 3547 701 3595 pars
721 3531 859 3595 prior
888 3531 1023 3577 vocis
1045 3528 1201 3577 Plauti
1230 3526 1392 3575 babet.
1418 3526 1609 3574 Nomen

588 3620 749 3657 autem
764 3609 976 3674 Spongia
995 3625 1095 3657 nou
1114 3618 1186 3655 est
1205 3605 1481 3654 obscurum.
1500 3607 1613 3653 Fuit

590 3689 722 3736 enim
759 3691 963 3752 spongia
1003 3688 1119 3735 olim
1158 3686 1210 3732 in
1237 3701 1327 3732 uau
1365 3684 1428 3732 ad
1463 3699 1609 3731 mun·

587 3765 798 3814 dandam
842 3766 1192 3830 supellectilem
1217 3798 1232 3823 ,
1294 3774 1346 3813 ut
1396 3779 1611 3818 mensas,

585 3859 805 3902 scamna,
826 3854 915 3891 etc.
945 3844 1043 3891 imo
1067 3843 1254 3906 (bonos
1280 3844 1341 3890 sit
1370 3839 1604 3905 auribus)

581 3922 644 3969 ad
682 3937 885 3986 spurcos
919 3939 1064 3980 usus,
1106 3934 1162 3970 ut
1203 3922 1352 3970 bodie
1395 3924 1560 3970 charta
1586 3958 1602 3982 ‚

579 4001 919 4050 adhibebatur.
957 4002 1153 4064 Legitur
1177 4002 1258 4048 hic
1294 4001 1437 4050 etiam
1481 3998 1604 4050 Cal-

580 4099 715 4137 vum,
742 4081 998 4136 Plancum,
1017 4091 1067 4125 ec
1080 4080 1357 4144 Spongiam.
1377 4083 1500 4143 Quae
1521 4097 1604 4128 vo·

577 4179 657 4210 ces
683 4162 851 4211 itidem
869 4159 1036 4220 iocose
1062 4169 1328 4221 ponuntur.
1349 4161 1473 4208 Nam
1495 4160 1606 4208 Cal.

1700 2660 1781 2707 Sic
1816 2675 1905 2707 nos
1930 2659 2058 2709 Galli
2092 2676 2156 2706 un
2168 2658 2428 2725 piedplat.
2450 2661 2664 2710 Canna.

1773 2746 1855 2795 44.
1882 2735 2172 2806 Παρῥησίαν.
2191 2735 2409 2785 Victoria
2431 2739 2554 2787 solet
2572 2741 2725 2789 victo-

1703 2833 1803 2878 rem
1847 2817 2099 2881 loquacem
2137 2816 2356 2866 neddere.
2395 2818 2562 2866 Solent
2596 2819 2722 2866 enim

1699 2895 1881 2958 ubique
1917 2911 2106 2943 narrare
2143 2896 2398 2944 victoriam
2427 2897 2592 2956 sm,
2638 2897 2724 2962 qni

1699 2991 1804 3023 eam
1830 2985 1942 3021 sunt
1972 2974 2155 3039 adepti.
2183 2977 2479 3025 Facultatem
2501 2977 2551 3024 id
2575 2977 2726 3024 libere

1701 3053 1937 3111 faciendi,
1962 3051 2229 3122 παρῥησῖαν
2258 3066 2405 3104 vocat
2431 3056 2511 3104 hic
2531 3058 2723 3106 Cicero.

1696 3135 1865 3201 Minna
1894 3132 2024 3180 enim
2064 3132 2217 3181 libere
2257 3133 2322 3181 ob
2350 3136 2600 3183 victoriam
2635 3152 2723 3182 au·

1698 3212 1815 3260 deut
1842 3210 2085 3261 exsultare
2108 3212 2193 3275 qui
2232 3213 2406 3276 passim
2442 3213 2532 3259 sibi
2558 3213 2718 3260 incul·¹

1697 3303 1885 3340 cantem
1905 3291 2114 3339 audiunt
2130 3325 2144 3350 ‚
2159 3291 2389 3356 improbis
2410 3290 2590 3337 artibus
2610 3307 2717 3338 eam

1698 3370 1844 3419 suisa
1881 3380 2181 3435 reportatam
2223 3370 2489 3418 victoriam.
2529 3369 2720 3417 Similes

1697 3450 1846 3515 igitur
1870 3448 1998 3498 fiunt
2016 3450 2183 3507 victis,
2206 3464 2408 3512 quornm
2436 3445 2592 3514 στόμα.
2610 3483 2626 3507 ,
2643 3449 2721 3495 iu·

1698 3531 1803 3594 quit
1824 3530 2061 3578 Pindarus
2076 3563 2090 3588 ,
2112 3524 2313 3598 ἀγρυξίᾳ
2334 3519 2547 3576 δέδεται.
2570 3531 2723 3577 Ιυιι.

1770 3610 1857 3664 45.
1874 3610 2185 3673 Desponsam.
2204 3610 2273 3655 Ut
2288 3624 2394 3654 eam
2415 3623 2542 3655 anno
2560 3609 2724 3671 proxi·

1697 3703 1779 3734 mo
1803 3688 2071 3751 proconsul
2100 3686 2478 3735 administraret.
2509 3688 2721 3736 Maur.

1770 3766 1852 3822 46.
1899 3766 2106 3827 {rt-mm.
2157 3766 2448 3827 Provincia,
2493 3781 2652 3829 nuper
2696 3781 2724 3812 a

1692 3843 1929 3908 Pompeio
1958 3845 2187 3904 subacta,
2215 3846 2309 3892 suit
2351 3845 2472 3891 mire
2506 3845 2646 3892 dives
2676 3853 2727 3891 et

1694 3924 1985 3982 consularis,
2014 3940 2162 3986 quare
2200 3924 2299 3972 fere
2338 3924 2631 3972 Macedonia
2676 3935 2727 3972 et
2764 3979 2783 3985 ,

1694 4004 1858 4069 Syria,
1893 4013 1942 4052 et
1989 4002 2067 4050 vel
2109 4014 2311 4051 auctore
2348 4014 2550 4062 senatu,
2596 4003 2723 4050 bene

1694 4084 1866 4132 merito
1907 4084 1968 4131 de
2007 4082 2254 4148 republica
2295 4084 2537 4143 dabatur,
2579 4084 2659 4131 vel
2695 4099 2723 4130 a

1697 4163 1902 4212 tribunis
1929 4163 2086 4230 plebis
2112 4166 2364 4229 premium
2390 4163 2718 4228 improbitatis
