3023 4773
574 418 713 491 238
1371 417 1907 488 PRAEFATIO

569 540 829 633 gendiS,
877 560 1092 627 neque
1146 518 1284 618 bis,
1332 559 1477 625 quae
1524 538 1728 602 multa
1781 539 1852 602 in
1915 538 2096 605 hisce
2145 542 2449 630 Epistolis
2503 568 2716 635 graece

569 647 863 736 scripsit,
893 660 1067 709 recte
1096 642 1440 709 vertendis.
1479 644 1739 727 Quibus
1787 644 2051 733 quidem
2098 646 2166 710 in
2223 647 2418 713 rebus
2465 652 2715 718 nullius

569 753 900 843 scriptoris
933 773 1175 815 nomen
1194 798 1212 831 ,
1259 749 1440 839 quod
1488 751 1558 813 in
1605 752 1842 816 nostris
1873 753 2313 819 Familiarium
2346 768 2552 835 σχολίοις
2584 760 2715 823 sci-

570 883 716 924 mus
749 857 1218 939 desideratum,
1249 856 1593 920 tacuimus,
1623 858 1676 920 A
1708 858 1923 945 primo
1957 857 2223 947 quidem
2253 862 2497 925 nonita
2527 865 2712 953 cogi-

568 982 803 1049 taram,
827 981 903 1030 ut
936 965 1204 1029 minima
1236 986 1513 1051 quaeque
1546 964 1731 1051 quasi
1765 963 2080 1052 interpres
2107 988 2564 1055 persequerer:
2591 969 2711 1034 sed

571 1095 677 1137 me
708 1086 931 1159 postea
963 1083 1027 1133 et
1057 1069 1150 1132 rei
1183 1083 1496 1156 susceptae
1525 1090 1711 1131 amor
1737 1084 1802 1133 et
1822 1071 2188 1135 communis
2217 1072 2455 1136 utilitas
2485 1074 2709 1158 movit,

569 1193 635 1243 et
668 1199 853 1267 paene
883 1175 1173 1258 monuit,
1201 1190 1279 1239 ut
1311 1173 1476 1238 nihil
1507 1176 1676 1265 fere,
1721 1173 1802 1239 de
1836 1198 1970 1263 quo
2000 1177 2104 1241 vel
2136 1176 2418 1243 dubitari
2454 1196 2709 1268 posset,

569 1284 1151 1373 praetermitterem,
1185 1282 1539 1371 praesertim
1573 1282 1626 1345 si
1659 1281 1740 1345 ab
1767 1282 1905 1347 aliis
1937 1282 2121 1348 aliter
2155 1285 2257 1348 vel
2288 1284 2711 1374 descriptum,

568 1393 670 1456 vel
694 1391 1186 1479 interpretatum
1212 1389 1456 1453 fuisset.
1473 1387 1790 1453 Videmus
1812 1389 1987 1453 enim
2010 1391 2263 1456 nullum
2284 1414 2421 1456 esse
2445 1392 2712 1475 librum,

568 1498 635 1561 in
670 1518 805 1585 quo
833 1513 965 1560 tam
1002 1494 1244 1558 librarii
1265 1542 1283 1575 ,
1320 1516 1517 1581 quam
1547 1493 1930 1583 interpretes
1965 1495 2183 1560 minus
2211 1518 2459 1585 operae,
2484 1513 2551 1561 et
2581 1513 2713 1562 stu-

568 1601 661 1666 dii
697 1601 1075 1691 posuerint:
1109 1621 1365 1688 semper
1381 1614 1599 1663 tamen
1622 1599 1873 1689 excipio
1890 1600 2218 1665 Andream
2247 1601 2708 1679 Cratandrum‚

565 1709 836 1773 Petrum
871 1707 1272 1786 victorium,
1331 1718 1398 1767 et
1436 1704 1712 1768 Paulum
1748 1705 2155 1790 Manutium,
2209 1708 2323 1796 qui
2373 1731 2496 1797 pro
2542 1709 2713 1773 virili

567 1830 750 1903 parte
784 1813 1195 1891 laborarunt,
1233 1826 1311 1873 ut
1342 1808 1588 1873 librum
1622 1811 1813 1875 nobis
1855 1811 2036 1876 hunc
2086 1836 2281 1901 quam
2319 1815 2713 1880 emendatis-

570 1920 810 1983 simum
849 1916 1215 1982 traderent:
1266 1913 1445 2003 quod
1491 1914 1625 1997 illi,
1676 1936 1819 2002 quae
1871 1916 1997 1981 fuit
2039 1917 2298 1983 illorum
2336 1919 2709 2008 diligentia,

569 2041 784 2090 essent
815 2023 1176 2112 assequuti,
1211 2022 1266 2086 si
1298 2021 1518 2110 plures
1555 2021 1753 2085 libros
1772 2044 1972 2086 manu
1991 2024 2265 2112 scriptos
2287 2026 2708 2091 habuissent:

569 2131 682 2197 sed
719 2153 927 2220 quum
957 2128 1093 2193 duo
1128 2124 1592 2192 tantummodo
1619 2126 2072 2208 hujuscemodi
2105 2129 2251 2193 libri
2286 2131 2398 2217 qui
2428 2132 2714 2195 auctori-

567 2239 712 2304 tatis
741 2235 987 2325 aliquid
1017 2235 1333 2308 habeant,
1368 2232 1569 2297 hodie
1593 2235 2019 2321 reperiantur,
2051 2236 2212 2299 alter
2242 2236 2309 2299 in
2332 2236 2508 2301 ltalia
2537 2237 2717 2326 apud

565 2346 834 2410 Petrum
880 2344 1098 2432 ipsum
1130 2338 1494 2432 victorium
1517 2388 1535 2421 ,
1585 2339 1698 2427 qui
1731 2340 2056 2405 Francisci
2096 2340 2456 2408 Petrarchae
2511 2343 2715 2408 fuisse

566 2452 845 2516 dicitur:
896 2450 1058 2513 alter
1100 2449 1169 2511 in
1219 2446 1594 2528 Germania,
1630 2469 1825 2536 quem
1858 2448 2091 2511 Beatus
2122 2449 2476 2513 Rhenanus
2520 2450 2714 2540 legit,

567 2574 633 2623 et
663 2554 1020 2622 Cratander
1049 2552 1309 2616 videtur
1351 2568 1703 2639 sequutus,
1751 2568 1817 2617 et
1858 2553 1928 2616 hi
1967 2575 2269 2642 quoque,
2304 2571 2381 2619 ut
2409 2572 2714 2644 apparet,

569 2661 920 2745 dimidiati,
953 2677 1020 2725 et
1051 2659 1377 2748 corrupti,
1408 2682 1486 2722 ex
1509 2659 1612 2722 his
1641 2658 1902 2724 difficile
1932 2677 2119 2736 esset,
2136 2660 2238 2725 vel
2269 2663 2486 2750 potius
2522 2663 2716 2749 plane

567 2777 814 2834 ἀδύνατον
848 2769 938 2831 ita
982 2767 1202 2831 omnia
1252 2767 1623 2848 restituere,
1679 2782 1757 2830 ut
1806 2765 1967 2829 nibil
2015 2765 2428 2832 desiderares.
2486 2768 2714 2850 Quare

564 2877 754 2942 nobis
790 2890 856 2939 et
891 2896 993 2956 ea,
1023 2897 1166 2962 quae
1196 2873 1286 2936 illi
1320 2873 1387 2936 in
1420 2870 1709 2936 medium
1748 2874 2077 2960 protulere
2097 2922 2115 2955 ,
2158 2875 2520 2939 accuratius
2553 2897 2717 2938 con·

568 2979 908 3048 sideranda
940 2981 1153 3062 fuere,
1190 2995 1255 3042 et
1290 2978 1444 3042 libri
1478 2993 1620 3042 tum
1664 2977 1852 3059 novi,
1908 2993 2051 3041 tum
2080 2995 2330 3042 veteres
2375 2979 2457 3044 ad
2497 3003 2713 3045 unum

567 3113 796 3157 omnes
836 3087 1113 3177 legendi.
1151 3087 1300 3170 Qua
1332 3085 1400 3148 in
1445 3105 1518 3147 re
1560 3083 1722 3172 quid
1764 3083 2002 3150 laboris
2046 3085 2335 3169 tulerim,
2374 3102 2438 3150 et
2475 3087 2715 3151 intelli-

568 3219 719 3287 gere
749 3210 1029 3285 possunt
1055 3213 1318 3270 omnes‚
1351 3190 1464 3278 qui
1495 3190 1696 3254 semel
1731 3206 1890 3255 sunt
1920 3193 2203 3279 experti,
2230 3209 2295 3257 et
2325 3207 2401 3256 tu
2419 3240 2438 3274 ,
2482 3194 2710 3275 lector,

567 3303 787 3393 legens
808 3299 1152 3383 judicabis.
1179 3296 1620 3378 Mitto'nunc,
1670 3313 1833 3384 quot
1871 3296 2023 3362 libri
2056 3320 2258 3362 manu
2284 3299 2371 3363 illi
2408 3299 2711 3388 quidem,

568 3410 683 3476 sed
723 3409 889 3475 male
926 3406 1182 3496 scripti,
1234 3422 1298 3469 et
1346 3427 1530 3494 paene
1575 3404 1833 3469 lacerati
1878 3405 2071 3471 nobis
2107 3406 2207 3470 vel
2243 3407 2566 3489 Venetiis,
2607 3406 2715 3472 vel

566 3516 909 3597 Bononiae,
955 3514 1058 3579 vel
1105 3512 1255 3577 alibi
1301 3511 1548 3576 fuerint
1581 3512 1925 3595 volvendi3
1971 3529 2136 3601 quot
2187 3512 2269 3577 de
2317 3512 2714 3592 conjecturis

567 3623 1093 3688 doctissimorum
1120 3620 1469 3685 hominum
1508 3618 1692 3708 quasi
1730 3620 2124 3699 conjecturae
2157 3619 2467 3685 faciendae
2496 3643 2510 3685 :
2544 3636 2715 3708 quot

570 3728 857 3816 denique
893 3729 1235 3818 opiniones
1257 3775 1276 3809 ,
1315 3742 1379 3790 et
1399 3723 1979 3813 interpretationes
2025 3748 2103 3789 ex
2137 3728 2497 3791 amicorum
2528 3726 2715 3791 libris

570 3831 1028 3900 describendae.
1052 3833 1232 3898 Nihil
1267 3831 1415 3896 dico
1449 3830 1533 3896 de
1562 3846 1877 3918 tempore,
1893 3831 2075 3918 quod
2107 3832 2263 3897 locis
2297 3831 2714 3922 explicandis,

571 3938 754 4029 quod
787 3948 1045 4018 αἰνίγμασι
1080 3936 1438 4020 solvendis,
1470 3935 1652 4026 quod
1680 3936 1853 3999 notis
1881 3936 2384 4025 interpretandis
2412 3961 2717 4003 consum-

569 4046 837 4135 psimus.
858 4045 1070 4109 Taceo
1102 4067 1364 4133 quoque
1398 4044 1606 4134 legeS,
1640 4041 2004 4132 plebiscita,
2040 4045 2621 4126 senatusconsulta,
2649 4061 2712 4114 et

573 4169 926 4242 praetorum
975 4148 1183 4216 edicta
1222 4174 1237 4215 :
1286 4173 1431 4237 quae
1480 4150 1672 4215 nobis
1718 4150 1937 4214 omnia
1988 4151 2091 4214 vel
2145 4149 2562 4234 invenienda,
2609 4149 2712 4214 vel
