3023 4773
636 365 1150 437 EPISTOLAE
1202 366 1333 434 AD
1386 366 1889 450 ATTICUM‚
1940 368 2009 451 1,
2063 364 2123 434 5.
2300 369 2430 437 281

330 513 620 588 quoque
676 487 750 558 id
801 485 1180 558 molestum
1221 489 1349 572 sit,
1388 508 1615 582 quum
1666 500 1738 556 et
1782 511 1946 559 meo
1996 486 2247 559 dolore
2281 513 2437 559 mo-

327 623 530 670 veare
553 653 572 685 ‚
612 613 686 669 et
720 601 872 695 ipse
910 602 1107 667 omni
1145 600 1408 667 virtute
1445 594 1836 692 officioque
1874 601 2439 685 ornatissimum,

325 709 573 803 tuique
609 720 683 777 et
721 730 846 777 sua
885 720 1144 803 sponte
1166 759 1185 792 ‚
1222 720 1291 777 et
1328 729 1490 775 meo
1533 730 1865 776 sermone
1906 723 2301 798 amantem,
2335 709 2437 780 af·

319 814 542 885 finem
564 812 593 858 ³
636 819 1091 912 amicumque
1128 816 1467 885 amiseris.

416 925 633 1014 Quod
674 925 762 995 ad
798 949 913 995 me
958 923 1208 995 scribis
1240 925 1331 994 de
1368 948 1615 994 sorore
1652 927 1865 1011 tua4;.
1897 926 2095 996 testis
2131 931 2267 996 erit
2308 927 2437 999 tibi

318 1036 504 1131 ipsa,
542 1050 823 1132 quantoe
856 1034 1033 1106 mihi
1086 1059 1273 1106 curae
1316 1032 1568 1120 fuerit,
1605 1049 1684 1103 ut
1721 1035 1975 1124 Quinti
2016 1035 2251 1104 fratris
2285 1040 2440 1105 ani-—

320 1170 483 1216 mus
534 1148 606 1214 in
649 1169 801 1215 eam
846 1160 1029 1216 esset
1070 1148 1163 1233 is,
1212 1148 1336 1241 qui
1385 1169 1541 1215 esse
1582 1144 1898 1215 deberet.
1937 1145 2175 1232 Quem
2213 1169 2441 1240 quum

318 1278 474 1325 esse
518 1253 978 1326 offensiorem
1018 1253 1425 1341 arbitrarer,
1460 1278 1578 1324 eas
1615 1254 1849 1324 literas
1872 1253 1971 1323 ‘ad
2002 1277 2169 1324 eum
2204 1255 2362 1323 misi
2387 1251 2439 1341 ⁵,

317 1362 586 1461 quibus
631 1377 703 1435 et
756 1366 1113 1461 placarem
1155 1379 1235 1434 ut
1281 1363 1617 1447 fratrem,
1652 1376 1722 1432 et
1764 1387 2131 1432 monerem
2175 1376 2259 1432 ut
2308 1365 2441 1431 mi-

316 1497 571 1545 norem
590 1470 648 1560 ⁶‚
699 1489 772 1544 et
820 1473 1277 1570 objurgarem
1322 1488 1403 1544 ut
1453 1487 1832 1544 errantem.
1877 1478 2127 1569 Itaque
2179 1497 2268 1543 ex
2317 1476 2436 1556 iis,

315 1608 476 1679 quae
518 1599 766 1680 postea
816 1608 1002 1681 saepe
1043 1584 1134 1655 ab
1179 1610 1267 1655 eo
1320 1584 1408 1653 ad
1444 1609 1562 1654 me
1600 1584 1863 1679 scripta
1903 1598 2113 1669 sunt,
2146 1581 2439 1653 confido

319 1696 415 1761 ita
449 1716 602 1763 esse
639 1695 916 1774 omnia,
956 1708 1038 1764 ut
1068 1709 1139 1765 et
1172 1708 1538 1790 oporteat,
1580 1709 1651 1763 et
1688 1692 2009 1763 velimus.
2055 1696 2164 1763 De
2202 1692 2436 1763 litera-

314 1826 478 1874 rum
521 1805 868 1875 missione
904 1808 1058 1875 sine
1106 1829 1314 1875 causa
1358 1804 1485 1874 abs
1522 1818 1594 1874 te
1627 1825 1923 1873 accusor
1940 1815 1965 1859 7
1978 1857 1991 1871 .
2025 1807 2435 1897 Numquam

316 1912 510 1981 enim
541 1937 582 1982 a
620 1916 1016 2011 Pomponia
1049 1929 1293 1983 nostra
1325 1919 1589 1984 certior
1630 1938 1791 1982 sum
1830 1912 2082 1997 factm,
2115 1936 2290 2000 esse,
2322 1916 2438 1981 cui

312 2020 550 2092 literas
582 2022 751 2093 dare
784 2047 1093 2120 possem.
1131 2027 1356 2119 Porro
1390 2038 1629 2093 autem
1662 2044 1899 2118 neque
1933 2022 2111 2091 mihi
2151 2021 2441 2105 accidit,

314 2146 395 2200 ut
430 2131 815 2219 haberem,
856 2135 985 2229 qui
1031 2136 1106 2204 in
1154 2134 1453 2229 Epirum
1501 2130 2156 2229 proficisceretur⁸;
2198 2156 2436 2227 neque

312 2241 489 2310 dum
527 2256 594 2311 te
637 2242 935 2313 Athenis
974 2266 1125 2313 esse
1161 2240 1651 2325 audiebamus.

408 2353 517 2419 De
546 2350 947 2423 Acutiliano
968 2362 999 2407 9
1024 2367 1265 2422 autem
1293 2351 1584 2446 negotio
1614 2347 1813 2447 quod
1838 2349 2013 2419 mihi
2036 2350 2433 2437 mandaras,

310 2474 392 2528 ut
429 2463 746 2555 primum
778 2487 815 2531 a
851 2478 980 2533 tuo
1019 2461 1339 2558 digressu
1379 2466 1674 2530 Romam
1710 2460 1910 2545 veni,
1940 2458 2432 2547 confeceram;

308 2567 436 2636 sed
473 2568 767 2656 accidit,
807 2586 886 2640 ut
924 2586 995 2641 et
1026 2574 1495 2641 contentione
1544 2567 1723 2637 nihil
1754 2593 1940 2666 opus
1984 2584 2202 2656 esset,
2248 2585 2319 2641 et
2351 2587 2433 2640 ut

307 2701 444 2773 ego
466 2732 485 2764 ,
518 2680 641 2774 qui
673 2680 747 2748 in
778 2694 845 2750 te
875 2684 1040 2750 satis
1068 2682 1343 2752 consilii
1374 2681 1741 2749 statuerim
1774 2704 1922 2750 esse
1944 2735 1963 2766 ,
2003 2681 2280 2751 mallem
2314 2685 2435 2750 Pe-

303 2787 637 2859 ducaeum
666 2802 727 2833 ¹⁰
775 2789 902 2860 tibi
935 2793 1312 2863 consilium
1354 2815 1482 2888 per
1518 2789 1794 2875 literaS‚
1833 2815 2048 2887 quam
2092 2817 2203 2861 me
2243 2790 2429 2860 dare.

377 2975 427 3020 3.
483 2971 714 3040 Affinem.
753 2979 958 3040 Propter
1006 2978 1323 3041 Pomponiam

307 3051 371 3114 Q.
399 3052 561 3100 fratri·
577 3066 799 3101 uxorem.
828 3057 1059 3104 Coun.

379 3139 431 3186 6.
455 3132 530 3176 De
553 3145 720 3179 sorore
738 3143 843 3181 ena.
871 3135 1141 3197 Pomponia
1159 3137 1221 3195 Q.
1241 3135 1327 3180 fn·

306 3211 395 3256 (ἀι
413 3223 584 3257 nore.
609 3212 762 3274 Epist.
784 3223 947 3275 σοφοὶ
965 3215 1106 3276 epist.
1127 3229 1145 3258 ι
1169 3211 1322 3260 mur.

306 3291 458 3336 lou.

379 3368 429 3414 5.
462 3367 596 3416 Miri.
621 3370 732 3414 Eut
759 3369 888 3416 enim
905 3369 1123 3431 Quintus
1141 3369 1190 3416 in
1209 3384 1324 3432 agro

306 3446 550 3509 Arpinati.
574 3447 726 3510 Epist.
758 3448 806 3496 5.
830 3449 1039 3495 Mum.

379 3525 426 3574 ὃ.
451 3527 517 3570 Ue
535 3527 781 3575 minorem.
811 3527 959 3575 Natu.
987 3528 1219 3575 Coun».

377 3618 424 3662 7.
454 3606 528 3650 De
546 3605 794 3652 iicet-arem
812 3606 1033 3653 minione
1050 3606 1153 3653 eine
1175 3620 1324 3651 eausa

305 3682 396 3728 ebe
418 3691 464 3728 te
487 3698 712 3731 amator.
750 3685 1107 3733 lateran-'ssione
1137 3684 1325 3747 legebat

309 3762 476 3808 Petrus
522 3764 731 3810 Bembus
765 3764 1026 3813 cardinalis
1075 3779 1167 3828 pro
1208 3764 1324 3812 mie-

302 3840 462 3912 bu'one.
483 3839 605 3888 Um.
634 3869 699 3878 --
723 3843 802 3890 Sic
818 3854 866 3890 et
885 3844 1139 3908 legendum
1160 3846 1326 3893 existi-

307 3928 404 3965 me
424 3921 662 3967 Muretus.

379 3999 425 4043 8.
462 3999 866 4066 Pmfioisoerettr.
905 4003 999 4051 Ani
1018 4039 1030 4061 ,
1079 4027 1103 4044 κ
1123 4003 1325 4071 profici-

307 4089 554 4124 ΜΕΝ·
569 4102 608 4124 ι.
647 4080 695 4125 J.
713 4081 773 4127 v.
797 4082 850 4128 L.

1481 2993 1535 3038 9.
1568 2975 1871 3023 Acutiliano.
1911 2978 2022 3023 Hoc
2061 2976 2309 3038 negotium
2335 2988 2438 3023 etot

1412 3055 1476 3102 de
1500 3054 1748 3101 solutione
1769 3053 1981 3101 nominis
1997 3055 2201 3115 alicujus
2228 3054 2433 3118 delegati

1412 3132 1662 3193 Acutili03
1688 3132 1823 3196 quod
1872 3132 2063 3180 Atticus
2088 3134 2275 3181 solvere
2300 3132 2435 3182 vole·

1413 3211 1523 3270 bnt,
1552 3211 1702 3259 modo
1731 3210 1969 3258 Acutilio·
1997 3212 2246 3260 uti-daret
2285 3214 2433 3261 nemi-

1413 3306 1524 3337 nem
1549 3290 1756 3353 amplius
1783 3289 1845 3336 ab
1877 3290 1984 3353 ipso
2012 3292 2289 3353 petiturum.
2316 3292 2430 3339 Eam

1410 3381 1575 3416 antem
1600 3370 1962 3417 satisdationem
1983 3368 2186 3417 Aemilii
2210 3386 2436 3433 procura·

1415 3457 1491 3492 tor
1516 3458 1746 3512 prauam
1783 3460 2100 3496 recusaverat.
2126 3450 2217 3497 En.

1497 3541 1573 3574 to.
1611 3527 1913 3574 Pedncoemn.
1955 3530 2088 3574 Sexti
2138 3525 2323 3584 filium,
2350 3529 2433 3591 qui

1412 3604 1590 3652 sieilia
1605 3607 1861 3668 praefuerat
1883 3617 1931 3652 et
1951 3606 2233 3653 Ciceronem
2250 3607 2429 3655 hahue-

1411 3701 1484 3737 rut
1503 3705 1816 3754 quaeotorem.
1840 3693 2009 3740 Attico
2036 3704 2138 3738 emt
2165 3693 2428 3741 familiario.

1413 3770 1658 3820 cneum.
1684 3773 1852 3835 Nepos
1874 3771 2046 3818 invita
2066 3773 2250 3828 Attici,
2285 3788 2431 3818 cat.

1414 3849 1506 3896 En.
1533 3875 1601 3884 —
1629 3850 1784 3911 Quum
1822 3866 1885 3896 m.
1914 3850 2015 3897 Δία
2050 3867 2190 3897 aures
2220 3849 2433 3898 Acutilio

1414 3927 1661 3973 dedissem.
1681 3928 1851 3975 Cicero
1892 3929 2012 3975 dicit
2056 3929 2304 3977 molestam
2339 3928 2431 3974 sibi

1416 4007 1561 4052 fuisse
1625 4005 1963 4069 loquacitatem
2022 4019 2070 4054 et
2130 4009 2430 4056 die-citatem

1416 4085 1657 4144 Aemilii,
1692 4101 1837 4148 quam
1878 4099 2036 4136 tanen
2081 4088 2344 4135 molestiu-
2383 4084 2432 4129 in
