3023 4773
570 429 665 501 90
1004 500 1018 513 .
1226 410 1324 504 M.
1374 412 1453 478 T.
1498 411 2053 480 CICERONIS

569 531 772 619 raris,
796 556 950 606 non
974 556 1273 631 possum
1296 532 1537 608 dicere
1555 589 1576 624 ‚
1605 559 1826 633 quam
1854 533 2035 606 mihi
2070 548 2357 632 gratum
2382 532 2710 605 futurum

566 647 680 714 sit.
720 649 861 716 Res
895 646 1053 743 ipsa
1085 666 1339 743 parva,
1379 645 1507 719 sed
1539 648 1764 718 animi
1802 648 1946 718 mei
1982 645 2196 717 dolor
2230 668 2537 742 magnus
2576 661 2711 716 est.

568 753 709 826 Ubi
746 757 874 844 sit,
909 769 981 827 et
1023 755 1203 853 quid
1235 754 1425 828 fierit
1466 758 1728 856 possit,
1761 756 2077 828 Bolanus
2106 771 2178 827 te
2213 753 2527 826 docebit.
2560 762 2715 852 Ego

570 868 631 934 si
676 864 1051 936 hominem
1091 890 1222 964 per
1265 881 1335 938 te
1383 871 1832 965 reciperaro,
1883 889 2172 938 summo
2211 890 2328 937 me
2369 890 2413 937 a
2465 881 2534 938 te
2578 865 2716 936 be-

569 972 833 1047 neficio
870 973 1220 1048 affectum
1259 976 1690 1049 arbitrabor.

563 1180 931 1201 mmmm
935 1182 1118 1202 mm
1121 1183 1394 1204 mm

1580 1184 1857 1205 mmm

2224 1183 2409 1203 m
2423 1181 2704 1201 mmm

1052 1343 1661 1423 EPISTOLA
1723 1335 2237 1423 LXXVIII.

565 1496 717 1555 Petit
767 1510 832 1557 ut
884 1500 1281 1559 Democritum
1337 1501 1396 1559 in
1449 1520 1612 1559 suam
1661 1500 1836 1560 fidem
1880 1499 2142 1579 recipiat.
2211 1499 2487 1581 (Romae,
2556 1515 2720 1555 anno

1078 1601 1079 1604 ’
1466 1598 1544 1654 U.
1580 1597 1646 1656 C.
1681 1596 1839 1671 707.)

960 1763 1053 1831 M.
1081 1768 1158 1830 T.
1191 1770 1260 1831 C.
1298 1766 1670 1830 ALLIENO
1716 1764 2105 1830 ΡΒΟΕΟὸ.ι
2152 1765 2215 1829 S.
2252 1764 2331 1828 D.

674 1899 1145 1970 Damocmws
1181 1900 1587 1996 Sicyonius,
1609 1923 1758 1970 non
1780 1898 2017 1969 solum
2040 1896 2307 1995 hospes
2338 1917 2541 1967 meus
2572 1908 2679 1965 est
2699 1949 2742 1982 a.

581 2003 709 2077 sed
738 2005 952 2078 etiam
971 2063 989 2096 ,
1028 2008 1230 2107 quod
1269 2034 1418 2081 non
1450 2009 1696 2080 multis
1722 2010 2109 2105 contingit,
2141 2008 2408 2079 Groecis
2432 2029 2729 2105 praeser-

584 2119 714 2187 tim
733 2172 751 2204 ‚
778 2118 984 2190 valde
1016 2117 1402 2191 familiaris.
1433 2125 1560 2191 Est
1588 2121 1780 2192 enim
1814 2121 1888 2189 in
1917 2145 2004 2191 eo
2048 2139 2329 2191 summa
2366 2116 2731 2215 probitaS,

583 2251 866 2302 summa
895 2231 1123 2303 virtus
1144 2286 1164 2319 ‚
1193 2257 1473 2303 summa
1503 2235 1580 2302 in
1611 2230 1933 2329 hospites
1955 2229 2343 2302 liberalitas
2374 2243 2445 2301 et
2477 2227 2731 2299 obser-

579 2340 858 2430 vantia3
896 2367 1160 2440 meque
1195 2357 1454 2441 praeter
1485 2356 1763 2414 ceteros
1795 2353 1865 2413 et
1899 2341 2094 2429 colit,
2120 2355 2192 2413 et
2217 2339 2613 2425 observav,
2650 2352 2734 2409 et

584 2447 838 2547 diligit.
896 2455 1082 2523 Eum
1135 2469 1216 2524 tu
1267 2470 1420 2524 non
1470 2452 1694 2525 modo
1750 2468 2052 2523 suorum
2099 2451 2407 2540 civium,
2461 2466 2732 2521 verum

583 2584 789 2660 paene
815 2563 1092 2634 Achaiae
1120 2563 1521 2662 principem
1551 2586 1962 2660 cognosces.
2007 2563 2189 2632 Huic
2222 2580 2358 2660 ego
2402 2574 2729 2631 tantum-

588 2666 812 2743 modo
846 2672 1121 2744 aditum
1156 2671 1251 2745 ad
1286 2690 1484 2746 tuam
1520 2676 2009 2772 cognitionem
2046 2671 2399 2771 patefacio
2444 2686 2516 2743 et
2556 2696 2731 2741 mu-

464 2806 473 2813 *
587 2780 715 2850 nio
763 2806 778 2850 t
831 2784 1204 2881 cognitum
1231 2840 1249 2872 ‚
1295 2809 1427 2881 per
1468 2799 1540 2856 te
1583 2787 1859 2883 ipsum,
1904 2800 2067 2881 quae
2111 2798 2236 2853 tua
2279 2797 2537 2853 natura
2576 2793 2730 2869 est,

588 2888 890 2987 dignum
940 2907 1066 2963 tua
1127 2895 1433 2967 amicitia
1483 2909 1701 2992 atque
1745 2892 2062 2992 hospitio
2108 2891 2487 2988 Judicabis.
2553 2894 2738 2962 Peto

586 3002 810 3099 igitur
834 3027 877 3073 a
905 3017 976 3074 te
998 3058 1017 3088 ‚
1054 3016 1174 3094 ut,
1211 3005 1323 3076 his
1355 3002 1579 3076 literis
1608 3006 1808 3075 lectis
1829 3059 1847 3092 ,
1882 3002 2182 3102 recipias
2222 3004 2391 3075 eu'm
2419 3006 2494 3074 in
2527 3017 2734 3074 tuam

588 3110 841 3204 fidem3
892 3115 1317 3213 polliceare,
1348 3116 1593 3187 omnia
1636 3128 1707 3185 te
1742 3113 2104 3184 facturum
2150 3136 2301 3184 mea
2337 3136 2570 3186 causa.
2615 3117 2738 3185 De

585 3224 910 3323 reliquo,
963 3226 1058 3315 si,
1118 3227 1194 3297 id
1237 3226 1439 3322 quod
1475 3223 1767 3297 confido
1805 3224 1998 3312 fore,
2043 3223 2344 3322 dignum
2389 3248 2557 3294 eum
2603 3237 2738 3294 tua

589 3336 896 3407 amicitia
927 3335 1394 3432 hospitioque
1425 3336 1895 3433 cognoveris:
1938 3349 2152 3432 peto,
2193 3349 2274 3405 ut
2317 3360 2488 3405 eum
2525 3360 2733 3407 com-

591 3443 907 3540 plectare
927 3501 945 3533 ‚
975 3444 1264 3545 diligas,
1287 3449 1364 3516 in
1396 3450 1541 3517 tuis
1573 3445 1860 3518 habeas.
1891 3447 2045 3516 Erit
2073 3443 2149 3514 id
2171 3444 2352 3515 mihi
2378 3445 2731 3541 majorem

594 3553 672 3625 in
702 3554 1003 3626 modum
1034 3573 1343 3657 gratum.
1361 3555 1559 3629 Vale.

672 3760 717 3793 1.
742 3746 940 3794 Pmcos.
957 3745 1224 3794 Proconsul
1243 3755 1463 3803 vocatur,
1486 3760 1612 3792 non·
1699 3754 1862 3792 autem
1878 3742 2073 3803 Siciliae,
2091 3753 2145 3790 nt
2167 3758 2230 3789 cx
2247 3742 2388 3806 epist.
2409 3757 2514 3805 seq.
2538 3754 2732 3804 cogno·

594 3827 712 3876 dum
742 3836 903 3873 tamen
937 3835 1073 3888 gesto
1106 3826 1385 3875 consulatu.
1422 3826 1614 3873 Auctor
1701 3825 1868 3872 scitur.
1891 3824 1984 3871 En.

595 3906 710 3954 libri
747 3905 808 3954 de
838 3904 976 3953 Bello
1006 3904 1239 3954 Africano
1264 3905 1412 3954 modo
1430 3916 1612 3969 prato·
1772 3920 1824 3952 2.
1843 3905 1909 3950 Ee
1925 3902 2046 3950 colit
2063 3915 2112 3951 ee
2127 3903 2362 3951 observat.
2381 3899 2507 3948 colit
2521 3901 2738 3957 honore,

596 3983 863 4045 ammodo
873 3985 1392 4049 proconsulem,vocat.
1406 3987 1613 4034 Pmerat
1701 3983 1921 4032 observat
1945 3983 2229 4033 assiduitate
2250 3995 2296 4031 et
2319 3981 2504 4030 officio.
2534 3983 2626 4030 Eo.
