3023 4773
600 377 736 448 252
813 392 818 395 “
1394 378 1929 447 PRAEFATIO

592 500 822 579 animi,
857 516 920 565 et
948 499 1174 581 judicii
1217 500 1478 587 reperiri
1513 523 1527 563 :
1586 516 1662 565 ut
1696 522 1815 563 nec
1847 498 2028 563 aliter
2074 520 2148 561 ac
2194 497 2474 561 sentiant
2509 499 2728 586 loqui,

595 629 715 669 nec
747 606 985 669 sentire
1033 606 1152 669 nisi
1196 606 1451 695 egregie
1487 628 1562 670 ac
1593 606 1916 694 sapienter
1946 604 2301 692 potuerint.
2349 606 2461 685 At,
2522 628 2731 692 prope

592 728 717 794 est,
755 711 925 776 dicat
954 712 1218 798 aliquiS,
1255 728 1329 775 ut
1362 734 1501 775 eam
1540 711 1654 774 tibi
1689 710 1946 775 laudem
1974 710 2253 792 tribuas,
2278 732 2470 796 quam
2505 712 2729 773 nescio

590 841 672 881 an
699 818 1044 905 quisquam
1072 818 1354 882 nemini:
1398 833 1473 881 ut
1505 818 1671 881 nihil
1702 815 2091 899 offenderiS,
2134 816 2295 880 nihil
2332 817 2725 880 titubaveris.

593 925 1020 1010 Nequaquam
1043 946 1236 1006 vero,
1274 946 1488 1011 neque
1523 924 1699 987 enim
1734 946 1944 1010 usque
1979 922 2142 987 adeo
2170 922 2456 1003 insani03
2494 920 2603 985 sed
2640 924 2729 984 fa-

589 1045 733 1093 teor
764 1052 902 1111 me,
940 1046 1013 1093 ut
1050 1052 1183 1093 non
1212 1052 1418 1117 pauca
1446 1047 1621 1094 recte
1655 1030 2038 1118 excogitare,
2071 1029 2154 1092 ita
2182 1052 2313 1092 non
2343 1052 2486 1092 raro
2510 1029 2726 1103 etiam,

501 1164 504 1173 ·
590 1150 667 1198 ut
700 1126 1203 1199 sert'hominum
1238 1151 1505 1217 natura,
1552 1136 1618 1199 in
1671 1158 1895 1199 saxum
1941 1151 2015 1198 ut
2059 1134 2297 1197 dicitur
2339 1134 2728 1223 impingere,

593 1257 660 1303 et
709 1240 1182 1303 existimatione
1226 1241 1356 1304 falli
1417 1242 1748 1328 potuisse:
1812 1238 1924 1303 sed
1958 1256 2172 1303 tamen
2209 1238 2311 1302 illa
2350 1240 2528 1327 ipsa,
2580 1263 2729 1325 quae

594 1362 766 1409 recte
794 1344 921 1409 dici
944 1343 1341 1427 viderentur,
1378 1346 1549 1409 viros
1586 1326 1728 1411 illos
1764 1345 1831 1408 in
1866 1368 2007 1409 eam
2045 1361 2330 1408 mentem
2361 1345 2729 1425 induxisse,

590 1467 664 1514 ut
695 1472 801 1514 me
830 1450 912 1515 ad
947 1449 1300 1515 editionem
1329 1451 1772 1515 hortarentur.

677 1557 839 1621 Satis
876 1558 1009 1639 jam
1060 1558 1220 1621 mihi
1261 1555 1503 1640 videor,
1554 1580 1811 1621 causam
1852 1557 1970 1622 tibi
2004 1580 2213 1621 meam
2257 1557 2595 1644 probasse,
2631 1557 2726 1619 le-

586 1678 730 1727 ctor
762 1661 1034 1728 candide
1054 1713 1071 1746 ,
1107 1661 1410 1727 adversus
1440 1688 1581 1747 eos,
1616 1665 1730 1752 qui
1755 1665 1820 1728 in
1848 1687 1986 1727 mea
2010 1685 2313 1752 persona,
2353 1663 2491 1727 haec
2514 1662 2726 1726 studia

590 1792 724 1833 non
760 1772 1009 1834 ferant:
1060 1786 1254 1834 restat
1293 1788 1369 1834 ut
1412 1768 1608 1835 fidem
1642 1793 1988 1858 moresque
2018 1793 2199 1834 meos
2228 1770 2519 1857 probem.
2558 1771 2729 1832 Sunt

589 1876 763 1939 enim
807 1877 918 1963 qui
953 1874 1403 1940 emendatores
1446 1876 1509 1939 in
1552 1876 1721 1940 hanc
1761 1876 2147 1940 calumniam
2194 1893 2459 1957 vocent,
2507 1892 2581 1939 ut
2615 1898 2728 1938 eos

590 1980 808 2046 dicant
828 2030 847 2063 ,
888 2005 1021 2070 quo
1053 1982 1186 2046 suis
1219 1982 1644 2071 opinionibus
1671 1980 1865 2047 fidem
1895 1981 2164 2062 faciant,
2205 1983 2363 2045 falso
2405 2004 2731 2046 nonnum-

588 2109 785 2173 quam
822 2102 1070 2151 vetusta
1106 2088 1490 2176 exemplaria
1525 2085 1815 2167 laudare,
1848 2102 2191 2150 contentos
2222 2087 2495 2150 confuse
2530 2102 2729 2173 atque

589 2192 903 2278 permixte
939 2191 1187 2274 dicere,
1220 2192 1503 2276 Quidam
1524 2192 1682 2255 —libri
1716 2193 1829 2273 sic,
1854 2208 1967 2256 aut
1996 2192 2089 2255 sic
2119 2192 2381 2256 habent.
2404 2192 2543 2256 Nos
2569 2215 2727 2281 ergo

588 2319 723 2384 quo
762 2322 902 2362 eam
936 2298 1345 2390 fugeremus,
1381 2322 1740 2388 numquam
1770 2314 1883 2362 aut
1916 2321 2179 2385 perraro
2212 2300 2340 2362 hoc
2368 2297 2568 2361 modo
2602 2320 2726 2362 no-

588 2420 717 2468 stra
746 2405 1237 2489 confirmamus:
1285 2422 1349 2470 et
1396 2407 1607 2470 tamen
1651 2406 1706 2470 si
1743 2405 2008 2494 quando
2051 2405 2318 2488 accidit,
2370 2428 2576 2470 unum
2612 2422 2727 2469 aut

586 2509 770 2597 plura
813 2534 893 2575 ex
923 2511 1025 2575 his
1063 2512 1330 2600 intelligi
1361 2514 1696 2594 volumus,
1748 2536 1891 2601 quae
1940 2512 2324 2576 nominatim
2377 2512 2726 2600 appellavi-

589 2639 753 2681 mus.
795 2615 1115 2681 Undecim
1160 2641 1315 2682 vero
1364 2618 1745 2701 habuimuS,
1798 2642 1876 2683 ex
1925 2620 2165 2706 quibus
2226 2619 2522 2706 quinque
2571 2641 2725 2681 cum

586 2721 838 2811 vulgata
865 2723 1139 2788 Manutii
1168 2740 1364 2813 atque
1386 2726 1579 2790 etiam
1602 2725 1871 2789 Victorii
1896 2725 2210 2807 editione,
2237 2723 2727 2813 diligentissime

587 2831 1026 2914 conferentes,
1059 2854 1095 2894 a
1132 2832 1530 2914 carceribus,
1577 2849 1652 2895 ut
1695 2830 1820 2895 dici
1871 2832 2068 2914 solet,
2119 2830 2199 2895 ad
2239 2831 2474 2894 calcem
2516 2853 2727 2917 usque

589 2936 1025 3024 percurrimus
1059 2960 1073 3000 ε
1114 2960 1346 3026 nempe
1377 2938 1610 3001 Faerni
1644 2935 1842 3028 dulos3
1885 2959 2170 3024 quorum
2206 2959 2412 3000 unum
2437 2985 2455 3017 ,
2508 2958 2726 2999 roma-

586 3065 749 3106 num
779 3042 1103 3131 exemplar
1136 3044 1452 3132 appellare
1488 3044 1702 3126 solen,
1733 3042 1912 3130 quod
1945 3043 2068 3107 sub
2108 3041 2178 3106 id
2215 3059 2471 3132 tempus
2505 3044 2728 3106 Romae

586 3149 975 3237 impressum
1009 3151 1239 3230 fuerit,
1284 3173 1419 3237 quo
1459 3150 1598 3215 haec
1639 3151 1809 3239 typis
1845 3149 2204 3215 excudendi
2239 3174 2373 3232 ars,
2413 3149 2724 3215 divinitus

587 3274 685 3321 est
721 3258 1012 3338 inventa3
1045 3257 1318 3319 alterum
1360 3258 1591 3321 Faerni
1637 3258 1839 3344 ipsius
1878 3258 2184 3337 nomine,
2228 3255 2409 3321 valde
2441 3255 2723 3346 probum

590 3379 656 3426 et
687 3363 1076 3451 antiquum:
1115 3384 1281 3448 quos
1315 3364 1542 3428 ambos
1587 3362 1759 3452 apud
1804 3377 1915 3428 eos
1953 3386 2089 3428 esse
2125 3364 2442 3445 arbitror,
2491 3363 2601 3450 qui
2644 3361 2727 3424 li-

589 3468 856 3533 brorum
892 3468 1091 3556 ipsius
1127 3468 1394 3532 fuerunt
1418 3468 1711 3534 heredes.
1753 3468 2074 3534 Guidonis
2103 3470 2305 3559 Lolgii
2336 3472 2487 3534 item
2518 3469 2686 3534 duos
2711 3492 2729 3533 :

587 3599 795 3640 unum
821 3600 1019 3642 manu
1040 3576 1265 3666 Poggii
1290 3578 1649 3642 Florentini
1684 3577 1797 3665 (ita
1825 3579 1997 3651 enim
2022 3579 2088 3641 in
2124 3578 2254 3643 fine
2283 3579 2430 3642 libri
2466 3577 2729 3666 legitur)

588 3680 1004 3770 descriptum,
1034 3683 1116 3745 ab
1148 3683 1432 3748 editione
1445 3685 1715 3749 Victorii
1734 3731 1751 3765 ,
1789 3685 1921 3749 sive
1950 3707 2173 3774 graeca,
2199 3686 2331 3749 sive
2358 3683 2552 3747 latina
2585 3706 2737 3771 spe-

591 3802 722 3849 ctes
743 3833 761 3866 ,
828 3809 962 3850 non
1033 3811 1423 3877 magnopere
1488 3788 1856 3869 diversum3
1917 3791 2192 3853 alterum
2260 3789 2695 3852 recentiorem
2719 3839 2736 3868 ,

590 3913 788 3979 quem
822 3891 1060 3956 librum
1080 3894 1283 3983 Lolgii
1314 3894 1584 3981 ubique,
1612 3910 1687 3957 ut
1724 3894 1903 3958 illum
1938 3894 2164 3984 Poggii
2194 3918 2393 3974 voc0,
2422 3916 2587 3981 quos
2619 3896 2737 3981 qui

591 3996 765 4061 volet
798 3995 896 4084 (ea
938 4013 1036 4060 est
1078 4000 1367 4064 hominis
1409 4001 1803 4085 humanitas)
1838 4002 2152 4065 arbitratu
2188 4024 2308 4064 suo
2349 4001 2585 4089 poterit
2629 4002 2741 4064 in·

588 4104 846 4193 spicere.
869 4103 1191 4185 Quintum
1225 4131 1258 4170 e
1289 4107 1684 4172 bibliotheca
1715 4107 2040 4172 Dominici
2069 4106 2359 4174 Grimani
2393 4106 2739 4173 cardinalis
