3023 4773
424 431 933 499 EPISTOLAE
981 432 1116 498 AD
1165 431 1648 516 ΑΤΤΙΟΠΜ,
1692 434 1890 519 v11,
1940 433 2007 504 6.
2141 435 2283 534 659

1807 624 2290 648 mmm

819 794 1414 873 EPISTOLA
1484 796 1636 874 VI.

175 962 246 1015 Se
278 956 353 1014 de
380 977 508 1035 rep.
547 956 715 1014 valde
746 956 944 1014 timere
972 955 1189 1014 scribit.
1234 956 1325 1035 (In
1368 958 1705 1030 Formiano,
1747 977 1898 1017 anno
1934 964 2004 1019 U.
2039 965 2105 1020 C.
2147 965 2289 1035 703,

768 1051 773 1056 ’
950 1069 1144 1110 mense
1166 1051 1506 1130 decembri.)

827 1221 1140 1285 emmo
1170 1222 1510 1310 'ATTICO
1557 1223 1617 1286 s.

268 1362 505 1426 Pam:
547 1354 747 1426 deest
789 1352 990 1450 quod
1037 1352 1124 1423 ad
1165 1366 1235 1423 te
1276 1352 1582 1424 scribam
1618 1365 1636 1423 τ’
1676 1369 1848 1425 nota
1886 1361 2128 1428 omnia
2163 1359 2296 1430 tihi

175 1481 376 1552 sunt3
422 1491 556 1537 nec
587 1469 738 1561 ipse
767 1461 1042 1546 haben,
1074 1486 1114 1531 a
1143 1476 1212 1532 te
1245 1464 1443 1559 quod
1465 1475 1484 1507 ¹
1526 1479 1954 1561 exspectem.
1987 1468 2294 1541 Tantum

177 1580 399 1675 igitur
429 1588 758 1654 nostrum
810 1569 987 1642 illud
1026 1572 1347 1643 solemne
1386 1597 1790 1659 servemu5‚
1831 1589 1911 1646 ut
1947 1602 2038 1648 ne
2076 1603 2297 1675 quem

174 1689 363 1757 istuc
420 1697 714 1756 euntem
771 1682 926 1752 sine
979 1681 1204 1752 literis
1246 1681 1709 1755 dimittamus.
1769 1688 1879 1756 De
1932 1687 2301 1785 republica

176 1795 377 1865 valde
418 1795 635 1865 timeo
666 1818 681 1860 t
720 1814 857 1861 nec
895 1789 1132 1859 adhuc
1170 1788 1318 1860 fere
1356 1796 1640 1880 inveni,
1686 1797 1812 1890 qui
1847 1821 1998 1866 non
2042 1821 2302 1869 conce-

175 1904 498 1977 dendum
555 1914 847 2000 putaret
899 1901 1199 1986 Caesari,
1260 1900 1457 1995 quod
1522 1904 1959 2000 postularet,
2019 1909 2306 2004 potiuS‚

175 2039 394 2112 quam
433 2009 1021 2109 depugnandum.
1064 2013 1187 2079 Est
1211 2008 1374 2079 illa²
1409 2013 1703 2106 quidem
1732 2016 2122 2110 postulatio
2151 2020 2308 2115 opi-

176 2125 396 2193 nione
434 2119 804 2190 valentior.
845 2121 994 2188 Cur
1031 2132 1270 2188 autem
1307 2144 1504 2189 nunc
1551 2125 1865 2218 primum
1912 2130 1978 2195 ei
2018 2130 2304 2198 resista-

124 2235 127 2236 *
175 2227 385 2296 mus?
412 2232 478 2295 οὐ
516 2226 631 2322 γὰρ
667 2224 739 2294 ἂν
762 2220 911 2294 τόδε
941 2219 1135 2320 μεῖζον
1172 2227 1272 2295 ἔπι
1300 2213 1546 2314 κακὸν3,
1572 2253 1791 2323 quam
1825 2255 2053 2326 quum
2092 2236 2304 2329 quin·

175 2335 581 2436 quennium
651 2333 1268 2433 prorogabamus3
1331 2336 1453 2406 aut
1511 2353 1742 2433 quum
1773 2392 1791 2422 ‚
1851 2353 1933 2408 ut
1992 2336 2308 2411 absentis

174 2450 360 2517 ratio
419 2444 848 2530 haberetur,
907 2442 1335 2515 ferebamus.
1396 2446 1546 2517 Nisi
1591 2445 1775 2518 forte
1815 2448 1970 2519 haec
2012 2450 2116 2520 illi
2155 2466 2309 2520 tum

178 2581 374 2627 arma
417 2555 785 2640 dedimus,
839 2568 922 2623 ut
973 2579 1170 2624 nunc
1219 2579 1383 2625 cum
1431 2554 1621 2627 bene
1667 2573 1916 2655 parato
1948 2582 2310 2658 pugnare·

180 2692 360 2738 mus.
414 2669 665 2750 Dices»,
716 2663 894 2762 quid
945 2678 1029 2735 tu
1081 2667 1300 2762 igitur
1353 2686 1695 2751 sensurus
1733 2670 1856 2739 es?
1890 2694 2042 2741 non
2078 2669 2310 2755 idem,
2391 2715 2415 2738 .

180 2777 380 2874 quod
440 2777 785 2847 dicturus.
849 2776 1165 2846 Sentiam
1222 2777 1415 2846 enim
1487 2779 1731 2847 omnia
1796 2776 2163 2867 facienda,
2220 2804 2310 2850 ne

178 2888 397 2958 armis
435 2885 882 2969 decertetur3
929 2884 1156 2956 dicam
1196 2883 1390 2955 idem
1414 2940 1432 2971 ‚
1471 2886 1668 2982 quod
1717 2882 2137 2985 Pompeius:
2182 2912 2310 2959 ne·

180 3022 327 3095 que
382 2996 453 3067 id
504 2993 757 3066 faciam
802 2995 1058 3065 humili
1105 2998 1369 3065 animo.
1424 2996 1562 3065 Sed
1607 3000 1905 3068 rursus4
1962 2996 2104 3067 hoc
2148 3021 2312 3094 per-

182 3129 526 3203 magnum
580 3102 991 3202 reipublicae
1049 3106 1317 3175 malum
1375 3121 1528 3192 est3
1590 3119 1662 3176 at
1717 3105 2032 3203 quodam
2091 3107 2314 3177 modo

184 3215 361 3285 mihi
409 3228 670 3312 praeter
715 3228 992 3284 ceteros
1036 3239 1189 3284 non
1225 3230 1545 3304 rectum,
1583 3238 1698 3287 me
1735 3219 1810 3286 in
1852 3217 2067 3288 tantis
2098 3214 2322 3287 rebus

182 3350 223 3395 a
260 3325 606 3423 Pompeio
648 3321 1009 3393 dissidere.

258 3523 307 3555 1.
338 3506 464 3564 Alii,
491 3505 629 3570 quid.
646 3507 696 3554 J.
718 3508 783 3552 V.
809 3505 862 3552 1..
1292 3505 1370 3556 lm
1396 3522 1488 3571 pro
1526 3508 1709 3571 vulgat.
1740 3507 1858 3556 ἔπει.
1883 3510 2029 3555 Forte
2065 3506 2210 3554 etiam
2236 3507 2313 3554 le·
2421 3524 2425 3533 ·

254 3602 307 3634 2.
331 3587 420 3633 Est
441 3584 546 3634 ina.
583 3586 716 3633 Man.
759 3582 923 3632 Lanb.
962 3604 988 3626 α
1009 3583 1202 3639 Earin-
1291 3586 1506 3650 gendum
1523 3619 1538 3646 ,
1563 3587 1634 3637 Οὐ
1658 3583 1753 3655 γὰρ
1780 3582 1865 3638 δή.
1884 3589 2001 3639 LV.
2027 3588 2084 3636 1..

177 3664 381 3728 quidem
410 3664 667 3727 impudens
684 3662 948 3727 postulatio
969 3663 1205 3725 opinione
1240 3705 1249 3709 -
1322 3716 1330 3730 .
1360 3674 1409 3722 4.
1428 3666 1525 3713 Sed
1537 3683 1717 3715 rursus.
1736 3667 1864 3729 Quin
1884 3666 2061 3715 dixerit
2077 3682 2129 3729 με
2151 3664 2316 3715 dietu-

179 3744 472 3793 valentior..
486 3745 711 3791 Muretus
730 3758 872 3791 voees
891 3742 1010 3791 dune
1022 3753 1205 3806 postre-
1243 3786 1247 3793 .
1290 3760 1399 3791 rum
1424 3760 1534 3807 quae
1557 3761 1659 3793 non
1685 3747 1888 3804 sentiam
1908 3746 1962 3795 iu
1982 3761 2083 3808 quo
2103 3761 2206 3795 non
2237 3746 2313 3792 vi-

177 3839 285 3871 men
323 3823 466 3871 delet.
1294 3822 1435 3871 detur
1463 3821 1631 3875 effide
1666 3825 1808 3887 hugi
1838 3824 1959 3883 bani
1991 3825 2148 3873 civis:
2180 3828 2316 3888 quasi

254 3903 308 3949 3.
335 3901 404 3949 Οὐ
423 3898 541 3968 γάρ.
575 3902 746 3963 Neque
770 3902 896 3948 em’m
927 3901 1017 3950 Ιιοο
1048 3901 1205 3967 majus
1296 3912 1547 3965 peccatum
1566 3908 1707 3951 euu'm
1727 3907 1993 3953 excusuit.
2015 3904 2192 3953 Dicere
2207 3920 2318 3967 (με

177 3992 253 4029 ese
289 3980 491 4027 malum.
550 3978 729 4043 Odyee.
784 3983 936 4041 xm,
977 3997 1097 4044 ²⁰9·
1139 4007 1209 4019 —
1296 3997 1396 4029 non
1420 3983 1624 4042 sentiae,
1647 3983 1823 4037 malum
1847 3984 2058 4033 eetzsed
2088 4000 2253 4033 mrem
2273 3994 2322 4030 et

177 4060 382 4121 Legitur
415 4058 545 4121 apud
581 4062 849 4108 Homerum
867 4093 881 4117 ,
919 4061 989 4109 Οὐ
1017 4060 1101 4126 μὲν
1144 4055 1211 4113 δὴ
1296 4059 1395 4108 hoc
1422 4060 1601 4113 mlum
1613 4096 1628 4120 ‚
1647 4079 1724 4110 me
1739 4065 1793 4115 in
1812 4065 1958 4117 untia
1974 4063 2120 4112 rebus
2138 4080 2165 4110 a
2182 4066 2296 4111 Pom
2308 4089 2320 4098 ·

169 4133 260 4187 ἅδε
286 4137 440 4203 μεῖζον
486 4136 564 4187 ἔτι
587 4134 751 4188 κακόν.
779 4141 911 4189 Hine
942 4141 1211 4203 recepimus
1296 4140 1411 4203 peio
1440 4138 1687 4187 dissidere.
1712 4144 1860 4190 Mun

2007 4231 2119 4309 lp..
