3023 4773
723 362 1285 431 LEONARDI
1350 362 2024 432 MALAESPINAE.
2305 367 2444 459 249

304 481 530 550 monte
549 532 568 566 ,
601 482 755 547 inde
781 484 850 546 in
878 482 1193 571 oppidum
1215 531 1234 565 ,
1263 483 1564 571 aedesque
1596 483 1757 548 adeo
1789 485 1955 571 ipsas
1988 482 2332 565 deductas,
2368 500 2444 549 ut

306 591 532 669 alsius,
569 587 905 652 venustius
926 635 945 669 ,
982 588 1240 652 suavius
1279 610 1417 651 esse
1450 587 1613 651 nihil
1647 589 1872 675 possit)
1893 637 1911 669 ,
1953 589 2067 653 sed
2102 589 2329 671 etiam,
2370 606 2443 654 ut

305 693 659 783 aliquando
695 693 818 758 sibi
849 693 931 757 ab
963 693 1216 757 arbitris
1249 710 1313 757 et
1350 693 1729 782 quotidiana
1774 694 2304 782 interpretatione
2337 719 2441 760 re-

306 816 506 882 mot0,
530 800 752 877 liceret
778 800 1025 881 vivere3
1049 822 1389 888 quumque
1418 800 1509 863 ibi
1532 798 1996 888 pomeridianis
2018 800 2216 883 horis,
2235 825 2439 890 quum

301 930 372 971 se
386 908 519 988 jam
549 907 725 971 calor
754 906 1113 994 paullulum
1141 908 1454 996 fregisset,
1469 907 1599 971 hoc
1625 907 1841 995 ipsum
1866 908 2301 995 Epistularum
2330 931 2445 972 vo·

302 1013 530 1076 lumen
579 1012 848 1076 strictim
896 996 1381 1102 attingeremus,
1418 1035 1708 1103 egoque,
1761 1029 1836 1077 ut
1883 1030 2039 1077 sunt
2094 1012 2438 1076 hominum

299 1141 533 1183 sensus
563 1116 892 1206 dispariles
915 1166 932 1200 ,
966 1118 1049 1182 ab
1080 1119 1187 1200 iis,
1220 1120 1335 1206 qui
1368 1119 1620 1208 insigne
1652 1118 1920 1207 aliquod
1950 1120 2019 1182 in
2055 1141 2159 1183 eas
2199 1119 2441 1207 ingenii

299 1226 405 1288 sui
456 1240 965 1288 monumentum
1008 1224 1418 1312 reliquissent
1460 1224 1732 1311 (omnes
1777 1224 1952 1289 enim
2001 1223 2440 1308 habebamus)

295 1331 538 1396 alicubi
567 1330 1007 1412 dissentirem3
1037 1347 1104 1395 et
1128 1355 1212 1395 ne
1243 1331 1373 1395 hoc
1400 1354 1538 1394 uno
1566 1332 1783 1396 studio
1813 1347 2065 1395 tantum
2089 1330 2442 1395 delectatus

297 1436 575 1518 viderer,
607 1438 972 1525 periculum
993 1436 1344 1526 aliquando
1366 1439 1504 1526 ipse
1537 1440 1834 1521 facerem,
1864 1462 2024 1503 num
2058 1438 2198 1503 loca
2234 1439 2316 1502 ab
2349 1439 2439 1502 eis

299 1542 403 1606 vel
434 1543 757 1632 neglecta,
792 1558 858 1606 et
883 1543 1067 1630 quasi
1099 1543 1343 1632 percipi
1378 1567 1511 1607 non
1548 1560 1816 1631 possent
1835 1592 1853 1626 ,
1906 1541 2198 1631 deposita
2229 1560 2294 1608 et
2322 1544 2436 1608 de-

298 1664 582 1735 sperata,
606 1649 707 1713 vel
738 1649 1076 1749 emendata
1110 1649 1410 1737 quidem,
1445 1650 1559 1715 sed
1593 1673 1728 1714 non
1761 1650 1845 1714 ita
1868 1698 1886 1732 ,
1919 1666 1995 1714 ut
2026 1650 2148 1713 sibi
2183 1651 2303 1737 ipsi
2336 1673 2439 1715 sa-

298 1754 703 1836 tisfacerent,
761 1755 895 1844 ipse
953 1755 1205 1843 aperire
1224 1805 1242 1839 ,
1304 1758 1371 1820 in
1437 1756 1907 1844 melioremque
1966 1756 2242 1820 formam
2262 1805 2281 1838 ,
2334 1759 2433 1821 vel

294 1861 763 1948 exemplarium
782 1910 801 1944 ,
853 1884 998 1949 quae
1052 1879 1194 1928 tum
1244 1885 1448 1950 pauca
1501 1863 1901 1928 habebamus
1925 1912 1943 1946 ,
1997 1863 2235 1926 auxilio
2261 1911 2279 1944 ,
2335 1864 2437 1927 vel

297 1965 545 2055 ingenii
562 1967 625 2029 vi
645 2015 664 2048 ,
701 1966 1071 2047 cujusmodi
1101 1968 1170 2030 in
1195 1990 1301 2032 me
1325 1984 1523 2051 esset,
1558 1969 1894 2033 restituere
1926 1991 2218 2056 possem3
2240 1985 2436 2056 atque

297 2094 374 2135 m
407 2087 626 2136 essent
656 2094 791 2136 non
815 2096 1064 2162 pauca<
1098 2074 1339 2161 placuit
1364 2073 1575 2138 eidem
1603 2091 1883 2161 patrono
1916 2097 2099 2156 meo,
2126 2091 2201 2138 ut
2236 2075 2434 2139 literis

290 2178 770 2266 consignarem.
826 2181 1055 2266 Itaque
1103 2194 1244 2243 toto
1288 2180 1400 2243 illo
1438 2181 1729 2243 calorum
1780 2158 2104 2267 tempore,
2143 2181 2434 2269 quinque

300 2284 499 2347 libros
525 2283 798 2349 confeci.
818 2285 947 2350 Sed
971 2285 1104 2349 heu
1121 2334 1139 2367 ,
1172 2308 1357 2349 mens
1391 2285 1758 2367 hominum,
1783 2284 1916 2348 heu
1935 2286 2193 2349 venturi
2220 2289 2432 2351 nescia

295 2392 444 2455 fati!
471 2414 680 2480 quum
702 2391 1093 2457 redissemus
1123 2393 1191 2456 in
1229 2393 1481 2474 urbem,
1510 2415 1661 2457 ecce
1694 2393 1944 2457 fulmen
1975 2416 1989 2456 z
2021 2392 2259 2457 Paulus
2283 2395 2335 2458 F
2337 2419 2435 2458 ar-

295 2499 513 2562 nesius
536 2499 832 2586 pontifex
857 2499 1195 2580 maximus,
1216 2522 1412 2588 quem
1435 2515 1702 2586 propter
1726 2499 2116 2563 immortalia
2146 2501 2211 2563 in
2236 2524 2432 2565 omne

293 2604 643 2668 hominum
674 2627 880 2694 genus
924 2603 1276 2686 beneficia,
1323 2596 1586 2692 aequum
1621 2621 1790 2687 erat,
1832 2606 2198 2693 nostrisque
2232 2607 2429 2670 ratio-

294 2711 492 2774 nibus
519 2710 962 2793 conducebat,
1011 2733 1152 2775 esse
1187 2711 1660 2794 immortalem,
1704 2711 1827 2776 seds
1871 2713 1924 2775 is
1962 2728 2176 2775 tamen
2224 2735 2429 2799 quum

293 2839 491 2881 suum
524 2815 699 2882 diem
734 2817 1031 2899 obiisset,
1056 2833 1551 2904 extremumque
1583 2817 1726 2880 vitae
1765 2818 2065 2904 spiritum
2098 2816 2429 2899 edidisset,

291 2921 470 2988 haud
515 2924 606 2987 ita
634 2941 815 3012 post,
851 2940 916 2987 et
951 2940 1229 3011 patrono
1270 2925 1393 3012 ipsi
1431 2946 1613 3004 meo,
1653 2922 1812 2987 dum
1858 2924 2124 2990 Patrum
2168 2941 2428 2989 senatus

291 3027 376 3092 ad
406 3029 558 3093 novi
591 3027 915 3117 pontificis
952 3030 1347 3094 creationem
1382 3044 1778 3094 convocatus
1813 3046 1983 3093 esset
2003 3077 2020 3110 ,
2050 3053 2285 3118 resque
2306 3079 2323 3110 ,
2354 3047 2431 3093 ut

214 3201 222 3216 ,
289 3159 458 3225 saepe
508 3136 778 3218 accidit,
822 3137 1081 3225 longius
1136 3135 1525 3219 duceretur,
1576 3135 1914 3224 repentina
1979 3135 2274 3225 quaedam
2334 3138 2428 3201 vis

289 3245 503 3309 morbi
525 3292 543 3326 ,
580 3245 649 3308 in
683 3245 929 3332 optima
959 3267 1072 3332 spe
1109 3245 1400 3310 altissimi
1437 3246 1676 3334 gradus
1714 3244 2018 3327 civitatis,
2051 3245 2196 3309 vitae
2229 3244 2423 3308 finem

286 3350 504 3415 attulit
522 3399 540 3432 ,
570 3366 635 3414 et
660 3350 873 3414 studia
904 3350 1008 3413 illa
1044 3365 1265 3414 nostra
1295 3352 1608 3416 restinxit.
1637 3353 2054 3439 Quapropter
2084 3373 2290 3415 annos
2323 3351 2431 3414 ali·

289 3473 491 3543 quot,
525 3456 776 3521 literam
812 3478 892 3520 eo
932 3457 1002 3519 in
1035 3477 1272 3544 genere
1310 3455 1552 3519 nullam
1600 3457 1891 3522 fecimus.
1953 3457 2117 3520 Nam
2141 3504 2158 3537 ,
2200 3457 2319 3520 etsi
2357 3458 2427 3520 in

288 3562 387 3626 his
413 3562 772 3627 indormire
806 3586 943 3627 non
969 3561 1158 3651 plane
1195 3562 1408 3643 soleo,
1439 3578 1720 3626 attamen
1751 3561 2036 3627 hominis
2085 3562 2253 3625 illius
2299 3586 2424 3626 nu-.-

289 3686 392 3732 tus
418 3685 487 3732 et
509 3667 920 3758 significatio,
949 3686 1258 3757 quantam
1295 3668 1452 3731 mihi
1478 3668 1683 3731 facem
1712 3666 2125 3748 admovebat!
2148 3668 2424 3733 Tantam

265 3775 560 3865 scilicet,
598 3792 909 3865 quantam
943 3776 1162 3842 decuit
1205 3776 1550 3841 admovere
1598 3797 1782 3856 eum,
1814 3773 1897 3839 de
1941 3763 2143 3856 cujus¹
2173 3780 2423 3867 egregia

289 3904 437 3971 erga
487 3905 594 3946 me
631 3883 961 3949 voluntate
982 3932 1002 3965 ,
1041 3900 1214 3948 certa
1255 3905 1421 3971 saepe
1466 3883 1740 3970 pignora
1790 3882 2139 3970 cepissem,
2179 3884 2424 3972 quique

287 3987 570 4053 literatos
601 3988 943 4072 homines,
979 4006 1044 4053 et
1087 3990 1322 4078 insigni
1355 3989 1569 4076 aliqua
1610 4004 1745 4051 arte
1778 4005 2040 4053 ornatos
2061 4038 2079 4070 ,
2121 4012 2284 4076 quos
2321 3990 2425 4052 ille

290 4090 501 4176 domi,
532 4117 665 4159 non
701 4096 876 4160 inani
912 4095 1190 4184 quadam
1229 4095 1467 4183 specie,
1499 4117 1731 4158 aurave
1766 4096 2093 4182 populari,
2130 4118 2254 4183 qua
2287 4095 2423 4182 ple-
