3023 4773
425 388 975 494 Erls‘roLAE=
1017 424 1156 492 AD
1208 424 1713 510 ATTICUM‚
1759 426 2060 520 v11‚7.
2163 423 2293 495 661

187 567 407 643 quem
437 544 512 614 in
551 544 745 615 diem
788 544 1142 632 incurrat,
1182 546 1463 633 nescio;
1502 544 1627 616 sed
1661 568 1954 641 prorsus
1995 559 2064 616 te
2107 569 2308 616 com-

187 658 460 729 moveri
507 655 974 728 incommodo
1020 654 1431 728 valitudinis
1467 671 1608 728 tuae
1642 658 1838 728 nolo,
1878 661 1987 730 De
2029 657 2309 728 honore

189 780 475 853 nostro,
536 766 674 837 nisi
730 764 908 863 quid
960 765 1242 838 occulte
1292 769 1521 837 Caesar
1571 791 1702 864 per
1756 791 1927 838 suos
1975 766 2310 838 tribunos
2352 862 2356 866 .

189 873 480 945 molitus
528 877 703 962 erit,
754 889 990 946 cetera
1040 874 1380 948 videntur
1430 900 1582 948 esse
1634 876 2037 975 tranquilla.
2084 881 2310 949 Tran-

188 982 651 1079 quillissimus
713 999 954 1055 autem
1021 988 1303 1058 animus
1364 1010 1605 1073 mem,
1663 990 1788 1083 qui
1841 1001 2077 1058 totum
2127 988 2314 1059 istuc

185 1093 373 1190 aequi
405 1091 587 1163 honi
612 1091 822 1182 facit;
852 1108 926 1166 et
952 1119 1039 1167 eo
1068 1098 1324 1193 magis,
1354 1096 1554 1195 quod
1575 1096 1726 1192 jam
1751 1122 1791 1167 a
1820 1097 2065 1168 multis
2094 1096 2311 1176 audio

187 1206 658 1274 constitutum
707 1228 857 1275 esse
907 1209 1253 1303 Pompeio
1279 1222 1380 1278 ¹et
1431 1207 1589 1302 ejus
1634 1206 1972 1293 consili0,
2025 1206 2100 1275 in
2142 1206 2311 1276 Sici-

187 1311 353 1382 liam
412 1337 530 1384 me
587 1314 875 1386 mittere
900 1367 919 1402 ‚
977 1313 1178 1411 quod
1243 1317 1627 1414 imperium
1685 1314 2009 1388 habeam.
2065 1315 2151 1386 Id
2205 1330 2313 1388 est

187 1408 599 1514 Ᾱὸδηριτικόν
621 1412 675 1487 ⁸.
712 1422 860 1491 Nec
894 1419 1084 1490 enim
1120 1435 1412 1492 senatus
1443 1420 1792 1508 decrevit,
1828 1446 1964 1494 nec
1997 1420 2313 1519 populus

180 1526 427 1620 jussit,
462 1550 581 1597 me
613 1527 999 1623 imperium
1034 1530 1117 1632 in·
1146 1528 1380 1600 Sicilia
1408 1528 1697 1601 habere.
1736 1534 1856 1601 Sin
1894 1529 2037 1602 hoc
2066 1553 2314 1627 respu-

79 1634 85 1640 ’
184 1633 374 1720 blica
425 1633 519 1706 ad
566 1637 989 1732 Pompeium
1044 1636 1360 1729 defert93
1424 1643 1550 1737 qui
1607 1664 1723 1718 me
1777 1642 2039 1737 magis,
2091 1664 2312 1737 quam

184 1745 544 1843 privatum
585 1746 900 1842 aliquem
925 1799 945 1834 ‚
985 1748 1272 1818 mittat?
1311 1753 1564 1847 Itaque
1591 1804 1610 1838 ,
1649 1752 1706 1820 si
1747 1749 1888 1820 hoc
1928 1750 2313 1847 imperium

181 1855 366 1926 mihi
398 1856 783 1927 molestum
829 1857 1002 1943 erit,
1042 1871 1206 1928 utar
1247 1884 1330 1929 ea
1377 1871 1691 1956 portam,
1742 1884 1957 1956 quam
2007 1862 2314 1956 primam

180 1963 457 2036 videro.
495 1969 679 2038 Nam
720 1962 919 2061 quod
961 1964 1246 2052 scribis,
1294 1967 1661 2038 mirificam
1704 1973 2314 2066 exspectationem

182 2097 339 2145 esse
368 2077 510 2164 mei
530 2128 550 2161 ‚
574 2098 815 2170 neque
840 2088 1083 2144 tamen
1110 2099 1552 2172 quemquam
1573 2075 1940 2150 bonorum
1957 2134 1976 2168 ‚
2002 2094 2127 2151 aut
2149 2080 2316 2150 satis

181 2182 551 2255 bonorum
601 2181 976 2272 dubitare,
1032 2182 1211 2280 quid
1263 2208 1604 2257 sensurus
1652 2189 1790 2256 sim
1833 2213 1848 2255 :
1902 2212 2036 2284 ego
2060 2242 2080 2275 ,
2126 2213 2314 2285 quos

183 2308 263 2363 tu
298 2292 537 2364 bonos
577 2317 730 2366 esse
767 2291 995 2380 dicas,
1029 2318 1184 2364 non
1229 2294 1590 2392 intellig03
1628 2296 1783 2393 ipse
1820 2294 2059 2367 nullos
2099 2298 2307 2383 novi3

152 2405 308 2477 'sed
347 2406 482 2493 ita,
527 2407 585 2477 si
629 2404 924 2477 ordines
968 2405 1332 2476 bonorum
1390 2407 1825 2502 quaerimus:
1869 2430 2035 2476 nam
2074 2409 2314 2505 singu-

180 2515 364 2588 lares
403 2529 576 2587 sunt
606 2513 783 2586 honi
827 2517 994 2603 viri3
1035 2539 1284 2586 verum
1314 2517 1389 2585 in
1410 2514 1992 2613 ⁴dissensionibus
2021 2516 2311 2587 ordines

181 2624 547 2697 bonorum
591 2640 665 2699 et
711 2649 973 2722 genera
1009 2623 1401 2722 quaerenda⁴
1428 2640 1617 2695 sunt.
1657 2630 1997 2698 Senatum
2029 2626 2309 2697 bonum

188 2750 402 2832 putas
427 2789 448 2824 ‚
506 2759 639 2831 per
701 2759 923 2832 quem
989 2735 1141 2805 sine
1206 2735 1595 2832 imperio¹¹
1661 2737 2043 2833 provinciae
2100 2737 2316 2807 sunt?

180 2849 597 2940 Numquam
635 2847 829 2916 enim
889 2849 1109 2916 Curio
1153 2845 1641 2931 sustinuisset,
1687 2846 1744 2915 si
1782 2870 1948 2915 cum
1976 2854 2035 2887 ¹²
2075 2869 2163 2915 eo
2199 2846 2313 2941 agi

179 2968 500 3051 coeptum
547 2969 780 3025 esset:
828 2979 1048 3050 quam
1101 2958 1528 3026 sententiam
1586 2967 1872 3025 senatus
1921 2955 2127 3048 sequi
2172 2978 2306 3023 no-

183 3065 359 3152 luit;
397 3088 485 3134 ex
523 3088 676 3160 quo
707 3062 976 3135 factum
1013 3079 1161 3152 est,
1191 3078 1276 3135 ut
1306 3066 1562 3134 Caesari
1598 3088 1749 3134 non
1781 3061 2306 3134 succederetur.

254 3270 306 3318 8.
334 3230 662 3335 Ᾰὲὸηριταόν.
684 3268 912 3317 Stultum.

253 3364 304 3411 9.
327 3347 460 3409 Alii,
485 3346 652 3411 refert.
681 3351 731 3397 J.
751 3351 816 3396 V.
841 3348 895 3397 L.

258 3442 334 3475 to.
349 3430 595 3492 Eaporea.
609 3430 716 3492 Ego
727 3462 741 3486 ‚
754 3428 1010 3486 ne'mittar,
1021 3426 1200 3484 statim,

1286 3269 1361 3316 M.
1385 3268 1607 3317 Marcelli
1633 3270 1870 3316 sententia
1895 3269 2206 3333 pronuntiata
2233 3284 2309 3316 es-

1286 3357 1385 3406 set,
1406 3347 1495 3411 qui
1521 3347 1758 3412 agendum
1782 3363 1893 3395 cum
1920 3346 2126 3395 tribunis
2151 3346 2307 3410 plebis

1287 3426 1541 3476 censebat:
1575 3428 1800 3491 frequens
1838 3437 2031 3474 senatus
2060 3425 2304 3476 dissensit.

176 3521 292 3571 quae
315 3508 466 3570 prima
490 3518 635 3570 porta
655 3507 768 3566 erit,
782 3522 836 3555 en
856 3506 908 3553 in
929 3504 1111 3553 Urbem
1128 3506 1201 3552 in-

175 3584 370 3649 grediar
387 3618 402 3643 ,
447 3585 640 3645 abjecto
691 3583 896 3650 imperio
946 3583 1116 3642 simul,
1153 3594 1203 3632 et

174 3663 512 3727 triumphandi
528 3663 756 3713 consilio.
785 3665 935 3712 Mn.

256 3759 280 3790 r
294 3759 338 3794 x.
366 3746 466 3791 Per
491 3758 633 3807 quem
658 3742 763 3790 sine
788 3741 1002 3806 imperio.
1036 3742 1202 3804 Quum

173 3821 309 3871 enim
349 3821 528 3868 factum
564 3830 689 3867 esset
726 3819 1195 3868 senatusconsultum

173 3910 234 3948 ut
256 3914 560 3947 successores
571 3898 624 3945 iu
643 3897 921 3962 provincias
946 3898 1192 3947 mitteren-

177 3989 292 4036 tun
318 3977 379 4026 C.
400 3977 554 4027 Curio
579 3975 805 4023 tribunus
822 3975 978 4039 plebis
996 3977 1195 4026 Caesaris

177 4070 374 4111 causum
396 4053 662 4103 defendens
675 4054 967 4102 intercessit:
981 4065 1030 4102 et
1044 4071 1194 4119 quum

182 4135 245 4182 de
271 4133 613 4184 intercessione
638 4133 916 4195 referretur,
950 4135 1196 4198 primaque

1289 3508 1420 3569 Ergo
1459 3517 1654 3554 senatus
1689 3506 1833 3568 culpa
1873 3519 2172 3552 successores
2205 3521 2307 3553 non

1289 3585 1423 3633 missi
1444 3586 1642 3649 :itaque
1668 3586 1772 3633 sine
1797 3584 2002 3648 imperio
2027 3584 2309 3647 provincia,

1289 3664 1344 3711 id
1363 3674 1465 3723 est,
1490 3665 1595 3711 sine
1621 3662 1991 3727 magistratibus.
2014 3663 2170 3726 Epist.
2195 3665 2225 3711 5
2260 3674 2307 3711 et

1298 3745 1357 3791 13
1375 3779 1391 3805 ‚
1413 3742 1499 3790 lib.
1521 3744 1665 3806 vm,
1689 3742 1752 3790 ad
1769 3743 1880 3790 Div.
1909 3744 2060 3789 Inus.

1364 3837 1443 3870 η.
1498 3821 1554 3869 Si
1591 3838 1700 3868 eum
1742 3836 1801 3868 eo
1842 3820 1945 3884 agi.
1993 3822 2108 3883 Quo
2150 3820 2301 3870 modo

1283 3900 1519 3964 agebatur
1570 3916 1680 3947 cum
1734 3900 1940 3948 tribunis
1979 3900 2137 3965 plebis
2150 3903 2173 3949 Ρ
2211 3900 2304 3950 fie-

1282 3978 1400 4028 bant
1451 3980 1503 4027 in
1569 3995 1654 4027 eos
1704 3979 2116 4028 senatusconsulta
2166 3997 2298 4031 acer·

1284 4058 1400 4105 rima
1417 4092 1433 4116 ‚
1458 4057 1552 4105 nisi
1573 4058 1963 4107 intercessionem
1989 4060 2300 4109 remitterent.

1286 4140 1438 4187 Ῑυιιι.
