3023 4773
810 386 1392 469 EPISTOLAE‚
1426 384 1667 470 XIII,
1714 382 1825 456 51.
2119 412 2120 419 ¹
2292 391 2385 463 63

902 572 2003 598 mmmmm-mmmm
2009 576 2378 599 mmm

907 749 1524 831 EPISTOLA
1577 751 1719 830 LI.

512 907 574 961 P.
596 902 948 961 Messienum
980 900 1350 960 commendat
1378 900 1581 961 Caesio.
1621 907 1820 975 (Anno
1848 902 2120 982 incerto.)

837 1058 929 1124 M.
953 1060 1027 1124 T.
1065 1059 1138 1125 C.
1176 1059 1247 1125 P.
1284 1058 1563 1124 CAESIO
1610 1060 1674 1126 S.
1712 1060 1794 1127 D.

333 1193 412 1259 P.
453 1191 921 1275 Mummium,
966 1188 1285 1284 equitem
1323 1210 1748 1277 romanum,
1788 1188 2131 1260 omnibus
2168 1190 2388 1264 rebus

238 1311 630 1383 ornatum,
672 1320 1066 1394 meumque
1117 1295 1718 1395 perfamiliarem,
1772 1299 1904 1370 tibi
1956 1301 2390 1374 commendo

238 1432 319 1477 ea
375 1403 1050 1493 commendatione,
1103 1432 1264 1504 quae
1316 1406 1558 1505 potest
1607 1433 1761 1481 esse
1823 1410 2383 1508 diligentissima.

242 1521 414 1589 Peto
460 1540 507 1587 a
553 1531 627 1588 te
674 1532 750 1589 et
790 1542 925 1615 pro
958 1533 1245 1606 nostra,
1303 1533 1376 1591 et
1415 1542 1549 1617 pro
1585 1534 1885 1617 paterna
1920 1524 2266 1611 amicitia,
2307 1538 2388 1596 ut

239 1653 404 1698 eum
438 1630 523 1698 in
562 1643 762 1699 tuam
801 1627 1022 1700 fidem
1058 1629 1389 1726 recipiaS‚
1429 1629 1735 1727 ejusque
1779 1655 1944 1701 rem.
1969 1630 2381 1731 famamque

242 1750 515 1808 tueare.
562 1739 822 1808 Virum
866 1735 1188 1826 bonum,
1232 1753 1501 1836 tuaque
1548 1740 1860 1811 amicitia
1904 1741 2207 1841 dignum
2252 1742 2381 1816 tibi

240 1845 696 1942 adjunxeris,
731 1846 1057 1945 mihique
1092 1847 1575 1947 gratissimum
1614 1848 1890 1923 feceris.

234 2039 2366 2062 mmmmmmmmmmmm

877 2230 1484 2310 EPISTOLA
1556 2233 1750 2310 LII.

233 2408 546 2486 Hospitem
597 2426 765 2465 suum
789 2450 809 2479 ‚
879 2407 1168 2467 Licinium
1218 2406 1590 2466 Aristotelem
1614 2451 1631 2480 ,
1695 2406 2088 2467 commendat.
2160 2407 2380 2487 (Anno

1177 2499 1449 2569 incert0.)

899 2661 1215 2726 CICERO
1259 2660 1467 2726 REGI
1489 2677 1507 2704 ¹
1555 2662 1618 2725 S.
1645 2663 1724 2725 D.

331 2812 411 2877 A.
436 2809 764 2877 Lictmus
809 2807 1329 2875 Amsrornmsa
1368 2802 1764 2875 Melitensis
1789 2859 1807 2891 ‚
1844 2804 2384 2902 antiquissimus

231 2932 344 2989 est
389 2917 661 3013 hospes
695 2937 931 3000 meus,
976 2929 1049 2985 et
1085 2928 1428 3012 praeterea
1467 2914 1902 3009 conjunctus
1942 2939 2211 3013 magno
2241 2940 2381 2987 usu

234 3025 759 3097 familiaritatis,
812 3028 975 3094 Haec
1019 3046 1246 3119 quum
1297 3026 1395 3095 ita
1440 3027 1621 3110 sint,
1665 3048 1817 3094 non
1860 3024 2161 3112 dubito,
2199 3028 2380 3122 quin

234 3138 365 3208 tibi
391 3128 568 3209 satis
586 3135 1129 3206 commendatus
1159 3134 1270 3204 sit.
1299 3134 1582 3205 Etenim
1613 3159 1702 3206 ex
1724 3133 1969 3205 multis
1994 3159 2381 3232 cognoscO,

232 3272 475 3319 meam
535 3243 1241 3318 commendationem
1285 3243 1681 3341 plurimum
1741 3241 1936 3339 apud
1985 3257 2058 3314 te
2116 3243 2374 3316 valere.

232 3366 450 3430 Hunc
500 3382 637 3455 ego
685 3382 725 3427 a
763 3359 1030 3427 Caesare
1071 3352 1366 3425 liberavi
1389 3349 1440 3423 ³.
1483 3359 1854 3452 Frequens
1901 3355 2096 3425 enim
2142 3351 2377 3428 fuerat

306 3570 357 3603 ι.
386 3554 526 3618 Regi.
548 3554 837 3618 Cognomen
855 3551 1011 3616 gentis
1032 3552 1259 3599 Marciae:
1349 3553 1587 3600 Praeterea
1623 3552 1787 3615 inepta
1816 3548 2115 3597 familiaritas
2147 3549 2228 3599 iun
2253 3563 2377 3601 esset

230 3645 285 3682 nt
309 3652 335 3682 e
358 3632 832 3692 Sallustio‚Valerio
847 3667 862 3691 ‚
888 3631 1125 3680 Suetonio
1144 3646 1263 3678 con·
1348 3631 1402 3678 in
1428 3631 1488 3678 iis
1519 3630 1708 3689 verbis,
1729 3645 1839 3693 quae
1868 3628 2016 3688 infre,
2041 3651 2065 3670 ‹-
2085 3631 2179 3678 Fac
2204 3631 2364 3695 igitur,

228 3727 353 3773 stat,
377 3713 559 3762 addito
583 3713 726 3761 etiam
755 3710 1035 3761 testimonio
1057 3710 1257 3759 Cicero·
1348 3711 1414 3757 mi
1436 3713 1570 3768 Rex,
1590 3720 1684 3757 etc.
1698 3730 1723 3750 ι·
1746 3709 1893 3757 Mur.

233 3794 338 3850 uie,
368 3792 520 3858 epist.
542 3801 630 3849 τι,
666 3791 730 3838 ad
752 3793 861 3841 Att.
879 3789 970 3839 lib.
991 3791 1038 3849 1,
1066 3799 1117 3838 et
1143 3788 1258 3839 Plu·
1424 3804 1477 3839 α.
1500 3787 1805 3839 Aristoteles.
1836 3788 2035 3837 Graecns
2067 3805 2266 3853 genere,
2294 3806 2377 3838 ro·

233 3874 389 3921 urchi
412 3874 468 3921 in
487 3872 587 3919 vita
605 3871 877 3920 Ciceronis.
901 3870 1128 3920 Absurde
1146 3886 1265 3918 non-
1352 3885 1498 3917 mano
1527 3868 1724 3916 nomine
1740 3903 1757 3929 ‚
1786 3867 1949 3916 somn
1973 3877 2023 3915 et
2042 3869 2239 3917 civitate
2253 3903 2269 3928 ‚
2286 3869 2374 3916 do·

232 3954 355 4002 naui
407 3965 590 4020 putant
642 3954 773 4001 hunc
824 3968 925 4001 esee
981 3953 1265 4013 Dejotarum
1354 3959 1493 3997 natus
1519 3962 1532 3995 :
1576 3947 1846 3996 Melitensis
1862 3981 1880 4009 ‚
1924 3965 1951 3995 a
1993 3948 2168 3996 Melita
2203 3948 2377 3997 insula.

232 4052 397 4099 regem
424 4050 438 4084 z
484 4050 643 4098 quum
686 4044 848 4082 tamen
886 4032 1123 4100 Dejoeam
1163 4031 1268 4097 regi
1356 4029 1581 4078 Cunna.

232 4132 333 4163 nun
381 4117 445 4164 eit
482 4116 538 4162 in
571 4112 750 4170 titulo,
795 4112 881 4161 ned
916 4122 1101 4160 tantum
1133 4111 1267 4176 Regi.
1430 4109 1477 4156 3.
1501 4106 1742 4156 Liberavi.
1759 4108 1914 4156 Venia
1937 4108 2206 4171 impetrata.
