<?xml version="1.0" encoding="UTF-8"?>
<!DOCTYPE html PUBLIC "-//W3C//DTD XHTML 1.0 Transitional//EN"
    "http://www.w3.org/TR/xhtml1/DTD/xhtml1-transitional.dtd">
<html xmlns="http://www.w3.org/1999/xhtml" xml:lang="en" lang="en">
 <head>
  <title>
</title>
<meta http-equiv="Content-Type" content="text/html;charset=utf-8" />
  <meta name='ocr-system' content='tesseract 3.04.00' />
  <meta name='ocr-capabilities' content='ocr_page ocr_carea ocr_par ocr_line ocrx_word'/>
</head>
<body>
  <div class='ocr_page' id='page_1' title='image "./mtciceronisquae01bouigoog_0621.png"; bbox 0 0 3023 4773; ppageno 0'>
   <div class='ocr_carea' id='block_1_1' title="bbox 417 431 2280 530">
    <p class='ocr_par' dir='ltr' id='par_1_1' title="bbox 417 431 2280 530">
     <span class='ocr_line' id='line_1_1' title="bbox 417 431 2280 530; baseline -0.006 -10"><span class='ocrx_word' id='word_1_1' title='bbox 417 448 978 520; x_wconf 86' lang='lat' dir='ltr'><strong>EPISTOLAE</strong></span> <span class='ocrx_word' id='word_1_2' title='bbox 1027 449 1171 517; x_wconf 90' lang='lat' dir='ltr'>AD</span> <span class='ocrx_word' id='word_1_3' title='bbox 1222 445 1921 530; x_wconf 88' lang='lat' dir='ltr'>ATTICUM,VI,</span> <span class='ocrx_word' id='word_1_4' title='bbox 1973 464 2027 510; x_wconf 87' lang='grc'>1.</span> <span class='ocrx_word' id='word_1_5' title='bbox 2148 431 2280 509; x_wconf 75' lang='grc' dir='ltr'>6η</span> 
     </span>
    </p>
   </div>
   <div class='ocr_carea' id='block_1_2' title="bbox 154 561 2300 1330">
    <p class='ocr_par' dir='ltr' id='par_1_2' title="bbox 154 561 2300 1330">
     <span class='ocr_line' id='line_1_2' title="bbox 154 561 2294 669; baseline -0.007 -25"><span class='ocrx_word' id='word_1_6' title='bbox 154 567 296 644; x_wconf 70' lang='lat' dir='ltr'>ine.</span> <span class='ocrx_word' id='word_1_7' title='bbox 335 571 687 669; x_wconf 86' lang='lat' dir='ltr'><strong>Equidem</strong></span> <span class='ocrx_word' id='word_1_8' title='bbox 728 568 934 640; x_wconf 84' lang='lat' dir='ltr'>valde</span> <span class='ocrx_word' id='word_1_9' title='bbox 976 570 1165 666; x_wconf 89' lang='lat' dir='ltr'>ipsas</span> <span class='ocrx_word' id='word_1_10' title='bbox 1197 568 1511 639; x_wconf 81' lang='lat' dir='ltr'><strong>Athenas</strong></span> <span class='ocrx_word' id='word_1_11' title='bbox 1543 591 1728 636; x_wconf 88' lang='lat' dir='ltr'>amo.</span> <span class='ocrx_word' id='word_1_12' title='bbox 1762 563 1950 634; x_wconf 91' lang='lat' dir='ltr'>Volo</span> <span class='ocrx_word' id='word_1_13' title='bbox 1989 584 2142 632; x_wconf 87' lang='lat' dir='ltr'>esse</span> <span class='ocrx_word' id='word_1_14' title='bbox 2169 561 2294 630; x_wconf 87' lang='lat' dir='ltr'>ali-</span> 
     </span>
     <span class='ocr_line' id='line_1_3' title="bbox 156 677 2296 778; baseline -0.005 -25"><span class='ocrx_word' id='word_1_15' title='bbox 156 682 362 778; x_wconf 89' lang='lat' dir='ltr'>quod</span> <span class='ocrx_word' id='word_1_16' title='bbox 405 694 982 752; x_wconf 89' lang='lat' dir='ltr'>monumentum.</span> <span class='ocrx_word' id='word_1_17' title='bbox 1044 679 1182 750; x_wconf 92' lang='lat' dir='ltr'>Odi</span> <span class='ocrx_word' id='word_1_18' title='bbox 1224 677 1431 749; x_wconf 86' lang='lat' dir='ltr'>falsas</span> <span class='ocrx_word' id='word_1_19' title='bbox 1486 678 1993 773; x_wconf 83' lang='lat' dir='ltr'>inscriptiones</span> <span class='ocrx_word' id='word_1_20' title='bbox 2032 686 2296 742; x_wconf 83' lang='lat' dir='ltr'>statua·</span> 
     </span>
     <span class='ocr_line' id='line_1_4' title="bbox 157 785 2298 889; baseline -0.005 -26"><span class='ocrx_word' id='word_1_21' title='bbox 157 819 324 863; x_wconf 89' lang='lat' dir='ltr'>rum</span> <span class='ocrx_word' id='word_1_22' title='bbox 367 793 786 864; x_wconf 86' lang='lat' dir='ltr'>alienarum.</span> <span class='ocrx_word' id='word_1_23' title='bbox 836 789 977 862; x_wconf 87' lang='lat' dir='ltr'>Sed</span> <span class='ocrx_word' id='word_1_24' title='bbox 1019 805 1103 862; x_wconf 91' lang='lat' dir='ltr'>ut</span> <span class='ocrx_word' id='word_1_25' title='bbox 1153 790 1286 861; x_wconf 88' lang='lat' dir='ltr'>tibi</span> <span class='ocrx_word' id='word_1_26' title='bbox 1319 788 1635 889; x_wconf 87' lang='lat' dir='ltr'>placebit</span> <span class='ocrx_word' id='word_1_27' title='bbox 1675 816 1691 858; x_wconf 73' lang='grc' dir='ltr'><strong><em>ε</em></strong></span> <span class='ocrx_word' id='word_1_28' title='bbox 1741 785 2103 881; x_wconf 82' lang='lat' dir='ltr'>faciesque</span> <span class='ocrx_word' id='word_1_29' title='bbox 2140 808 2298 866; x_wconf 80' lang='lat' dir='ltr'>me,</span> 
     </span>
     <span class='ocr_line' id='line_1_5' title="bbox 160 895 2300 1000; baseline -0.006 -26"><span class='ocrx_word' id='word_1_30' title='bbox 160 907 237 974; x_wconf 91' lang='lat' dir='ltr'>in</span> <span class='ocrx_word' id='word_1_31' title='bbox 284 929 505 1000; x_wconf 90' lang='lat' dir='ltr'>quem</span> <span class='ocrx_word' id='word_1_32' title='bbox 544 904 734 974; x_wconf 91' lang='lat' dir='ltr'>diem</span> <span class='ocrx_word' id='word_1_33' title='bbox 770 926 1069 972; x_wconf 90' lang='lat' dir='ltr'>romana</span> <span class='ocrx_word' id='word_1_34' title='bbox 1114 900 1435 972; x_wconf 86' lang='lat' dir='ltr'>incidant</span> <span class='ocrx_word' id='word_1_35' title='bbox 1471 899 1840 996; x_wconf 85' lang='lat' dir='ltr'>mysteria,</span> <span class='ocrx_word' id='word_1_36' title='bbox 1882 895 2300 977; x_wconf 89' lang='lat' dir='ltr'>certiorem,</span> 
     </span>
     <span class='ocr_line' id='line_1_6' title="bbox 161 1007 2300 1111; baseline -0.006 -27"><span class='ocrx_word' id='word_1_37' title='bbox 161 1028 234 1084; x_wconf 89' lang='lat' dir='ltr'>et</span> <span class='ocrx_word' id='word_1_38' title='bbox 272 1038 423 1111; x_wconf 90' lang='lat' dir='ltr'>quo</span> <span class='ocrx_word' id='word_1_39' title='bbox 452 1012 671 1084; x_wconf 89' lang='lat' dir='ltr'>modo</span> <span class='ocrx_word' id='word_1_40' title='bbox 708 1011 1067 1083; x_wconf 87' lang='lat' dir='ltr'>hiemaris.</span> <span class='ocrx_word' id='word_1_41' title='bbox 1106 1016 1326 1099; x_wconf 89' lang='lat' dir='ltr'>Cura,</span> <span class='ocrx_word' id='word_1_42' title='bbox 1367 1026 1451 1082; x_wconf 90' lang='lat' dir='ltr'>ut</span> <span class='ocrx_word' id='word_1_43' title='bbox 1484 1011 1744 1081; x_wconf 78' lang='lat' dir='ltr'>valeas,</span> <span class='ocrx_word' id='word_1_44' title='bbox 1779 1012 1947 1079; x_wconf 89' lang='lat' dir='ltr'><strong>Post</strong></span> <span class='ocrx_word' id='word_1_45' title='bbox 1972 1007 2300 1075; x_wconf 89' lang='lat' dir='ltr'>Leuctri-</span> 
     </span>
     <span class='ocr_line' id='line_1_7' title="bbox 161 1115 2299 1220; baseline -0.006 -26"><span class='ocrx_word' id='word_1_46' title='bbox 161 1115 329 1194; x_wconf 69' lang='lat' dir='ltr'>canf</span> <span class='ocrx_word' id='word_1_47' title='bbox 393 1146 710 1220; x_wconf 86' lang='lat' dir='ltr'>pugnam</span> <span class='ocrx_word' id='word_1_48' title='bbox 754 1119 848 1177; x_wconf 73' lang='lat'>¹¹⁴</span> <span class='ocrx_word' id='word_1_49' title='bbox 929 1120 1045 1192; x_wconf 91' lang='lat' dir='ltr'>die</span> <span class='ocrx_word' id='word_1_50' title='bbox 1082 1115 1089 1122; x_wconf 64' lang='grc'><strong>’</strong></span> <span class='ocrx_word' id='word_1_51' title='bbox 1133 1121 1772 1220; x_wconf 87' lang='lat' dir='ltr'>septingentesimo</span> <span class='ocrx_word' id='word_1_52' title='bbox 1856 1116 2299 1212; x_wconf 83' lang='lat' dir='ltr'>sexagesimo</span> 
     </span>
     <span class='ocr_line' id='line_1_8' title="bbox 162 1248 450 1330; baseline 0.003 -29"><span class='ocrx_word' id='word_1_53' title='bbox 162 1248 450 1330; x_wconf 78' lang='lat' dir='ltr'>quinto.</span> 
     </span>
    </p>
   </div>
   <div class='ocr_carea' id='block_1_3' title="bbox 240 1362 2304 1431">
    <p class='ocr_par' dir='ltr' id='par_1_3' title="bbox 240 1362 2304 1431">
     <span class='ocr_line' id='line_1_9' title="bbox 240 1362 2304 1431; baseline 0.003 -19"><span class='ocrx_word' id='word_1_54' title='bbox 240 1381 260 1412; x_wconf 84' lang='lat'>1</span> <span class='ocrx_word' id='word_1_55' title='bbox 277 1373 359 1421; x_wconf 71' lang='lat'>14.</span> <span class='ocrx_word' id='word_1_56' title='bbox 419 1368 539 1412; x_wconf 79' lang='lat' dir='ltr'>Post</span> <span class='ocrx_word' id='word_1_57' title='bbox 585 1365 888 1413; x_wconf 73' lang='lat' dir='ltr'>Leuctricam</span> <span class='ocrx_word' id='word_1_58' title='bbox 936 1380 1180 1429; x_wconf 78' lang='lat' dir='ltr'>pugnam.</span> <span class='ocrx_word' id='word_1_59' title='bbox 1273 1364 1622 1429; x_wconf 76' lang='lat' dir='ltr'>supputatione</span> <span class='ocrx_word' id='word_1_60' title='bbox 1657 1362 1807 1421; x_wconf 75' lang='lat' dir='ltr'>sacta,</span> <span class='ocrx_word' id='word_1_61' title='bbox 1843 1366 2071 1431; x_wconf 75' lang='lat' dir='ltr'>scriptam</span> <span class='ocrx_word' id='word_1_62' title='bbox 2116 1384 2220 1419; x_wconf 72' lang='lat' dir='ltr'>eene</span> <span class='ocrx_word' id='word_1_63' title='bbox 2245 1385 2304 1418; x_wconf 77' lang='lat' dir='ltr'>vr</span> 
     </span>
    </p>
   </div>
   <div class='ocr_carea' id='block_1_4' title="bbox 114 1442 2298 1586">
    <p class='ocr_par' dir='ltr' id='par_1_4' title="bbox 114 1442 2298 1586">
     <span class='ocr_line' id='line_1_10' title="bbox 114 1442 2298 1506; baseline 0.003 -14"><span class='ocrx_word' id='word_1_64' title='bbox 114 1486 122 1492; x_wconf 89' lang='lat'><strong>.</strong></span> <span class='ocrx_word' id='word_1_65' title='bbox 162 1446 321 1505; x_wconf 77' lang='lat' dir='ltr'>Quam</span> <span class='ocrx_word' id='word_1_66' title='bbox 343 1443 576 1491; x_wconf 74' lang='lat' dir='ltr'>Bovillana</span> <span class='ocrx_word' id='word_1_67' title='bbox 594 1442 919 1505; x_wconf 80' lang='lat' dir='ltr'>dixit,lib.V‚</span> <span class='ocrx_word' id='word_1_68' title='bbox 933 1443 1078 1506; x_wconf 78' lang='lat' dir='ltr'>epist.</span> <span class='ocrx_word' id='word_1_69' title='bbox 1104 1444 1183 1494; x_wconf 81' lang='lat'>13.</span> <span class='ocrx_word' id='word_1_70' title='bbox 1272 1442 1468 1492; x_wconf 69' lang='lat' dir='ltr'>kalend.</span> <span class='ocrx_word' id='word_1_71' title='bbox 1517 1454 1657 1492; x_wconf 72' lang='lat' dir='ltr'>mart.</span> <span class='ocrx_word' id='word_1_72' title='bbox 1701 1459 1833 1492; x_wconf 71' lang='lat' dir='ltr'>anno</span> <span class='ocrx_word' id='word_1_73' title='bbox 1877 1442 2027 1495; x_wconf 73' lang='lat' dir='ltr'>Urbis</span> <span class='ocrx_word' id='word_1_74' title='bbox 2085 1450 2298 1499; x_wconf 68' lang='lat' dir='ltr'>condite</span> 
     </span>
     <span class='ocr_line' id='line_1_11' title="bbox 162 1521 1518 1586; baseline -0.001 -16"><span class='ocrx_word' id='word_1_75' title='bbox 162 1525 293 1570; x_wconf 83' lang='lat' dir='ltr'>Hinc</span> <span class='ocrx_word' id='word_1_76' title='bbox 307 1521 502 1572; x_wconf 80' lang='lat' dir='ltr'>Schiitz.</span> <span class='ocrx_word' id='word_1_77' title='bbox 530 1522 733 1582; x_wconf 79' lang='lat' dir='ltr'>conjicit</span> <span class='ocrx_word' id='word_1_78' title='bbox 755 1522 881 1569; x_wconf 86' lang='lat' dir='ltr'>hane</span> <span class='ocrx_word' id='word_1_79' title='bbox 906 1522 1183 1586; x_wconf 81' lang='lat' dir='ltr'>epistolam,</span> <span class='ocrx_word' id='word_1_80' title='bbox 1278 1521 1400 1582; x_wconf 76' lang='lat'><strong>703.</strong></span> <span class='ocrx_word' id='word_1_81' title='bbox 1423 1523 1518 1569; x_wconf 83' lang='lat' dir='ltr'>En.</span> 
     </span>
    </p>
   </div>
   <div class='ocr_carea' id='block_1_5' title="bbox 164 1684 629 1706">
    <p class='ocr_par' dir='ltr' id='par_1_5' title="bbox 164 1684 629 1706">
     <span class='ocr_line' id='line_1_12' title="bbox 164 1684 629 1706; baseline -0.004 -2"><span class='ocrx_word' id='word_1_82' title='bbox 164 1684 629 1706; x_wconf 48' lang='lat' dir='ltr'>mmmm-m</span> 
     </span>
    </p>
   </div>
   <div class='ocr_carea' id='block_1_6' title="bbox 630 1683 999 1702">
    <p class='ocr_par' dir='ltr' id='par_1_6' title="bbox 630 1683 999 1702">
     <span class='ocr_line' id='line_1_13' title="bbox 630 1683 999 1702; baseline 0 3071"><span class='ocrx_word' id='word_1_83' title='bbox 630 1683 999 1702; x_wconf 95' lang='lat' dir='ltr'> </span> 
     </span>
    </p>
   </div>
   <div class='ocr_carea' id='block_1_7' title="bbox 1001 1681 1271 1703">
    <p class='ocr_par' dir='ltr' id='par_1_7' title="bbox 1001 1681 1271 1703">
     <span class='ocr_line' id='line_1_14' title="bbox 1001 1681 1271 1703; baseline 0.004 -1"><span class='ocrx_word' id='word_1_84' title='bbox 1001 1681 1271 1703; x_wconf 58' lang='lat' dir='ltr'>mm</span> 
     </span>
    </p>
   </div>
   <div class='ocr_carea' id='block_1_8' title="bbox 1274 1682 1554 1705">
    <p class='ocr_par' dir='ltr' id='par_1_8' title="bbox 1274 1682 1554 1705">
     <span class='ocr_line' id='line_1_15' title="bbox 1274 1682 1554 1705; baseline 0 3068"><span class='ocrx_word' id='word_1_85' title='bbox 1274 1682 1554 1705; x_wconf 95' lang='lat' dir='ltr'> </span> 
     </span>
    </p>
   </div>
   <div class='ocr_carea' id='block_1_9' title="bbox 1555 1681 2297 1708">
    <p class='ocr_par' dir='ltr' id='par_1_9' title="bbox 1555 1681 2297 1708">
     <span class='ocr_line' id='line_1_16' title="bbox 1555 1681 2297 1708; baseline 0.008 -6"><span class='ocrx_word' id='word_1_86' title='bbox 1555 1681 2016 1707; x_wconf 55' lang='lat' dir='ltr'>mmm</span> <span class='ocrx_word' id='word_1_87' title='bbox 2023 1685 2297 1708; x_wconf 62' lang='lat' dir='ltr'>mm</span> 
     </span>
    </p>
   </div>
   <div class='ocr_carea' id='block_1_10' title="bbox 763 1820 1622 1922">
    <p class='ocr_par' dir='ltr' id='par_1_10' title="bbox 763 1820 1622 1922">
     <span class='ocr_line' id='line_1_17' title="bbox 763 1820 1622 1922; baseline 0.001 -22"><span class='ocrx_word' id='word_1_88' title='bbox 763 1917 768 1922; x_wconf 42' lang='lat'><strong><em>‚</em></strong></span> <span class='ocrx_word' id='word_1_89' title='bbox 850 1820 1456 1921; x_wconf 77' lang='lat' dir='ltr'><strong>EPISTOLA</strong></span> <span class='ocrx_word' id='word_1_90' title='bbox 1510 1824 1622 1902; x_wconf 80' lang='grc' dir='ltr'>ΙΙ.</span> 
     </span>
    </p>
   </div>
   <div class='ocr_carea' id='block_1_11' title="bbox 166 1971 2312 2436">
    <p class='ocr_par' dir='ltr' id='par_1_11' title="bbox 166 1971 2312 2436">
     <span class='ocr_line' id='line_1_18' title="bbox 166 1971 2304 2054; baseline 0.001 -21"><span class='ocrx_word' id='word_1_91' title='bbox 166 1981 256 2034; x_wconf 88' lang='lat' dir='ltr'>De</span> <span class='ocrx_word' id='word_1_92' title='bbox 286 1975 488 2048; x_wconf 88' lang='lat' dir='ltr'>Quinti</span> <span class='ocrx_word' id='word_1_93' title='bbox 512 1973 705 2032; x_wconf 85' lang='lat' dir='ltr'>fratris</span> <span class='ocrx_word' id='word_1_94' title='bbox 733 1992 971 2031; x_wconf 82' lang='lat' dir='ltr'>uxorem</span> <span class='ocrx_word' id='word_1_95' title='bbox 1003 1971 1331 2031; x_wconf 87' lang='lat' dir='ltr'>dimittendi</span> <span class='ocrx_word' id='word_1_96' title='bbox 1359 1972 1627 2044; x_wconf 85' lang='lat' dir='ltr'>consili03</span> <span class='ocrx_word' id='word_1_97' title='bbox 1657 1972 1731 2032; x_wconf 90' lang='lat' dir='ltr'>de</span> <span class='ocrx_word' id='word_1_98' title='bbox 1763 1975 1984 2054; x_wconf 85' lang='lat' dir='ltr'>aliquot</span> <span class='ocrx_word' id='word_1_99' title='bbox 2007 1977 2211 2035; x_wconf 85' lang='lat' dir='ltr'>erratis</span> <span class='ocrx_word' id='word_1_100' title='bbox 2242 1979 2304 2035; x_wconf 90' lang='lat' dir='ltr'>in</span> 
     </span>
     <span class='ocr_line' id='line_1_19' title="bbox 250 2067 2304 2147; baseline 0.002 -19"><span class='ocrx_word' id='word_1_101' title='bbox 250 2071 413 2129; x_wconf 84' lang='lat' dir='ltr'>libris</span> <span class='ocrx_word' id='word_1_102' title='bbox 440 2069 513 2127; x_wconf 91' lang='lat' dir='ltr'>de</span> <span class='ocrx_word' id='word_1_103' title='bbox 541 2075 690 2147; x_wconf 88' lang='lat' dir='ltr'>Rep.</span> <span class='ocrx_word' id='word_1_104' title='bbox 716 2068 790 2126; x_wconf 90' lang='lat' dir='ltr'>de</span> <span class='ocrx_word' id='word_1_105' title='bbox 816 2089 919 2126; x_wconf 89' lang='lat' dir='ltr'>sua</span> <span class='ocrx_word' id='word_1_106' title='bbox 947 2069 1006 2126; x_wconf 93' lang='lat' dir='ltr'>in</span> <span class='ocrx_word' id='word_1_107' title='bbox 1036 2067 1531 2126; x_wconf 84' lang='lat' dir='ltr'>administratione</span> <span class='ocrx_word' id='word_1_108' title='bbox 1561 2071 1873 2145; x_wconf 85' lang='lat' dir='ltr'>provinciae</span> <span class='ocrx_word' id='word_1_109' title='bbox 1906 2071 2304 2132; x_wconf 77' lang='lat' dir='ltr'>moderatione</span> 
     </span>
     <span class='ocr_line' id='line_1_20' title="bbox 249 2163 2310 2243; baseline 0.001 -18"><span class='ocrx_word' id='word_1_110' title='bbox 249 2180 307 2225; x_wconf 89' lang='lat' dir='ltr'>et</span> <span class='ocrx_word' id='word_1_111' title='bbox 335 2166 728 2236; x_wconf 88' lang='lat' dir='ltr'>continentia;</span> <span class='ocrx_word' id='word_1_112' title='bbox 767 2165 840 2223; x_wconf 92' lang='lat' dir='ltr'>de</span> <span class='ocrx_word' id='word_1_113' title='bbox 868 2185 971 2243; x_wconf 92' lang='lat' dir='ltr'>spe</span> <span class='ocrx_word' id='word_1_114' title='bbox 1000 2163 1282 2223; x_wconf 86' lang='lat' dir='ltr'>discessus</span> <span class='ocrx_word' id='word_1_115' title='bbox 1309 2184 1343 2222; x_wconf 91' lang='lat' dir='ltr'>e</span> <span class='ocrx_word' id='word_1_116' title='bbox 1370 2163 1672 2241; x_wconf 81' lang='lat' dir='ltr'>provincia</span> <span class='ocrx_word' id='word_1_117' title='bbox 1683 2187 1701 2235; x_wconf 89' lang='lat'>;</span> <span class='ocrx_word' id='word_1_118' title='bbox 1728 2165 1802 2223; x_wconf 88' lang='lat' dir='ltr'>de</span> <span class='ocrx_word' id='word_1_119' title='bbox 1835 2171 1999 2226; x_wconf 87' lang='lat' dir='ltr'>Bruti</span> <span class='ocrx_word' id='word_1_120' title='bbox 2035 2189 2066 2226; x_wconf 93' lang='lat' dir='ltr'>c</span> <span class='ocrx_word' id='word_1_121' title='bbox 2112 2190 2167 2226; x_wconf 89' lang='lat' dir='ltr'>m</span> <span class='ocrx_word' id='word_1_122' title='bbox 2210 2176 2310 2229; x_wconf 88' lang='lat' dir='ltr'>Sa-</span> 
     </span>
     <span class='ocr_line' id='line_1_21' title="bbox 248 2255 2312 2346; baseline 0.002 -25"><span class='ocrx_word' id='word_1_123' title='bbox 248 2263 496 2321; x_wconf 88' lang='lat' dir='ltr'>laminiis</span> <span class='ocrx_word' id='word_1_124' title='bbox 524 2255 807 2340; x_wconf 71' lang='lat' dir='ltr'>negotiis;&#39;</span> <span class='ocrx_word' id='word_1_125' title='bbox 849 2259 923 2319; x_wconf 91' lang='lat' dir='ltr'>de</span> <span class='ocrx_word' id='word_1_126' title='bbox 950 2260 1128 2339; x_wconf 81' lang='lat' dir='ltr'>Appii</span> <span class='ocrx_word' id='word_1_127' title='bbox 1162 2280 1367 2331; x_wconf 85' lang='lat' dir='ltr'>causa,</span> <span class='ocrx_word' id='word_1_128' title='bbox 1394 2259 1711 2338; x_wconf 89' lang='lat' dir='ltr'>paucisque</span> <span class='ocrx_word' id='word_1_129' title='bbox 1739 2261 1865 2320; x_wconf 89' lang='lat' dir='ltr'>aliis</span> <span class='ocrx_word' id='word_1_130' title='bbox 1895 2263 2088 2322; x_wconf 88' lang='lat' dir='ltr'>rebus.</span> <span class='ocrx_word' id='word_1_131' title='bbox 2131 2267 2312 2346; x_wconf 88' lang='lat' dir='ltr'>(Lao-</span> 
     </span>
     <span class='ocr_line' id='line_1_22' title="bbox 249 2354 1483 2436; baseline -0.005 -16"><span class='ocrx_word' id='word_1_132' title='bbox 249 2360 457 2434; x_wconf 84' lang='lat' dir='ltr'>diceae,</span> <span class='ocrx_word' id='word_1_133' title='bbox 486 2376 638 2418; x_wconf 88' lang='lat' dir='ltr'>anno</span> <span class='ocrx_word' id='word_1_134' title='bbox 669 2363 743 2419; x_wconf 90' lang='lat' dir='ltr'>U.</span> <span class='ocrx_word' id='word_1_135' title='bbox 768 2363 831 2419; x_wconf 93' lang='lat' dir='ltr'>C.</span> <span class='ocrx_word' id='word_1_136' title='bbox 858 2358 971 2432; x_wconf 81' lang='lat'>703</span> <span class='ocrx_word' id='word_1_137' title='bbox 991 2400 1007 2427; x_wconf 90' lang='lat'>‚</span> <span class='ocrx_word' id='word_1_138' title='bbox 1038 2376 1234 2417; x_wconf 84' lang='lat' dir='ltr'>mense</span> <span class='ocrx_word' id='word_1_139' title='bbox 1267 2354 1483 2436; x_wconf 85' lang='lat' dir='ltr'>aprili.)</span> 
     </span>
    </p>
   </div>
   <div class='ocr_carea' id='block_1_12' title="bbox 842 2478 1637 2585">
    <p class='ocr_par' dir='ltr' id='par_1_12' title="bbox 842 2478 1637 2585">
     <span class='ocr_line' id='line_1_23' title="bbox 842 2478 1637 2585; baseline -0.003 -28"><span class='ocrx_word' id='word_1_140' title='bbox 842 2492 1156 2557; x_wconf 85' lang='lat' dir='ltr'>CICERO</span> <span class='ocrx_word' id='word_1_141' title='bbox 1202 2478 1527 2556; x_wconf 82' lang='lat' dir='ltr'>ATTICO</span> <span class='ocrx_word' id='word_1_142' title='bbox 1561 2491 1637 2585; x_wconf 24' lang='lat' dir='ltr'>·S.</span> 
     </span>
    </p>
   </div>
   <div class='ocr_carea' id='block_1_13' title="bbox 170 2602 2416 3822">
    <p class='ocr_par' dir='ltr' id='par_1_13' title="bbox 170 2602 2416 3822">
     <span class='ocr_line' id='line_1_24' title="bbox 268 2602 2310 2717; baseline 0.001 -24"><span class='ocrx_word' id='word_1_143' title='bbox 268 2626 498 2712; x_wconf 67' lang='lat' dir='ltr'>Quum</span> <span class='ocrx_word' id='word_1_144' title='bbox 561 2602 1026 2716; x_wconf 81' lang='lat' dir='ltr'>Philogenes,</span> <span class='ocrx_word' id='word_1_145' title='bbox 1092 2617 1397 2689; x_wconf 87' lang='lat' dir='ltr'>libertus</span> <span class='ocrx_word' id='word_1_146' title='bbox 1462 2632 1670 2706; x_wconf 90' lang='lat' dir='ltr'>tuus,</span> <span class='ocrx_word' id='word_1_147' title='bbox 1734 2618 2158 2717; x_wconf 81' lang='lat' dir='ltr'>Laodiceam</span> <span class='ocrx_word' id='word_1_148' title='bbox 2218 2624 2310 2695; x_wconf 89' lang='lat' dir='ltr'>ad</span> 
     </span>
     <span class='ocr_line' id='line_1_25' title="bbox 170 2729 2309 2820; baseline 0.001 -17"><span class='ocrx_word' id='word_1_149' title='bbox 170 2757 327 2820; x_wconf 90' lang='lat' dir='ltr'>me,</span> <span class='ocrx_word' id='word_1_150' title='bbox 368 2729 723 2802; x_wconf 90' lang='lat' dir='ltr'>salutandi</span> <span class='ocrx_word' id='word_1_151' title='bbox 760 2754 1011 2817; x_wconf 90' lang='lat' dir='ltr'>causa,</span> <span class='ocrx_word' id='word_1_152' title='bbox 1049 2730 1400 2813; x_wconf 84' lang='lat' dir='ltr'>venisset,</span> <span class='ocrx_word' id='word_1_153' title='bbox 1437 2742 1508 2799; x_wconf 90' lang='lat' dir='ltr'>et</span> <span class='ocrx_word' id='word_1_154' title='bbox 1551 2753 1627 2798; x_wconf 91' lang='lat' dir='ltr'>se</span> <span class='ocrx_word' id='word_1_155' title='bbox 1665 2731 1906 2800; x_wconf 88' lang='lat' dir='ltr'>statim</span> <span class='ocrx_word' id='word_1_156' title='bbox 1946 2732 2032 2802; x_wconf 88' lang='lat' dir='ltr'>ad</span> <span class='ocrx_word' id='word_1_157' title='bbox 2069 2748 2141 2804; x_wconf 93' lang='lat' dir='ltr'>te</span> <span class='ocrx_word' id='word_1_158' title='bbox 2179 2759 2309 2805; x_wconf 88' lang='lat' dir='ltr'>na·-</span> 
     </span>
     <span class='ocr_line' id='line_1_26' title="bbox 170 2837 2312 2939; baseline 0.002 -28"><span class='ocrx_word' id='word_1_159' title='bbox 170 2844 585 2939; x_wconf 87' lang='lat' dir='ltr'>vigaturum</span> <span class='ocrx_word' id='word_1_160' title='bbox 618 2863 768 2912; x_wconf 90' lang='lat' dir='ltr'>esse</span> <span class='ocrx_word' id='word_1_161' title='bbox 803 2840 1108 2926; x_wconf 90' lang='lat' dir='ltr'>diceret;</span> <span class='ocrx_word' id='word_1_162' title='bbox 1140 2837 1279 2910; x_wconf 88' lang='lat' dir='ltr'>has</span> <span class='ocrx_word' id='word_1_163' title='bbox 1304 2842 1365 2910; x_wconf 90' lang='lat' dir='ltr'>ei</span> <span class='ocrx_word' id='word_1_164' title='bbox 1405 2838 1643 2910; x_wconf 86' lang='lat' dir='ltr'>literas</span> <span class='ocrx_word' id='word_1_165' title='bbox 1673 2839 1838 2911; x_wconf 87' lang='lat' dir='ltr'>dedi</span> <span class='ocrx_word' id='word_1_166' title='bbox 1870 2869 1886 2911; x_wconf 75' lang='grc' dir='ltr'><strong><em>ε</em></strong></span> <span class='ocrx_word' id='word_1_167' title='bbox 1923 2842 2192 2938; x_wconf 90' lang='lat' dir='ltr'>quibus</span> <span class='ocrx_word' id='word_1_168' title='bbox 2221 2842 2312 2915; x_wconf 92' lang='lat' dir='ltr'>ad</span> 
     </span>
     <span class='ocr_line' id='line_1_27' title="bbox 172 2949 2311 3048; baseline 0 -24"><span class='ocrx_word' id='word_1_169' title='bbox 172 2978 295 3024; x_wconf 89' lang='lat' dir='ltr'>eas</span> <span class='ocrx_word' id='word_1_170' title='bbox 335 2951 706 3048; x_wconf 83' lang='lat' dir='ltr'>rescripsi,</span> <span class='ocrx_word' id='word_1_171' title='bbox 754 2974 934 3047; x_wconf 90' lang='lat' dir='ltr'>quas</span> <span class='ocrx_word' id='word_1_172' title='bbox 988 2974 1403 3048; x_wconf 88' lang='lat' dir='ltr'>acceperam</span> <span class='ocrx_word' id='word_1_173' title='bbox 1457 2973 1498 3018; x_wconf 89' lang='lat' dir='ltr'>a</span> <span class='ocrx_word' id='word_1_174' title='bbox 1543 2951 1742 3019; x_wconf 81' lang='lat' dir='ltr'>Bruti</span> <span class='ocrx_word' id='word_1_175' title='bbox 1782 2949 2171 3023; x_wconf 89' lang='lat' dir='ltr'>tabellario.</span> <span class='ocrx_word' id='word_1_176' title='bbox 2221 2960 2311 3025; x_wconf 88' lang='lat' dir='ltr'>Et</span> 
     </span>
     <span class='ocr_line' id='line_1_28' title="bbox 171 3058 2310 3158; baseline -0 -23"><span class='ocrx_word' id='word_1_177' title='bbox 171 3058 637 3158; x_wconf 87' lang='lat' dir='ltr'>respondebo</span> <span class='ocrx_word' id='word_1_178' title='bbox 675 3060 987 3156; x_wconf 89' lang='lat' dir='ltr'>primum</span> <span class='ocrx_word' id='word_1_179' title='bbox 1018 3075 1397 3157; x_wconf 68' lang='lat' dir='ltr'>postremae</span> <span class='ocrx_word' id='word_1_180' title='bbox 1425 3072 1568 3129; x_wconf 87' lang='lat' dir='ltr'>tuae</span> <span class='ocrx_word' id='word_1_181' title='bbox 1598 3063 1902 3154; x_wconf 81' lang='lat' dir='ltr'>paginae3</span> <span class='ocrx_word' id='word_1_182' title='bbox 1940 3086 2098 3155; x_wconf 83' lang='lat' dir='ltr'>quae</span> <span class='ocrx_word' id='word_1_183' title='bbox 2128 3063 2310 3134; x_wconf 90' lang='lat' dir='ltr'>mihi</span> 
     </span>
     <span class='ocr_line' id='line_1_29' title="bbox 175 3166 2309 3269; baseline 0 -26"><span class='ocrx_word' id='word_1_184' title='bbox 175 3196 451 3269; x_wconf 64' lang='lat' dir='ltr'>magnae</span> <span class='ocrx_word' id='word_1_185' title='bbox 476 3168 817 3239; x_wconf 83' lang='lat' dir='ltr'>molestiae</span> <span class='ocrx_word' id='word_1_186' title='bbox 840 3166 1011 3256; x_wconf 86' lang='lat' dir='ltr'>fuit;</span> <span class='ocrx_word' id='word_1_187' title='bbox 1042 3168 1243 3267; x_wconf 92' lang='lat' dir='ltr'>quod</span> <span class='ocrx_word' id='word_1_188' title='bbox 1268 3169 1358 3240; x_wconf 90' lang='lat' dir='ltr'>ad</span> <span class='ocrx_word' id='word_1_189' title='bbox 1388 3184 1458 3240; x_wconf 93' lang='lat' dir='ltr'>te</span> <span class='ocrx_word' id='word_1_190' title='bbox 1486 3170 1830 3266; x_wconf 91' lang='lat' dir='ltr'>scriptum</span> <span class='ocrx_word' id='word_1_191' title='bbox 1862 3184 1969 3240; x_wconf 89' lang='lat' dir='ltr'>est</span> <span class='ocrx_word' id='word_1_192' title='bbox 1994 3195 2034 3240; x_wconf 91' lang='lat' dir='ltr'>a</span> <span class='ocrx_word' id='word_1_193' title='bbox 2061 3173 2309 3244; x_wconf 88' lang='lat' dir='ltr'>Cincio</span> 
     </span>
     <span class='ocr_line' id='line_1_30' title="bbox 178 3279 2416 3376; baseline 0 -23"><span class='ocrx_word' id='word_1_194' title='bbox 178 3282 268 3353; x_wconf 92' lang='lat' dir='ltr'>de</span> <span class='ocrx_word' id='word_1_195' title='bbox 322 3281 526 3352; x_wconf 88' lang='lat' dir='ltr'>Statii</span> <span class='ocrx_word' id='word_1_196' title='bbox 580 3304 963 3351; x_wconf 89' lang='lat' dir='ltr'>sermone:</span> <span class='ocrx_word' id='word_1_197' title='bbox 1017 3280 1094 3348; x_wconf 92' lang='lat' dir='ltr'>in</span> <span class='ocrx_word' id='word_1_198' title='bbox 1144 3305 1294 3376; x_wconf 90' lang='lat' dir='ltr'>quo</span> <span class='ocrx_word' id='word_1_199' title='bbox 1345 3279 1485 3350; x_wconf 91' lang='lat' dir='ltr'>hoc</span> <span class='ocrx_word' id='word_1_200' title='bbox 1528 3279 2113 3351; x_wconf 87' lang='lat' dir='ltr'>molestissimum</span> <span class='ocrx_word' id='word_1_201' title='bbox 2159 3298 2312 3368; x_wconf 91' lang='lat' dir='ltr'>est,</span> <span class='ocrx_word' id='word_1_202' title='bbox 2411 3290 2416 3293; x_wconf 80' lang='grc'><strong>’</strong></span> 
     </span>
     <span class='ocr_line' id='line_1_31' title="bbox 179 3389 2306 3489; baseline 0 -26"><span class='ocrx_word' id='word_1_203' title='bbox 179 3396 485 3489; x_wconf 75' lang='lat' dir='ltr'>Statium</span> <span class='ocrx_word' id='word_1_204' title='bbox 522 3390 802 3478; x_wconf 83' lang='lat' dir='ltr'>dicere,</span> <span class='ocrx_word' id='word_1_205' title='bbox 843 3415 884 3461; x_wconf 91' lang='lat' dir='ltr'>a</span> <span class='ocrx_word' id='word_1_206' title='bbox 920 3415 1036 3461; x_wconf 90' lang='lat' dir='ltr'>me</span> <span class='ocrx_word' id='word_1_207' title='bbox 1074 3414 1370 3487; x_wconf 91' lang='lat' dir='ltr'>quoque</span> <span class='ocrx_word' id='word_1_208' title='bbox 1411 3389 1487 3459; x_wconf 91' lang='lat' dir='ltr'>id</span> <span class='ocrx_word' id='word_1_209' title='bbox 1524 3389 1906 3460; x_wconf 88' lang='lat' dir='ltr'>consilium</span> <span class='ocrx_word' id='word_1_210' title='bbox 1933 3402 1951 3433; x_wconf 89' lang='lat'><em>¹</em></span> <span class='ocrx_word' id='word_1_211' title='bbox 1995 3391 2306 3488; x_wconf 86' lang='lat' dir='ltr'>probari.</span> 
     </span>
     <span class='ocr_line' id='line_1_32' title="bbox 178 3494 2309 3575; baseline 0 -1"><span class='ocrx_word' id='word_1_212' title='bbox 178 3502 477 3575; x_wconf 90' lang='lat' dir='ltr'>Probari</span> <span class='ocrx_word' id='word_1_213' title='bbox 526 3503 815 3572; x_wconf 81' lang='lat' dir='ltr'>autem?</span> <span class='ocrx_word' id='word_1_214' title='bbox 868 3499 958 3571; x_wconf 91' lang='lat' dir='ltr'>de</span> <span class='ocrx_word' id='word_1_215' title='bbox 1016 3502 1154 3571; x_wconf 90' lang='lat' dir='ltr'>isto</span> <span class='ocrx_word' id='word_1_216' title='bbox 1214 3499 1585 3570; x_wconf 88' lang='lat' dir='ltr'>hactenus.</span> <span class='ocrx_word' id='word_1_217' title='bbox 1642 3494 1980 3570; x_wconf 57' lang='lat' dir='ltr'>Dixerim&#39;</span> <span class='ocrx_word' id='word_1_218' title='bbox 2019 3526 2136 3573; x_wconf 91' lang='lat' dir='ltr'>me</span> <span class='ocrx_word' id='word_1_219' title='bbox 2197 3505 2309 3575; x_wconf 88' lang='lat' dir='ltr'>vel</span> 
     </span>
     <span class='ocr_line' id='line_1_33' title="bbox 177 3609 2306 3712; baseline 0.001 -30"><span class='ocrx_word' id='word_1_220' title='bbox 177 3613 535 3712; x_wconf 80' lang='lat' dir='ltr'>plurima²</span> <span class='ocrx_word' id='word_1_221' title='bbox 573 3610 807 3681; x_wconf 84' lang='lat' dir='ltr'>vincla</span> <span class='ocrx_word' id='word_1_222' title='bbox 844 3625 1084 3683; x_wconf 88' lang='lat' dir='ltr'>tecum</span> <span class='ocrx_word' id='word_1_223' title='bbox 1120 3634 1416 3680; x_wconf 83' lang='lat' dir='ltr'>summae</span> <span class='ocrx_word' id='word_1_224' title='bbox 1452 3609 1988 3705; x_wconf 87' lang='lat' dir='ltr'>conjunctionis</span> <span class='ocrx_word' id='word_1_225' title='bbox 2019 3628 2306 3710; x_wconf 89' lang='lat' dir='ltr'>optare:</span> 
     </span>
     <span class='ocr_line' id='line_1_34' title="bbox 180 3717 2308 3822; baseline 0.001 -27"><span class='ocrx_word' id='word_1_226' title='bbox 180 3724 316 3795; x_wconf 92' lang='lat' dir='ltr'>etsi</span> <span class='ocrx_word' id='word_1_227' title='bbox 342 3736 510 3794; x_wconf 90' lang='lat' dir='ltr'>sunt</span> <span class='ocrx_word' id='word_1_228' title='bbox 532 3717 560 3763; x_wconf 84' lang='lat'>³</span> <span class='ocrx_word' id='word_1_229' title='bbox 596 3722 858 3792; x_wconf 91' lang='lat' dir='ltr'>amoris</span> <span class='ocrx_word' id='word_1_230' title='bbox 885 3721 1274 3792; x_wconf 88' lang='lat' dir='ltr'>arctissima</span> <span class='ocrx_word' id='word_1_231' title='bbox 1306 3747 1322 3790; x_wconf 71' lang='grc' dir='ltr'>ε</span> <span class='ocrx_word' id='word_1_232' title='bbox 1363 3735 1645 3791; x_wconf 89' lang='lat' dir='ltr'>tantum</span> <span class='ocrx_word' id='word_1_233' title='bbox 1678 3719 1916 3809; x_wconf 88' lang='lat' dir='ltr'>abest,</span> <span class='ocrx_word' id='word_1_234' title='bbox 1951 3737 2032 3793; x_wconf 93' lang='lat' dir='ltr'>ut</span> <span class='ocrx_word' id='word_1_235' title='bbox 2062 3749 2195 3822; x_wconf 84' lang='lat' dir='ltr'>ego</span> <span class='ocrx_word' id='word_1_236' title='bbox 2223 3751 2308 3821; x_wconf 63' lang='grc' dir='ltr'>εις</span> 
     </span>
    </p>
   </div>
   <div class='ocr_carea' id='block_1_14' title="bbox 176 3870 2307 4093">
    <p class='ocr_par' dir='ltr' id='par_1_14' title="bbox 176 3870 2307 4093">
     <span class='ocr_line' id='line_1_35' title="bbox 261 3870 2303 3936; baseline 0.003 -15"><span class='ocrx_word' id='word_1_237' title='bbox 261 3890 304 3921; x_wconf 81' lang='lat' dir='ltr'>t.</span> <span class='ocrx_word' id='word_1_238' title='bbox 333 3872 400 3919; x_wconf 78' lang='lat' dir='ltr'>ld</span> <span class='ocrx_word' id='word_1_239' title='bbox 421 3870 693 3920; x_wconf 77' lang='lat' dir='ltr'>consilium.</span> <span class='ocrx_word' id='word_1_240' title='bbox 730 3872 998 3920; x_wconf 83' lang='lat' dir='ltr'>Consilium</span> <span class='ocrx_word' id='word_1_241' title='bbox 1024 3872 1199 3935; x_wconf 85' lang='lat' dir='ltr'>Quinti</span> <span class='ocrx_word' id='word_1_242' title='bbox 1286 3872 1439 3921; x_wconf 73' lang='lat' dir='ltr'>causa</span> <span class='ocrx_word' id='word_1_243' title='bbox 1468 3888 1569 3919; x_wconf 84' lang='lat' dir='ltr'>non</span> <span class='ocrx_word' id='word_1_244' title='bbox 1596 3873 1710 3919; x_wconf 77' lang='lat' dir='ltr'>satis</span> <span class='ocrx_word' id='word_1_245' title='bbox 1741 3872 1793 3919; x_wconf 88' lang='lat' dir='ltr'>in</span> <span class='ocrx_word' id='word_1_246' title='bbox 1817 3883 2064 3936; x_wconf 84' lang='lat' dir='ltr'>promptu.</span> <span class='ocrx_word' id='word_1_247' title='bbox 2085 3877 2134 3923; x_wconf 87' lang='lat' dir='ltr'>J.</span> <span class='ocrx_word' id='word_1_248' title='bbox 2156 3879 2217 3926; x_wconf 79' lang='lat' dir='ltr'>V.</span> <span class='ocrx_word' id='word_1_249' title='bbox 2249 3880 2303 3927; x_wconf 90' lang='lat' dir='ltr'>L.</span> 
     </span>
     <span class='ocr_line' id='line_1_36' title="bbox 181 3949 2303 4014; baseline 0.002 -13"><span class='ocrx_word' id='word_1_250' title='bbox 181 3953 343 4001; x_wconf 80' lang='lat' dir='ltr'>fratris</span> <span class='ocrx_word' id='word_1_251' title='bbox 361 3951 422 3998; x_wconf 82' lang='lat' dir='ltr'>de</span> <span class='ocrx_word' id='word_1_252' title='bbox 436 3949 719 3998; x_wconf 84' lang='lat' dir='ltr'>dimittenda</span> <span class='ocrx_word' id='word_1_253' title='bbox 734 3951 1026 4014; x_wconf 74' lang='lat' dir='ltr'>Pomponia,</span> <span class='ocrx_word' id='word_1_254' title='bbox 1049 3950 1201 3999; x_wconf 78' lang='lat' dir='ltr'>Attici</span> <span class='ocrx_word' id='word_1_255' title='bbox 1363 3952 1409 3999; x_wconf 88' lang='grc'>3.</span> <span class='ocrx_word' id='word_1_256' title='bbox 1438 3951 1519 3997; x_wconf 90' lang='lat' dir='ltr'>Sic</span> <span class='ocrx_word' id='word_1_257' title='bbox 1555 3949 1634 3999; x_wconf 81' lang='lat' dir='ltr'>ed.</span> <span class='ocrx_word' id='word_1_258' title='bbox 1679 3952 1710 3997; x_wconf 88' lang='lat' dir='ltr'>J</span> <span class='ocrx_word' id='word_1_259' title='bbox 1715 3966 1880 3997; x_wconf 79' lang='lat' dir='ltr'>enson.</span> <span class='ocrx_word' id='word_1_260' title='bbox 1905 3961 1997 4000; x_wconf 81' lang='lat' dir='ltr'>etc.</span> <span class='ocrx_word' id='word_1_261' title='bbox 2038 3955 2129 4002; x_wconf 89' lang='lat' dir='ltr'>Ed.</span> <span class='ocrx_word' id='word_1_262' title='bbox 2154 3958 2303 4006; x_wconf 79' lang='lat' dir='ltr'>Rom.</span> 
     </span>
     <span class='ocr_line' id='line_1_37' title="bbox 176 4029 2307 4093; baseline -0.002 -12"><span class='ocrx_word' id='word_1_263' title='bbox 176 4048 364 4081; x_wconf 78' lang='lat' dir='ltr'>sorore.</span> <span class='ocrx_word' id='word_1_264' title='bbox 384 4031 566 4078; x_wconf 76' lang='lat' dir='ltr'>Statius</span> <span class='ocrx_word' id='word_1_265' title='bbox 589 4040 748 4078; x_wconf 78' lang='lat' dir='ltr'>autem</span> <span class='ocrx_word' id='word_1_266' title='bbox 775 4031 949 4093; x_wconf 84' lang='lat' dir='ltr'>Quinti</span> <span class='ocrx_word' id='word_1_267' title='bbox 980 4029 1199 4078; x_wconf 79' lang='lat' dir='ltr'>libertus.</span> <span class='ocrx_word' id='word_1_268' title='bbox 1289 4030 1415 4089; x_wconf 78' lang='lat' dir='ltr'>sint,</span> <span class='ocrx_word' id='word_1_269' title='bbox 1452 4029 1588 4092; x_wconf 86' lang='lat' dir='ltr'>quod</span> <span class='ocrx_word' id='word_1_270' title='bbox 1627 4031 1789 4077; x_wconf 77' lang='lat' dir='ltr'>Graev.</span> <span class='ocrx_word' id='word_1_271' title='bbox 1819 4042 2061 4093; x_wconf 84' lang='lat' dir='ltr'>repertum</span> <span class='ocrx_word' id='word_1_272' title='bbox 2102 4034 2154 4080; x_wconf 88' lang='lat' dir='ltr'>iu</span> <span class='ocrx_word' id='word_1_273' title='bbox 2182 4034 2307 4082; x_wconf 76' lang='lat' dir='ltr'>MSS</span> 
     </span>
    </p>
   </div>
   <div class='ocr_carea' id='block_1_15' title="bbox 179 4109 2304 4250">
    <p class='ocr_par' dir='ltr' id='par_1_15' title="bbox 179 4109 2304 4250">
     <span class='ocr_line' id='line_1_38' title="bbox 179 4109 2304 4174; baseline 0.001 -16"><span class='ocrx_word' id='word_1_274' title='bbox 179 4113 337 4159; x_wconf 55' lang='lat' dir='ltr'>Man.</span> <span class='ocrx_word' id='word_1_275' title='bbox 1290 4110 1389 4157; x_wconf 79' lang='lat' dir='ltr'>suis</span> <span class='ocrx_word' id='word_1_276' title='bbox 1410 4109 1617 4173; x_wconf 84' lang='lat' dir='ltr'>recepit,</span> <span class='ocrx_word' id='word_1_277' title='bbox 1639 4121 1767 4157; x_wconf 83' lang='lat' dir='ltr'>recte</span> <span class='ocrx_word' id='word_1_278' title='bbox 1789 4109 2098 4174; x_wconf 85' lang='lat' dir='ltr'>improbante</span> <span class='ocrx_word' id='word_1_279' title='bbox 2117 4115 2304 4165; x_wconf 65' lang='lat' dir='ltr'>Erneat.</span> 
     </span>
     <span class='ocr_line' id='line_1_39' title="bbox 259 4188 1506 4250; baseline -0.002 -12"><span class='ocrx_word' id='word_1_280' title='bbox 259 4206 309 4238; x_wconf 80' lang='lat' dir='ltr'>a.</span> <span class='ocrx_word' id='word_1_281' title='bbox 352 4188 586 4238; x_wconf 73' lang='lat' dir='ltr'>Plurima.</span> <span class='ocrx_word' id='word_1_282' title='bbox 623 4191 795 4237; x_wconf 75' lang='lat' dir='ltr'>Ernest</span> <span class='ocrx_word' id='word_1_283' title='bbox 839 4188 1001 4236; x_wconf 82' lang='lat' dir='ltr'>mallet</span> <span class='ocrx_word' id='word_1_284' title='bbox 1040 4188 1202 4250; x_wconf 80' lang='lat' dir='ltr'>plura.</span> <span class='ocrx_word' id='word_1_285' title='bbox 1292 4190 1338 4237; x_wconf 81' lang='lat' dir='ltr'>J.</span> <span class='ocrx_word' id='word_1_286' title='bbox 1370 4190 1431 4236; x_wconf 88' lang='lat' dir='ltr'>V.</span> <span class='ocrx_word' id='word_1_287' title='bbox 1454 4189 1506 4236; x_wconf 76' lang='lat'>1..</span> 
     </span>
    </p>
   </div>
   <div class='ocr_carea' id='block_1_16' title="bbox 1911 4275 2020 4367">
    <p class='ocr_par' dir='ltr' id='par_1_16' title="bbox 1911 4275 2020 4367">
     <span class='ocr_line' id='line_1_40' title="bbox 1911 4275 2020 4367; baseline -0.028 -22"><span class='ocrx_word' id='word_1_288' title='bbox 1911 4275 2020 4367; x_wconf 78' lang='lat'>39.</span> 
     </span>
    </p>
   </div>
  </div>
 </body>
</html>
