3023 4773
508 396 1025 468 EPISTOLAE
1070 399 1206 466 AD
1250 397 1737 481 ATTICUM,
1785 395 1946 480 111,
1999 417 2104 462 ιο.
2218 393 2358 488 437

255 519 532 590 luctum
566 516 1120 616 squaloremque
1147 515 1588 616 adspicerem
1605 571 1625 604 ,
1654 532 1778 588 aut
1803 541 1921 588 me
1941 571 1962 604 ,
1991 537 2210 613 quem
2244 516 2365 587 ille

258 628 841 700 florentissimum
873 626 1259 724 reliquerat
1280 683 1300 716 ,
1336 625 1700 724 perditum
1735 626 1834 697 illi
1879 625 2369 723 afflictumque

258 737 617 810 offerrem.
662 739 873 809 Mitto
908 753 1143 808 cetera
1175 735 1672 809 intolerabilia.
1709 738 1988 806 Etenim
2020 734 2197 807 fletu
2234 738 2371 805 im-

256 847 537 945 pedior.
590 849 720 919 Hic
778 862 1024 918 utrum
1078 845 1373 918 tandem
1422 868 1584 916 sum
1626 842 2066 917 accusandus
2092 896 2112 930 ,
2166 843 2367 939 quod

258 955 506 1042 doleo;
533 981 658 1043 an,
700 955 902 1053 quod
939 956 1304 1043 commisi,
1340 968 1424 1026 ut
1462 954 1614 1025 haec
1653 967 1779 1024 aut
1802 975 1954 1023 non
1992 952 2376 1023 retinerem

257 1064 507 1161 (quod
542 1064 746 1137 facile
779 1065 1066 1148 fuisset,
1092 1066 1228 1135 nisi
1256 1066 1444 1135 intra
1469 1065 1778 1161 parietes
1808 1060 2055 1133 meos³
2090 1060 2181 1133 de
2217 1085 2376 1131 mea

258 1178 577 1271 pernicie
618 1174 912 1246 consilia
945 1173 1384 1270 inirent-ur),
1428 1189 1554 1245 aut
1588 1188 1782 1245 certe
1821 1173 2078 1244 vivus⁴
2128 1196 2326 1242 nunc
2347 1166 2378 1213 ⁵

261 1284 711 1355 amitterem?
752 1287 918 1355 Haec
964 1307 1053 1354 eo
1092 1285 1379 1381 scripsi,
1422 1297 1507 1353 ut
1541 1282 1784 1380 potius
1821 1280 2175 1352 relevares
2219 1303 2335 1350 me
2359 1332 2379 1366 ‚

258 1390 460 1488 quod
502 1389 710 1480 facis,
744 1415 964 1489 quam
991 1406 1118 1462 aut
1152 1392 1616 1488 castigatione
1641 1446 1662 1475 ,
1703 1404 1830 1462 aut
1873 1390 2378 1486 objurgatione

260 1500 557 1598 dignum
612 1516 900 1598 putares
940 1529 957 1571 ε
1009 1526 1243 1598 eoque
1292 1501 1383 1573 ad
1420 1515 1493 1573 te
1534 1501 1780 1572 minus
1818 1498 2048 1570 multa
2099 1497 2335 1570 scribo
2357 1552 2376 1586 ,

261 1610 461 1708 quod
489 1625 560 1682 et
582 1634 894 1682 moerore
919 1610 1298 1709 impedior,
1323 1625 1417 1698 et,
1437 1607 1683 1707 quod⁶
1710 1622 2118 1706 exspectem
2147 1609 2380 1693 istim,

259 1719 484 1816 magis
510 1717 747 1790 habeo
763 1773 782 1806 ,
812 1744 1030 1816 quam
1056 1719 1255 1815 quod
1275 1730 1300 1774 ⁷
1341 1722 1494 1817 ipse
1518 1718 1846 1791 scribam.
1873 1722 2050 1808 Quae
2082 1718 2142 1788 si
2164 1730 2378 1789 erunt

260 1828 468 1899 allata
491 1883 510 1917 ,
546 1826 799 1900 faciam
831 1843 902 1899 te
933 1830 1213 1900 consilii
1245 1833 1474 1900 nostri
1514 1831 1915 1901 certiorem.
1954 1833 2098 1914 Tu,
2132 1841 2215 1897 ut
2252 1826 2381 1897 ad-

260 1937 409 2009 huc
433 1936 697 2025 fecisti,
727 1961 945 2033 quam
974 1937 1299 2035 plurimis
1324 1937 1414 2009 de
1448 1938 1669 2010 rebus
1701 1937 1792 2010 ad
1817 1964 1934 2012 me
1969 1938 2184 2010 velim
2213 1939 2380 2010 scri-

257 2047 428 2133 bas;
453 2061 535 2117 ut
568 2071 867 2144 prorsus
898 2072 989 2119 ne
1025 2046 1204 2142 quid
1236 2051 1583 2145 ignorem.
1621 2053 1782 2119 Dat.
1801 2073 1957 2119 11111
1978 2047 2118 2120 kal.
2149 2050 2379 2145 quint.

257 2155 800 2230 Thessalonicae.

332 2328 384 2375 3.
412 2327 778 2393 Inerapatt'eoes
803 2342 950 2377 meos.
975 2327 1056 2376 Ab
1082 2328 1170 2388 iis,
1192 2328 1279 2393 qui
1364 2344 1460 2394 que
1510 2331 1615 2377 nou
1659 2327 1854 2376 defendi
1872 2361 1889 2389 ,
1933 2338 2017 2376 aut
2058 2329 2194 2394 quod
2236 2332 2376 2379 vivus

258 2421 338 2453 me
359 2406 641 2470 quotidiam
664 2406 944 2456 assiduitate
970 2407 1279 2456 insidiosissi-
1363 2408 1526 2465 amisi,
1553 2419 1601 2455 et
1621 2424 1723 2456 nou
1751 2424 1861 2455 cum
1880 2407 1977 2455 vita
2000 2408 2143 2457 simul
2164 2411 2376 2475 perdidi.

260 2500 340 2531 me
364 2495 662 2534 tractarunt:
686 2496 740 2533 ut
764 2485 1076 2544 Hortensius,
1105 2497 1160 2534 ut
1184 2488 1278 2535 Ar-
1364 2488 1565 2535 Pons.

260 2562 382 2613 rius.
402 2563 531 2619 Vide
552 2564 614 2611 ad
638 2567 699 2626 Q.
720 2567 798 2614 Fr.
820 2563 905 2612 lib.
923 2567 973 2622 1,
1001 2567 1052 2613 3.
1069 2566 1218 2613 Man.
1436 2566 1485 2615 5.
1511 2563 1673 2616 codd.
1700 2581 1799 2630 reg.
1826 2582 1940 2613 non.
1965 2569 1998 2615 J
2002 2601 2017 2615 .
2032 2569 2101 2616 V.
2119 2569 2176 2617 1..

337 2650 388 2698 4.
414 2642 576 2692 Vivus.
596 2643 819 2701 Peccavi‚
838 2643 1025 2706 iuquit,
1041 2655 1126 2692 aut
1142 2643 1276 2707 quod
1433 2644 1485 2692 6.
1509 2645 1639 2704 Alii,
1666 2646 1799 2710 quid.
1825 2649 1875 2695 J.
1896 2650 1961 2695 V.
1982 2649 2037 2697 L.

262 2720 546 2786 dignitatem
570 2732 621 2770 et
646 2723 865 2770 fortunas
884 2739 1012 2770 meas
1038 2723 1089 2769 vi
1110 2723 1275 2771 armis-
1437 2739 1488 2782 7.
1517 2723 1617 2772 Alii
1632 2757 1649 2783 ‚
1676 2724 1812 2788 quid.
1839 2727 1872 2773 J
1876 2758 1889 2772 .
1912 2728 1974 2775 V.
1998 2728 2053 2775 L.

266 2893 1465 2916 mmmmmmm
1835 2894 2013 2918 Μ

910 3057 1519 3137 EPISTOLA
1570 3058 1720 3137 XI.

263 3218 479 3278 Scribit
518 3239 579 3278 se
614 3218 806 3278 adhuc
835 3220 1259 3280 Thessalonicae
1296 3221 1557 3295 retineri3
1599 3221 1780 3281 Attici
1822 3240 2061 3301 operam
2098 3222 2158 3280 in
2199 3242 2261 3281 se
2290 3223 2384 3299 ju-

343 3315 537 3374 vando
590 3315 893 3395 implorat,
949 3315 1411 3394 objurgationem
1469 3317 1835 3397 deprecatur.
1900 3322 1923 3391 (
1934 3318 2388 3391 Thessalonicae,

343 3433 496 3472 anuo
522 3417 596 3475 U.
616 3418 678 3475 C.
700 3415 843 3491 695,
882 3434 1077 3473 meuse
1096 3412 1306 3492 junio.)

940 3601 1250 3666 CICERO
1296 3601 1602 3665 ATTICO
1649 3603 1712 3666 S.

363 3739 483 3807 ΜΕ
510 3751 581 3807 et
610 3752 745 3807 tuae
781 3738 1002 3810 literae
1021 3794 1041 3827 ,
1079 3753 1152 3810 et
1185 3736 1480 3836 quidam
1510 3738 1690 3810 boni
1718 3743 1990 3828 nuntii,
2025 3765 2179 3813 non
2202 3747 2389 3842 opti-

266 3846 405 3916 mis
442 3860 683 3918 tamen
718 3847 1171 3935 auctoribuS‚
1210 3864 1285 3920 et
1322 3850 1760 3946 exspectatio
1795 3866 2192 3924 vestrarum
2230 3854 2388 3928 lite-

264 3980 507 4025 rarum
529 4012 548 4046 ,
579 3971 650 4028 et
678 3958 877 4054 quod
910 3958 1041 4029 tibi
1068 3960 1164 4029 ita
1187 3959 1590 4056 placuerat,
1620 3958 1856 4032 adhuc
1876 3962 2392 4037 Thessalonicae

268 4064 643 4139 tenebant.
679 4069 752 4138 Si
793 4093 1141 4167 accepero
1175 4071 1412 4143 literas
1434 4124 1456 4160 ,
1490 4092 1672 4167 quas
1709 4090 2083 4172 exspecto,
2121 4078 2181 4150 si
2227 4101 2398 4175 spes
