3023 4773
741 414 921 514 594ἱ
1378 420 1475 486 M.
1527 419 1602 486 T.
1657 419 2217 490 CICERONIS

739 539 1093 640 quidquid
1129 542 1365 638 potuit
1402 538 1826 628 detraxerit,
1877 540 2050 610 mihi
2093 540 2463 613 tradiderit
2498 559 2849 628 enectam,

739 650 1379 744 προσανατρεφομένην
1404 655 1465 688 ¹⁰
1501 667 1659 716 eam
1699 672 1739 717 a
1782 671 1899 717 me
1931 671 2083 718 non
2123 649 2433 720 libenter
2461 649 2703 740 videt3
2740 651 2866 724 sedo

738 756 961 827 modo
1000 768 1409 842 succenset,
1453 755 1672 826 modo
1714 760 1972 853 gratias
2003 761 2167 855 agit.
2207 758 2402 832 Nihil
2434 761 2635 831 enim
2668 786 2710 831 a
2746 785 2852 831 me

738 867 822 938 fit
857 891 1024 938 cum
1061 866 1205 936 nlla
1229 866 1419 934 illius
1455 867 1910 936 contumelia.
1940 869 2474 940 Tantummodo
2501 868 2855 940 dissimili·

738 977 918 1047 tudo
944 1001 1117 1047 meae
1135 976 1428 1046 rationis
1447 973 1749 1045 offendit
1770 974 2156 1048 hominem.
2188 979 2382 1068 Quid
2404 981 2601 1050 enim
2626 995 2856 1078 potest

741 1110 894 1158 esse
936 1101 1080 1157 tam
1123 1083 1497 1170 dissimile,
1557 1105 1776 1181 quam
1825 1086 1951 1156 illo
1990 1088 2387 1184 imperante
2441 1091 2852 1160 exhaustam

739 1221 891 1267 esse
945 1192 1350 1290 sumptibus
1407 1207 1479 1262 et
1530 1194 1826 1286 jacturis
1878 1197 2363 1293 provinciam3
2425 1197 2644 1268 nohis
2704 1222 2853 1269 eam

736 1304 1269 1391 obtinentibuS,
1322 1326 1704 1373 nummum
1760 1306 2040 1375 nullum
2098 1331 2247 1378 esse
2296 1324 2680 1403 erogatum
2729 1333 2856 1379 nec

735 1417 1099 1514 privatim,
1136 1437 1272 1484 nec
1322 1411 1661 1511 publice?
1696 1415 1889 1504 Quid
1938 1413 2171 1487 dicam
2223 1416 2313 1489 de
2367 1418 2560 1490 illius
2607 1418 2855 1517 praefe-

735 1530 866 1598 ctis
889 1527 919 1595 Ξ)
946 1524 1379 1598 comitibus?
1422 1524 1718 1620 legatis?
1758 1526 1967 1596 etiam
2018 1524 2109 1597 de
2145 1530 2461 1625 rapinis?
2493 1529 2590 1600 de
2619 1529 2855 1600 libidi-

734 1635 995 1707 nibus?
1017 1634 1107 1705 de
1129 1636 1583 1706 contumeliis
1605 1635 1633 1702 Ξ)
1659 1637 1870 1706 Nunc
1889 1647 2130 1707 autem
2156 1638 2416 1709 domus
2442 1639 2857 1711 mehercule

730 1748 930 1818 nulla
964 1761 1166 1817 tanto
1202 1746 1533 1825 consilio,
1575 1758 1699 1815 aut
1734 1758 1933 1816 tanta
1970 1745 2341 1844 disciplina
2373 1748 2857 1844 gubernatur,

732 1873 856 1929 aut
890 1867 1033 1928 tam
1070 1856 1392 1927 modesta
1434 1869 1574 1943 est,
1612 1879 1833 1951 quam
1876 1870 2118 1926 nostra
2154 1871 2304 1929 tota
2336 1861 2736 1955 provincia.

827 1969 1055 2037 Hoec¹¹
1078 1962 1416 2035 nonnulli
1449 1966 1654 2034 amici
1685 1965 1889 2062 Appii
1915 1963 2213 2036 ridicule
2247 1969 2857 2065 interpretantur:

729 2080 857 2175 qui
896 2101 1013 2148 me
1057 2075 1325 2146 idcirco
1358 2087 1619 2172 putent
1648 2073 1836 2146 bene
1874 2074 2118 2146 audire
2147 2076 2359 2164 velle,
2390 2092 2472 2148 ut
2511 2078 2638 2150 ille
2679 2083 2860 2152 male

729 2186 1010 2273 audiat,
1064 2199 1135 2255 et
1177 2195 1371 2255 recte
1412 2183 1680 2270 facere,
1737 2207 1886 2255 non
1944 2210 2115 2256 rneae
2168 2187 2426 2274 laudis,
2481 2188 2614 2259 sed
2670 2190 2862 2262 illius

729 2296 1181 2369 contumeliae
1227 2317 1457 2365 causa.
1500 2296 1624 2364 Sin
1669 2296 1975 2393 AppiuS,
2026 2311 2102 2366 ut
2142 2301 2338 2368 Bruti
2381 2296 2639 2382 literae,
2677 2327 2862 2398 quas

727 2406 814 2477 ad
846 2418 917 2476 te
938 2408 1200 2490 misi¹²,
1225 2401 1753 2500 significabant,
1785 2408 2040 2501 gratias
2065 2406 2275 2479 nobis
2299 2412 2480 2506 agit,
2514 2434 2672 2480 non
2707 2436 2861 2484 mo-

726 2518 898 2588 leste
924 2515 1079 2586 fero
1113 2541 1128 2583 :
1164 2512 1288 2584 sed
1316 2527 1552 2585 tamen
1590 2541 1677 2586 eo
1706 2516 1856 2611 ipse
1886 2515 2030 2601 die,
2058 2543 2208 2612 quo
2238 2518 2388 2589 haec
2416 2534 2589 2590 ante
2619 2519 2861 2593 lucem

727 2624 1166 2706 scribebam,
1220 2622 1619 2720 cogitabam
1674 2626 1828 2719 ejus
1880 2626 2104 2696 multa
2154 2630 2402 2725 inique
2454 2636 2868 2704 constituta

723 2750 984 2810 et·acta
1020 2735 1296 2805 tollere.

820 2853 1033 2921 Nunc
1070 2846 1284 2916 venio
1330 2843 1416 2914 ad
1476 2849 1812 2927 Brutum,
1872 2871 2088 2943 quem
2143 2871 2277 2944 ego
2328 2852 2528 2919 omni
2576 2853 2873 2935 studio,

726 2975 799 3030 te
834 2972 1163 3041 auctore,
1203 2979 1361 3024 sum
1399 2952 1860 3050 complexus3
1893 2981 2114 3052 quem
2165 2958 2375 3028 etiam
2416 2985 2666 3032 amare
2721 2990 2872 3035 coe·

724 3090 971 3165 peram
1006 3092 1021 3133 z
1063 3063 1186 3134 sed
1210 3060 1303 3148 ¹3,
1346 3061 1560 3134 dico?
1594 3066 1921 3134 revocavi
1955 3091 2100 3152 me,
2138 3091 2228 3137 ne
2264 3082 2335 3137 te
2372 3066 2874 3145 offenderem.

723 3175 890 3248 Noli
923 3176 1111 3246 enim
1152 3185 1443 3270 putare,
1487 3198 1602 3243 me
1641 3175 2036 3272 quidquam
2074 3175 2441 3264 maluisse,
2481 3205 2762 3274 quam,
2798 3201 2879 3256 ut

725 3284 1015 3357 mandat
1065 3285 1156 3366 is,
1208 3280 1564 3367 facerem,
1603 3308 1737 3356 nec
1789 3284 1934 3355 ulla
1980 3285 2071 3355 de
2123 3311 2203 3356 re
2249 3286 2411 3384 plus
2458 3288 2878 3367 laborasse.

720 3394 1225 3468 Mandatorum
1282 3406 1522 3463 autem
1574 3393 1749 3464 mihi
1809 3393 2134 3466 libellum
2171 3395 2407 3484 dedit3
2443 3399 2882 3502 iisdemque

796 3606 872 3638 xo.
891 3585 1414 3654 Προσανατριφομίνην.
1430 3584 1731 3634 Recreatam.
1821 3586 1874 3633 in
1899 3603 1994 3651 qna
2012 3604 2170 3635 secum
2194 3590 2360 3638 nescIo
2386 3591 2510 3654 quid
2539 3597 2787 3658 cogitare
2804 3601 2884 3646 vi·

798 3685 817 3715 1
832 3685 876 3715 1.
901 3670 1022 3716 Haec
1050 3678 1141 3730 pro
1168 3662 1296 3711 ham:
1337 3664 1481 3712 habet
1505 3665 1734 3728 antiquus
1824 3664 2025 3715 dentur:
2046 3678 2092 3714 et
2111 3684 2228 3716 mox
2245 3667 2399 3726 dicat,
2424 3674 2658 3721 revocavi
2677 3692 2797 3735 me,
2819 3694 2884 3725 ue

716 3745 873 3801 liber;
892 3745 1022 3792 etita
1042 3743 1235 3791 videtur
1257 3740 1533 3806 legendnm.
1550 3742 1732 3794 Unam.
1775 3774 1779 3778 Δ
1822 3744 2055 3807 dicerem,
2086 3748 2221 3811 quod
2248 3748 2468 3797 volebam
2484 3785 2499 3808 ‚
2531 3768 2595 3801 ue
2615 3766 2676 3802 te
2711 3756 2884 3804 offen-

798 3840 876 3873 ω.
911 3822 1042 3871 Male
1077 3825 1193 3871 Em.
1221 3833 1271 3870 et
1296 3823 1383 3886 qui
1399 3839 1506 3871 eum
1525 3838 1733 3887 sequuu-
1822 3825 2000 3876 det-em.
2025 3827 2186 3876 Conn-

600 3917 611 3930 ·
718 3911 813 3957 tur,
842 3903 983 3950 misit.
1004 3904 1053 3951 J.
1073 3904 1139 3949 V.
1169 3904 1225 3952 L.
1897 3914 1976 3961 ιζ.
2014 3906 2116 3954 Alii
2140 3908 2387 3971 corrigunt
2407 3944 2423 3967 ‚
2464 3921 2568 3957 «ut
2602 3912 2884 3961 mandatis

797 3988 817 4028 t
830 3980 876 4028 3.
902 3981 1014 4029 Sed.
1034 3980 1139 4044 Ego
1164 3981 1233 4028 sic
1250 3998 1420 4046 separo
1436 4018 1450 4041 ,
1468 3994 1527 4031 ut
1548 3982 1610 4031 sit
1627 3983 1730 4048 pri·
1817 3984 2137 4032 satisfacerem
2151 4007 2175 4026 ι·
2188 4020 2203 4044 ,
2220 3998 2268 4034 et
2285 3985 2336 4032 id
2355 3985 2554 4050 quidem
2574 4005 2645 4037 ex
2665 3991 2884 4056 aliquot

716 4076 851 4108 mum
874 4054 1219 4118 ἀποσιώπησις,
1239 4061 1323 4108 sed
1349 4079 1479 4131 nunc
1500 4063 1614 4120 odi,
1653 4064 1728 4111 vel
1818 4063 1943 4111 MSS
1964 4082 1977 4121 ;
2003 4062 2086 4112 alii
2102 4098 2116 4121 ,
2141 4086 2164 4107 ι
2181 4081 2324 4129 quam
2343 4065 2585 4115 mandatis
2605 4071 2884 4117 ntisfioe·

712 4155 815 4189 non
837 4136 1045 4199 ampliu·
1056 4152 1166 4185 amo
1180 4153 1194 4187 ε
1208 4138 1383 4188 deinde
1404 4140 1731 4209 δπανόρθωσις,
1820 4160 1921 4192 rea.
1945 4146 2115 4193 Erneat
2136 4146 2264 4205 conj.
2284 4145 2581 4204 mandatae,
2607 4159 2778 4211 atque
2799 4150 2886 4196 in·
