3023 4773
466 437 1001 506 EPISTOLAE
1055 439 1191 507 AD
1245 440 1755 526 ATTICUM‚
1794 441 1986 520 VII,
2045 466 2108 509 2.
2209 441 2347 537 647

232 554 617 652 triumpho.
661 555 800 626 Sed
853 570 1096 630 tamen
1145 559 1287 630 hoc
1321 559 1960 655 jucundissimum,
2004 561 2203 658 quod
2242 566 2355 633 in-

229 664 502 751 tellexi,
542 680 613 738 te
647 664 739 737 ad
777 692 945 739 eum
982 671 1299 756 venisse,
1352 684 1435 741 ut
1489 670 1644 763 ejus
1681 674 1998 740 animum
2041 695 2209 768 erga
2241 697 2361 743 me

230 777 688 874 perspiceres.
746 783 905 849 Hoc
966 780 1184 866 mihi,
1238 781 1573 876 inquam,
1628 779 1883 850 accidit
1931 780 2363 875 jucundissi-

229 908 448 958 mum.
468 891 577 959 De
602 887 978 986 triumpho
1004 903 1246 960 autem
1269 891 1468 961 nulla
1485 914 1600 960 me
1630 889 1985 986 cupiditas
2012 916 2355 988 umquam

217 998 462 1093 ,tenuit
497 1011 661 1069 ante
695 998 935 1069 Bibuli
977 999 1639 1097 impudentissimas
1679 1001 1954 1086 literas»,
1989 1026 2169 1097 quas
2208 1027 2361 1073 am-

231 1106 542 1203 plissima
582 1108 1015 1206 supplicatio
1044 1126 1498 1208 consequuta
1532 1127 1662 1212 est.
1694 1115 1753 1181 A
1778 1137 1928 1209 quo
1961 1115 2020 1182 si
2058 1137 2140 1184 ea
2167 1128 2364 1210 gesta

234 1233 512 1304 esseut,
569 1244 730 1316 quae
777 1221 1101 1318 scripsit;
1156 1221 1579 1318 gauderem,
1619 1238 1695 1294 et
1718 1222 1985 1293 honori
2010 1220 2360 1297 faverem:

231 1352 424 1401 nunc
468 1329 715 1414 illum,
765 1335 894 1427 qui
942 1327 1201 1427 pedem
1252 1347 1492 1430 porta,
1549 1332 1794 1429 quoad
1830 1332 2057 1403 hostis
2089 1335 2190 1404 cis
2217 1338 2364 1403 Eu-

232 1438 560 1536 phratem
604 1439 780 1527 fuit,
822 1466 973 1512 non
1025 1442 1398 1530 extulerit,
1453 1443 1734 1515 honore
1771 1445 2057 1539 augeri3
2091 1467 2246 1526 me,
2288 1445 2364 1513 in

231 1550 435 1641 cujus
462 1551 783 1619 exercitu
815 1572 1020 1646 spem
1058 1551 1246 1623 illius
1277 1556 1636 1625 exercitus
1671 1551 1959 1639 habuit,
1987 1552 2177 1625 idem
2215 1578 2365 1624 non

233 1662 543 1753 assequi,
587 1655 903 1729 dedecus
947 1674 1056 1731 est
1094 1678 1462 1750 nostrum,
1507 1676 1876 1750 nostrum,
1922 1666 2254 1759 inquam,
2297 1679 2368 1735 te

233 1768 683 1866 conjungens
701 1767 789 1847 ²4.
847 1773 1100 1867 ltaque
1154 1775 1392 1842 omnia
1429 1775 1800 1871 experiar3
1841 1787 1947 1860 et,
1988 1787 2072 1843 ut
2111 1797 2364 1870 spero,

232 1902 585 1975 assequar.
631 1877 849 1967 Quod
887 1881 945 1949 si
990 1895 1069 1951 tu
1105 1880 1411 1969 valeres,
1455 1882 1607 1977 jam
1646 1883 1825 1953 mihi
1871 1881 2199 1979 quaedam
2243 1908 2365 1953 ex-

234 1987 503 2084 plorata
538 2004 795 2059 essent.
836 1989 974 2060 Sed
997 2044 1017 2077 ,
1054 2005 1137 2061 ut
1165 2015 1412 2088 spero,
1446 1989 1738 2063 valebis.
1787 1995 1894 2063 De
1931 1989 2368 2061 raudusculo

231 2094 750 2168 Numeriano²⁵
775 2097 1086 2168 multum
1118 2115 1188 2170 te
1231 2124 1414 2171 amo.
1452 2105 1880 2172 Hortensius
1900 2098 1966 2144 ²⁶
2004 2101 2179 2197 quid
2205 2125 2369 2198 ege·

233 2206 357 2292 rit,
400 2230 577 2277 aveo
633 2209 854 2295 scire3
900 2211 1078 2280 Cato
1114 2211 1290 2307 quid
1335 2225 1496 2305 agat
1549 2237 1563 2277 ε
1615 2212 1743 2305 qui
1780 2210 2074 2306 quidem
2126 2213 2201 2280 in
2255 2236 2368 2283 me

235 2320 538 2416 tuxpiter
601 2316 737 2389 fuit
804 2318 1200 2392 malivolus
1251 2320 1468 2392 Dedit
1515 2321 1984 2418 integritatis,
2036 2322 2367 2415 justitiae,

235 2428 662 2517 clementiae,
695 2428 862 2501 fidei
893 2429 1070 2501 mihi
1111 2432 1641 2517 testimonium,
1672 2430 1871 2528 quod
1911 2455 2060 2501 non
2094 2455 2367 2528 quaere-

233 2537 396 2612 bam
424 2568 444 2625 ς
483 2540 685 2637 quod
714 2540 1206 2638 postulabam,
1243 2543 1316 2613 id
1352 2543 1639 2638 negavit
1659 2552 1748 2610 ²7.
1777 2545 2031 2638 Itaque
2055 2534 2363 2612 Caesar²⁸

234 2650 314 2721 iis
333 2652 554 2723 literis
572 2707 591 2738 ,
625 2652 895 2748 quibus
930 2652 1106 2722 mihi
1128 2650 1562 2749 gratulatur,
1590 2665 1663 2721 et
1689 2653 1930 2721 omnia
1956 2650 2362 2747 pollicetur,

208 2754 382 2857 'quo
409 2761 631 2833 modo
659 2765 965 2835 exsultat
1008 2763 1337 2846 Catonis,
1380 2765 1452 2830 in
1481 2786 1600 2832 me
1638 2762 2127 2857 ingratissimi,
2173 2758 2365 2853 inju-

234 2871 390 2939 ria?
431 2875 521 2940 At
557 2871 674 2940 hic
721 2871 911 2943 idem
961 2870 1220 2942 Bibulo
1270 2870 1553 2957 dierum
1605 2896 1722 2940 xx.
1783 2876 2084 2966 Ignosce
2125 2870 2295 2939 mihi
2345 2897 2362 2937 ε

234 3003 380 3051 non
419 3003 715 3077 possum
756 2979 907 3052 haec
951 2980 1169 3068 ferre,
1214 3006 1346 3052 nec
1389 2977 1632 3052 feram.
1688 2980 1925 3076 Cupio
1982 2979 2068 3050 ad
2111 3004 2364 3051 omnes

233 3104 389 3161 tuas
429 3090 803 3187 epistola53
840 3091 966 3162 sed
1005 3092 1178 3161 nihil
1223 3117 1513 3164 necesse
1550 3106 1678 3161 est.
1718 3095 1872 3161 Jam
1918 3093 2111 3161 enirn
2153 3105 2223 3161 te
2264 3095 2362 3159 vi·

235 3197 440 3270 deb0.
462 3199 647 3270 Illud
677 3214 919 3271 tamen
953 3199 1042 3270 de
1072 3201 1475 3300 Chrysippo
1507 3230 1524 3272 ε
1566 3204 1731 3271 nam
1765 3200 1853 3272 de
1883 3199 2108 3271 altero
2137 3211 2204 3258 ²9
2236 3200 2360 3270 illo

232 3310 472 3381 minus
512 3335 670 3381 sum
709 3309 1131 3397 admiratuS,
1176 3317 1507 3410 operario
1563 3311 1878 3382 homine.
1934 3310 2071 3382 Sed
2119 3325 2362 3381 tamen

233 3442 325 3490 ne
343 3419 468 3491 illo
495 3419 896 3517 quidquam
924 3419 1351 3518 improbius.
1384 3422 1870 3519 Chrysippum
1898 3446 2070 3491 vero
2088 3475 2106 3503 ,
2139 3445 2358 3516 quem

303 3622 384 3670 24.
404 3614 591 3661 Ernest.
618 3624 756 3678 putat
775 3630 944 3665 vocem
964 3612 1119 3676 illam,
1139 3632 1250 3664 con·
1408 3617 1496 3664 26.
1525 3618 1820 3664 Hortensius.
1848 3616 2024 3674 Filius,
2046 3616 2166 3679 quid
2185 3618 2363 3679 egerit,

217 3691 454 3760 jungens,
484 3709 588 3740 non
615 3710 717 3741 esse
742 3710 769 3741 a
796 3695 1059 3753 Cicerone,
1087 3694 1245 3742 malit·
1336 3696 1563 3743 nimirum
1584 3696 1644 3744 de
1665 3697 1907 3744 auctione.
1952 3697 2044 3759 Ep.
2067 3712 2169 3760 seq.
2194 3696 2356 3745 Coun.

229 3786 323 3835 que
362 3772 673 3836 contingens,
723 3784 778 3820 ut
821 3791 995 3839 supra,
1041 3775 1094 3833 1,
1154 3775 1246 3831 16,
1409 3789 1494 3835 27.
1527 3774 1607 3822 ΑΙ.
1636 3774 1730 3837 leg.
1759 3774 1959 3840 negavit
1982 3773 2049 3821 id.
2075 3775 2159 3823 Al.
2188 3774 2246 3822 id
2268 3775 2355 3823 de-

228 3871 254 3890 ·
272 3851 499 3915 contagio
524 3851 844 3915 turpitudinis
865 3875 908 3903 ω.
936 3856 986 3902 J.
1009 3854 1073 3902 V.
1099 3854 1152 3902 1..
1335 3851 1532 3900 lendum
1558 3865 1750 3918 putant.
1775 3857 1820 3905 J.
1844 3855 1907 3901 V.
1928 3856 1982 3903 1..

300 3929 385 3976 25.
448 3931 525 3976 De
575 3930 864 3978 raudusculo
927 3933 1243 3981 Numeriano.
1407 3934 1492 3981 28.
1528 3933 1709 3982 Caesar.
1734 3933 1862 3981 Vide
1883 3951 2054 3998 supra,
2081 3952 2161 3999 ep.
2199 3952 2242 3983 1.

227 4006 379 4070 Quod
401 4024 599 4071 parvam
623 4013 875 4073 pecuniam
894 4047 907 4071 ,
939 4012 1059 4060 mihi
1086 4031 1112 4060 a
1137 4015 1245 4063 Nu·
1405 4028 1489 4074 29.
1521 4013 1596 4060 De
1621 4011 1776 4060 altero
1805 4013 1905 4062 illo.
1931 4017 2147 4062 Fortasse
2165 4015 2356 4062 Philar-

228 4086 381 4133 merio
402 4085 644 4144 debitam,
672 4091 893 4153 exegisti.
918 4087 998 4141 Sic
1016 4092 1248 4156 loquutus
1335 4107 1478 4154 gyro.
1520 4092 1639 4140 Vid.
1665 4109 1744 4156 ep.
1776 4107 1793 4141 t
1810 4111 1828 4141 1
1849 4131 1863 4154 ,
1890 4092 1975 4141 lib'.
1997 4096 2069 4143 lx
2089 4130 2102 4151 ,
2133 4094 2194 4142 ad
2235 4095 2349 4141 Div.

226 4175 298 4213 est
317 4182 393 4229 ep.
418 4166 473 4224 8,
501 4165 587 4214 lib.
615 4168 707 4228 1V,
731 4179 779 4215 et
800 4172 827 4216 8
849 4205 865 4231 ,
886 4169 970 4217 lib.
991 4172 1077 4218 VI.
1100 4172 1247 4218 Mn«.
1340 4172 1506 4220 Comi.
