3023 4773
562 389 1105 475 EPISTOLAE
1156 404 1294 472 AD
1346 403 1857 486 ΑΤΤιουΜ,
1905 406 2023 489 11,
2079 428 2188 472 αι.
2290 410 2422 489 4η

312 551 478 599 eum
517 527 798 613 locum,
837 524 967 596 ubi
1020 538 1578 622 proponuntur,
1623 548 1770 622 prae
1806 525 2273 598 multitudine
2311 553 2434 598 eo-

311 661 474 708 rum
497 691 516 724 ‚
562 638 690 733 qui
728 636 1009 733 legunt,
1056 636 1358 704 transire
1388 648 1802 730 nequeant;
1846 636 1984 731 ipsi
2018 639 2116 706 ita
2146 636 2437 723 acerba,

311 762 395 818 ut
429 746 744 818 tabescat
770 745 1060 832 dolore3
1095 744 1271 814 mihi
1312 743 1726 815 mehercule
1753 744 2059 816 molesta
2079 799 2098 832 ,
2132 748 2330 843 quod
2365 762 2440 818 et

310 882 475 929 eum
496 912 515 940 ‚
540 881 757 953 quem
778 881 1059 953 semper
1084 854 1297 925 dilexi
1316 908 1335 941 ,
1364 855 1578 924 nimis
1602 854 2016 924 excruciant
2034 908 2054 940 ‚
2085 870 2157 925 et
2185 857 2432 944 timeo,

312 982 454 1037 tam
491 967 878 1038 vehemens
914 967 1058 1052 vir,
1101 978 1396 1061 tamque
1446 986 1609 1034 acer
1644 965 1716 1033 in
1761 961 1991 1050 ferm,
2029 977 2100 1034 et
2134 977 2277 1033 tam
2324 968 2434 1034 in-

307 1088 555 1147 suetus
596 1075 1086 1160 contumeliae,
1133 1098 1223 1143 ne
1266 1076 1464 1143 omni
1504 1074 1725 1142 animi
1770 1077 2051 1170 impetu
2093 1073 2333 1144 dolori
2369 1090 2440 1144 et

309 1186 695 1257 iracundiae
732 1200 999 1282 pareat.
2362 1173 2369 1180 ”

401 1295 635 1366 Bibuli
675 1298 800 1392 qui
840 1296 929 1364 sit
978 1295 1211 1365 exitus
1251 1290 1574 1374 futuruS‚
1622 1294 1887 1362 nescio.
1940 1296 2038 1363 Ut
2081 1318 2280 1364 nunc
2319 1315 2433 1364 res

222 1435 227 1442 ¹
307 1429 382 1475 se
409 1404 664 1490 habet,
700 1402 1106 1475 admirabili
1131 1402 1357 1498 gloria
1394 1416 1524 1472 est.
1557 1400 1752 1489 Quin
1784 1425 2011 1496 quum
2047 1404 2336 1473 comitia
2362 1404 2436 1472 in

307 1538 626 1585 mensem
668 1511 949 1584 octobr.
988 1511 1417 1597 distulisset,
1450 1509 1653 1606 quod
1692 1510 1875 1580 solet
1915 1533 2000 1580 ea
2033 1535 2150 1580 res
2182 1511 2435 1608 populi

303 1624 748 1695 voluntatem
806 1619 1217 1708 offendere,
1276 1635 1565 1718 putarat
1609 1625 1868 1704 Caesar,
1930 1624 2259 1692 oratione
2307 1647 2433 1693 sua

309 1757 515 1829 posse
540 1731 814 1829 impelli
838 1735 1258 1811 concionem
1277 1784 1296 1817 ‚
1324 1745 1406 1801 ut
1431 1734 1570 1802 iret
1599 1729 1689 1801 ad
1712 1729 2048 1801 Bibulum
2070 1742 2128 1772 ¹²
2156 1758 2175 1816 3
2203 1732 2431 1802 multa

304 1867 535 1940 quum
578 1841 1113 1913 seditiosissime
1150 1841 1454 1927 diceret,
1509 1865 1759 1912 vocem
1817 1841 2223 1937 exprimere
2282 1866 2430 1911 non

300 1952 563 2050 potuit.
596 1948 789 2039 Quid
812 1951 1116 2045 quaeris?
1151 1953 1502 2035 sentiunt,
1541 1974 1616 2020 se
1650 1950 1923 2020 nullam
1952 1950 2168 2021 ullius
2208 1954 2430 2047 partis

305 2058 753 2130 voluntatem
795 2073 1085 2129 tenere:
1116 2083 1204 2128 eo
1254 2059 1478 2154 magis
1527 2060 1632 2129 vis
1681 2058 1895 2130 nobis
1941 2076 2049 2131 est
2096 2060 2437 2132 timenda.

306 2168 606 2239 Clodius
638 2170 969 2238 inimicus
998 2183 1106 2239 est
1133 2165 1366 2238 nobis.
1395 2171 1783 2264 Pompeius
1815 2167 2229 2258 confirmat,
2269 2196 2433 2241 eum

306 2278 483 2348 nihil
524 2304 677 2350 esse
713 2277 1071 2350 facturum
1118 2293 1371 2349 contra
1408 2302 1547 2348 me.
1584 2277 1766 2348 Mihi
1796 2279 2281 2374 periculosum
2329 2297 2437 2352 est

303 2386 599 2459 credere
634 2417 650 2458 ε
688 2389 776 2459 ad
814 2389 1289 2460 resistendum
1337 2413 1452 2459 me
1502 2412 1702 2485 paro.
1763 2385 2013 2459 Studia
2065 2415 2274 2487 spero
2319 2417 2435 2463 me

304 2523 587 2569 summa
628 2498 1046 2570 habiturum
1090 2502 1423 2570 omnium
1467 2497 1833 2568 ordinum.
1881 2503 1979 2569 Te
2023 2524 2252 2594 quum
2302 2526 2435 2598 ego

304 2607 670 2696 desidero,
702 2624 859 2680 tum
894 2635 1069 2681 vero
1104 2634 1217 2680 res
1259 2633 1341 2680 ac
1370 2605 1742 2705 tempus¹³
1782 2608 1960 2679 illud
2004 2626 2229 2682 vocat.
2277 2612 2438 2682 Plu-

305 2719 563 2789 rimum
612 2721 923 2803 consilii,
961 2723 1222 2806 animi,
1269 2717 1576 2816 praesidii
1618 2719 1933 2817 denique
1973 2721 2190 2804 mihi,
2244 2725 2302 2792 si
2363 2738 2433 2792 te

305 2826 395 2896 ad
450 2843 733 2927 tempus
766 2830 1045 2915 videm,
1101 2831 1496 2901 accesserit.
1557 2832 1785 2900 Varro
1841 2830 2016 2900 mihi
2069 2829 2428 2901 satisfacit.

307 2944 691 3036 Pompeius
715 2939 1037 3036 loquitur
1061 2941 1429 3011 divinitus
1473 2944 1703 3041 Spero
1728 2963 1861 3015 nos
1891 2955 2016 3010 aut
2045 2954 2238 3010 certe
2268 2965 2434 3010 cum

307 3073 581 3119 summa
601 3050 857 3147 gloria,
886 3066 1010 3120 aut
1038 3054 1188 3121 sine
1210 3050 1536 3120 molestia
1562 3051 1776 3119 etiam
1801 3047 2258 3119 discessuros.
2292 3054 2398 3118 Tu
2415 3103 2433 3135 ,

304 3157 483 3254 quid
543 3185 747 3256 agas,
811 3160 1422 3257 quemadmodum
1483 3174 1582 3239 te„
1617 3157 1975 3243 oblectes,
2033 3158 2217 3255 quid
2264 3184 2430 3229 cum

302 3272 652 3365 Sicyoniis
693 3273 962 3366 egeris,
1005 3285 1087 3340 ut
1127 3272 1377 3357 sciam,
1419 3295 1612 3340 cura.

303 3459 367 3505 lia
404 3459 600 3506 fuerunt
622 3455 800 3524 scripta
825 3460 1109 3507 Archilochi
1148 3469 1321 3523 poetae,
1486 3474 1564 3504 ια.
1599 3459 1686 3507 Ad
1717 3460 1963 3508 Bibulum.
1999 3461 2082 3506 Ad
2109 3461 2236 3507 aedes
2273 3460 2434 3510 Bibuli

301 3553 448 3601 quem
467 3550 521 3585 nt
544 3540 611 3584 ait
630 3540 884 3598 Horatius,
906 3562 929 3581 οι
946 3540 1148 3603 proprio
1166 3539 1322 3586 rabies
1409 3552 1522 3583 eum
1549 3535 1760 3585 clamore
1788 3532 2023 3586 seditioso
2042 3573 2056 3593 ‚
2102 3537 2164 3584 ab
2194 3555 2349 3603 eoque
2375 3556 2435 3588 ne

301 3615 505 3664 armavit
525 3617 686 3664 iambo
706 3639 747 3665 ι.
782 3619 984 3666 Bibulus
1004 3621 1131 3665 enim
1150 3619 1322 3666 consul
1411 3615 1611 3662 comitia
1629 3615 1865 3675 differret,
1879 3627 2209 3679 extorqueret.
2232 3619 2435 3668 Bibulus

305 3696 413 3742 foro
432 3696 601 3759 pulsus
622 3713 647 3744 n
672 3699 857 3747 Caesare
876 3698 1059 3762 collega
1075 3733 1089 3758 ,
1114 3698 1322 3746 acerbis·
1410 3694 1678 3757 enim‚post
1696 3696 1926 3758 agrariam
1945 3695 2120 3758 legem,
2137 3697 2270 3745 domi
2284 3699 2436 3747 inclu-

294 3774 436 3822 ‘simis
453 3775 625 3824 edictis
642 3793 750 3824 eum
771 3788 819 3825 et
836 3773 1122 3841 Pompeium
1141 3772 1321 3843 pinsci-
1410 3789 1490 3820 eus
1515 3773 1821 3821 consulatum
1846 3755 2046 3838 peregit.
2071 3778 2269 3825 Sueten.
2294 3780 2431 3826 Mam.

302 3851 403 3909 dit,
436 3863 490 3900 ut
521 3855 736 3904 referunt
766 3858 1026 3906 Suetonius
1058 3868 1106 3904 et
1136 3858 1323 3904 Plutar·
1488 3853 1566 3899 ¹3·
1597 3851 1695 3899 Alii
1724 3868 1835 3899 cum
1863 3855 2086 3900 Emestio
2112 3871 2187 3902 res
2224 3856 2297 3903 ad
2321 3870 2434 3903 eem-

302 3931 439 3978 chus.
466 3936 659 3982 Ponu.
1404 3947 1514 3992 pus.
1541 3931 1574 3977 J
1580 3965 1591 3977 .
1613 3931 1673 3977 V.
1696 3932 1749 3978 1..

1096 4104 1105 4107 -
1164 4088 1658 4118 “w—
