3023 4773
852 372 1401 453 EPISTOLAE‚
1446 375 1673 457 xvi,
1717 373 1785 441 6.
2260 373 2389 471 175

262 494 478 590 magis
528 493 836 563 instituti
874 494 1017 564 mei
1063 490 1359 564 tenendi
1397 517 1644 580 causa,
1679 498 1850 591 quia
1897 510 2148 568 nactus
2189 523 2388 569 eram

258 605 368 673 cui
423 601 714 689 darem,
764 627 1015 700 quam,
1049 626 1227 699 -quo
1273 601 1617 673 haberem
1679 603 1882 701 quod
1926 606 2389 680 scriberem¹.

253 715 480 809 Igitur
509 712 629 782 illa
662 741 678 782 ε
717 727 1076 809 quantum
1123 737 1239 782 me
1277 711 1540 809 diligis,
1584 727 1867 784 tantum
1902 714 2168 789 adhibe
2206 720 2281 790 in
2322 734 2393 790 te

250 823 661 922 diligentiae.
703 822 811 895 Ad
850 839 976 894 tua
1027 823 1583 895 innumerabilia
1623 824 1702 895 in
1749 850 1867 896 me
1922 824 2161 897 officia
2209 829 2391 901 adde

249 933 429 1021 hoc,
467 932 669 1030 quod
700 933 879 1004 mihi
911 934 1046 1005 erit
1074 934 1560 1031 gratissimum
1594 936 1949 1005 omnium.
1995 928 2394 1028 Quum'va-

250 1043 577 1114 litudinis
613 1045 1003 1132 rationem,
1040 1058 1125 1113 ut
1163 1068 1406 1142 spero,
1453 1044 1834 1133 habueriS‚
1873 1045 2143 1118 habeto
2180 1051 2392 1121 etiam

246 1155 744 1251 navigationis.
784 1159 871 1224 In
913 1153 1190 1225 Italiam
1226 1152 1571 1225 euntibus
1616 1155 1964 1227 omnibus
2007 1155 2097 1227 ad
2143 1182 2258 1230 me
2303 1160 2393 1231 li-

246 1281 441 1336 teras
482 1262 731 1352 dabiS‚
771 1279 856 1336 ut
898 1290 1031 1362 ego
1073 1278 1371 1337 euntem
1406 1271 1649 1336 Patras
1693 1268 2059 1337 neminem
2107 1283 2397 1365 praeter-

249 1377 484 1466 mitto.
523 1381 746 1462 Cura,
776 1400 946 1447 cura
981 1390 1090 1463 te,
1120 1377 1220 1453 mi
1241 1377 1432 1447 Tiro.
1464 1376 1780 1469 Quando
1803 1389 1831 1419 ²
1865 1403 2017 1448 non
2045 1380 2394 1478 contigit,

247 1501 330 1556 ut
363 1486 584 1557 simul
618 1487 985 1584 navigares
1005 1541 1025 1574 ,
1058 1487 1241 1557 nihil
1265 1501 1405 1574 est,
1426 1488 1630 1584 quod
1653 1487 1988 1560 festines:
2025 1513 2161 1560 nec
2184 1491 2396 1588 quid-

247 1622 472 1693 quam
512 1621 759 1685 cureS,
800 1601 939 1667 nisi
981 1613 1064 1668 ut
1104 1599 1358 1670 valeas.
1409 1601 1642 1669 Etiam
1693 1613 1911 1697 atque
1963 1601 2177 1671 etiam
2214 1601 2392 1673 vale.

248 1733 343 1777 vu
370 1705 540 1779 idus
565 1707 947 1779 novembr.
996 1711 1205 1780 Actio
1225 1705 1283 1798 ³,
1311 1710 1615 1807 vesperi.

325 1921 369 1952 1.
398 1904 527 1965 Alii,
544 1903 699 1969 -quid
723 1905 1048 1953 scriberem·.
1077 1907 1126 1953 J.
1136 1907 1197 1952 V.
1216 1906 1272 1953 Ι..
1363 1906 1661 1955 montorium
1689 1906 1937 1954 Antonius
1962 1906 2027 1954 ab
2043 1908 2270 1971 Augusto
2295 1922 2396 1955 ma·

321 2000 372 2032 2.
401 1985 532 2043 Alii,
552 2007 577 2027 ι
597 2000 804 2048 quum».
832 1985 963 2032 J.v.
985 1986 1043 2032 1..
1361 1986 1524 2033 ritima
1545 2001 1706 2049 pugna
1729 1986 1910 2034 vietus.
1943 1988 2086 2035 ΜΑπ.
2120 2014 2191 2024 ·—
2219 1988 2393 2052 virgil.

323 2064 376 2111 3.
404 2063 568 2111 Accio.
598 2063 679 2112 Ad
711 2063 810 2111 hoc
840 2063 1128 2112 Acarnania
1162 2079 1277 2127 pro·
1363 2067 1476 2112 AEn.
1496 2065 1642 2121 vm,
1672 2065 1803 2125 675,
1822 2066 2003 2113 «Actia
2032 2065 2160 2113 bella
2183 2086 2226 2116 n.

253 2240 1449 2262 mmmm-mmmmm
1454 2241 1537 2260 m
1542 2240 1635 2259 m
1641 2240 1820 2259 m

2065 2243 2393 2264 mmm

895 2409 1501 2490 EPISTOLA
1554 2409 1747 2489 VII.

252 2571 527 2629 Adversis
554 2571 748 2629 ventis
790 2590 851 2629 se
884 2570 1069 2628 teneri
1099 2566 1304 2626 scribit
1341 2589 1355 2623 :
1405 2580 1471 2624 ut
1502 2566 1884 2625 valitudinem
1912 2581 2106 2641 curet,
2139 2589 2248 2628 nec
2279 2571 2391 2629 nisi

331 2668 704 2726 confirmatus
751 2668 1022 2744 naviget,
1080 2665 1372 2724 hortatur.
1433 2666 1764 2741 (Corcyrae,
1816 2684 1968 2724 anno
2012 2669 2090 2725 U.
2141 2670 2205 2727 C.
2246 2670 2395 2741 703,

332 2787 528 2826 mense
569 2765 922 2845 novembri.)

826 2934 918 2998 M.
950 2935 1027 2999 T.
1069 2933 1138 2998 c,
1172 2882 1477 2998 T1RoN1
1523 2932 1586 2995 s.
1622 2930 1694 2995 P.
1728 2932 1813 2994 D.

351 3077 734 3143 Stin-mim
763 3072 910 3166 jam
946 3068 1140 3141 diem
1174 3073 1503 3167 Corcyrae
1530 3080 1549 3111 ¹
1585 3065 2052 3156 tenebamur;
2076 3069 2397 3158 Quintus

260 3195 500 3253 autem
533 3195 739 3279 pater
761 3194 835 3251 et
866 3178 1056 3251 filius
1083 3179 1481 3251 Buthrotia
1514 3178 1813 3249 Solliciti
1844 3201 2130 3249 eramus
2153 3178 2245 3250 de
2274 3195 2397 3251 tua

262 3290 649 3362 valitudine
684 3295 949 3361 mirum
984 3291 1060 3360 in
1093 3288 1419 3360 modum.
1462 3291 1613 3360 Nec
1641 3286 2107 3377 mirabamur,
2143 3287 2324 3359 nihil
2354 3314 2395 3360 a

262 3416 327 3472 te
365 3403 740 3473 literarum
781 3428 796 3471 ε
841 3403 928 3472 iis
972 3403 1170 3473 enim
1201 3401 1438 3470 ventis
1475 3402 1690 3470 istinc
1730 3401 2127 3496 navigatur,
2169 3401 2290 3494 qui
2335 3403 2394 3472 si

261 3526 495 3584 essent
516 3567 535 3600 ‚
581 3536 719 3583 nos
747 3516 1076 3609 Corcyrae
1102 3536 1254 3582 non
1280 3508 1758 3581 sederemus³.
1791 3514 1981 3580 Cura
2023 3511 2242 3607 igitur
2279 3526 2349 3584 te
2371 3567 2393 3600 ‚

330 3723 374 3754 ι.
407 3706 653 3767 Corcyrae.
680 3705 843 3754 Insula
873 3706 1019 3754 maris
1038 3704 1185 3755 Ionii.
1368 3703 1491 3752 tavit
1510 3703 1749 3753 Graevius.
1768 3703 1969 3763 Cicero,
1985 3705 2070 3769 qui
2096 3705 2254 3754 Patris
2279 3706 2397 3754 reli·

325 3803 374 3833 α.
404 3784 648 3834 Buthroti.
672 3785 966 3833 Buthrotum
1002 3785 1138 3851 Epiri
1163 3783 1280 3832 urbs
1368 3793 1541 3846 querat
1581 3783 1812 3830 Tironem
1855 3799 2063 3847 aegrum,
2109 3785 2161 3832 in
2206 3786 2395 3834 Italiam

262 3876 344 3913 est.
1368 3863 1704 3925 navigaverat,
1742 3862 1828 3910 sed
1852 3863 2081 3929 Corcyrae
2114 3866 2275 3913 ventis
2309 3866 2395 3914 nd-

328 3946 375 3994 3.
394 3946 464 3993 Iis
488 3944 620 3992 enim
646 3942 808 3992 veneis
830 3941 973 3990 istinc
999 3941 1274 4007 navigatur,
1370 3943 1520 3990 vernis
1546 3942 1860 3992 retinebatur.
1893 3945 2022 3992 nine
2051 3945 2172 3993 dicit
2210 3962 2261 3992 oe
2292 3961 2394 3994 non

261 4026 340 4085 qni
358 4025 403 4071 si
425 4036 605 4080 essent,
626 4039 715 4071 nos
733 4022 958 4083 Cortyroe
973 4037 1074 4069 non
1091 4020 1282 4069 sedere-
1368 4021 1533 4068 mirari
1575 4020 1696 4069 nihil
1732 4020 1825 4068 sibi
1875 4020 2120 4071 literarum
2158 4024 2323 4071 afferri
2366 4040 2394 4069 a

262 4119 376 4153 neus.
398 4105 547 4152 Hune
565 4103 729 4151 locum
750 4118 853 4149 ease
876 4112 1162 4165 corruptum
1187 4116 1281 4165 pu·
1370 4099 1584 4160 Tirone,
1619 4100 1732 4164 quia
1777 4100 1884 4149 istis
1925 4103 2109 4165 ventis,
2147 4104 2234 4167 qui
2278 4112 2397 4149 tune
