3023 4773
597 482 690 553 68
1166 538 1173 545 .
1252 488 1346 555 M.
1395 490 1471 557 Τ.
1527 485 2087 556 CICERONIS

594 623 721 678 est.
764 611 1066 705 Legatos
1094 606 1307 679 audio
1342 612 1593 679 missos
1632 631 1806 679 esse.
1860 605 2015 677 Sed·
2039 604 2230 675 malo
2268 603 2584 690 ecdicos,
2627 618 2711 673 ut

591 718 860 815 aliquid
908 717 1169 789 confici
1207 720 1451 814 possit.
1488 722 1730 809 Quare
1765 731 1935 829 peto
1969 741 2009 786 a
2049 730 2121 787 te
2144 770 2163 803 ‚
2196 729 2283 785 ut
2321 729 2392 785 et
2434 739 2588 802 eos,
2635 728 2712 784 et

591 826 1019 900 Alabandeis
1046 827 1302 923 jubeas
1353 828 1636 900 ecdicos
1674 832 1975 897 Romam
2010 825 2317 895 mittere.
2368 828 2713 893 Praeterea

592 933 907 1004 Philotes
987 932 1504 1005 Alabandensis
1549 929 1904 1014 ὑποθῆκας3
1972 931 2227 1001 Cluvio
2291 925 2509 998 dedit.
2585 932 2712 997 1³1ae

591 1045 985 1115 commissae
1020 1059 1189 1113 sunt
1207 1047 1260 1113 ⁴.
1307 1044 1537 1115 Velim
1586 1067 1828 1130 cures,
1871 1055 1954 1111 ut
1990 1053 2114 1111 aut
2156 1037 2246 1110 de
2282 1035 2712 1135 hypothecis

591 1151 888 1223 decedat
910 1150 962 1238 ⁵,
1019 1176 1283 1249 easque
1339 1150 1930 1250 procuratoribus
1984 1148 2215 1221 Cluvii
2261 1146 2533 1235 tradat,
2586 1161 2718 1218 aut

586 1264 967 1360 pecuniam
1013 1263 1260 1335 solvat.
1308 1268 1655 1335 Praeterea
1690 1262 2117 1335 Heracleotae
2149 1274 2221 1329 et
2257 1255 2715 1356 Bargyletae⁶‚

592 1374 719 1469 qui
747 1376 918 1443 item
949 1370 1253 1461 debent.
1281 1389 1405 1444 aut
1437 1377 1816 1472 pecuniam
1854 1372 2170 1458 solvant,
2199 1384 2322 1440 aut
2356 1367 2718 1440 fructibus

593 1484 740 1553 suis
763 1477 1212 1552 satisfaciant.
1251 1485 1505 1554 Caunii
1533 1498 1872 1580 praeterea
1899 1480 2235 1567 debent⁷‚
2263 1478 2389 1550 sed
2415 1481 2614 1549 aiunt
2636 1503 2718 1551 se

507 1662 513 1671 ,
598 1590 995 1688 depositam
1017 1595 1401 1689 pecuniam
1435 1593 1787 1664 habuisse.
1821 1592 1902 1662 Id
1933 1590 2145 1662 velim
2171 1612 2589 1685 cognosca5‚
2621 1602 2722 1672 et,

597 1702 654 1770 si
688 1701 1157 1787 intellexeris,
1188 1728 1318 1774 eos
1350 1728 1590 1801 neque
1621 1728 1706 1775 ex
1745 1702 1981 1775 edicto
2001 1757 2018 1789 ‚
2045 1725 2286 1798 neque
2310 1725 2397 1771 ex
2425 1699 2721 1770 decreto

598 1810 992 1909 depositam
1034 1810 1401 1901 habuisse,
1456 1812 1583 1883 des
1633 1837 1925 1911 operam
1949 1867 1968 1900 ‚
2018 1825 2099 1883 ut
2156 1834 2386 1880 usurae
2425 1808 2677 1879 Cluvio
2702 1861 2726 1890 ,

603 1923 931 1993 instituto
969 1936 1133 2007 tut),
1189 1938 1726 1994 conserventur.
1783 1925 1907 1992 His
1951 1920 2042 1991 de
2084 1918 2305 1990 rebus
2359 1942 2448 1989 eo
2497 1917 2729 2012 magis

604 2028 888 2117 labor0‚
942 2031 1141 2126 quod
1185 2033 1418 2128 agitur
1461 2057 1577 2104 res
1627 2034 1757 2101 Cn.
1803 2031 2127 2128 Pompeii
2176 2031 2387 2100 etiam
2420 2082 2439 2115 ‚
2495 2026 2732 2096 nostri

607 2141 1023 2228 necessarii3
1068 2155 1140 2212 et
1174 2142 1380 2238 quod
1416 2144 1476 2214 is
1511 2144 1735 2241 magis
1780 2144 1994 2215 etiam
2038 2140 2217 2211 mihi
2256 2138 2580 2210 laborare
2619 2137 2735 2206 vi-

610 2378 844 2444 pnblieae,
863 2380 949 2443 qui
969 2380 1023 2428 in
1046 2381 1215 2444 primis
1239 2372 1458 2444 publicas
1478 2398 1625 2447 pecn-

611 2461 715 2506 niss
746 2458 943 2505 curabat
968 2469 1017 2506 et
1047 2459 1443 2523 persequebatur.
1472 2461 1627 2509 Aliter

613 2539 793 2585 dicitnr
817 2537 1075 2600 Syndicus.
1107 2537 1230 2585 Plin.
1256 2537 1345 2585 lib.
1364 2539 1441 2599 X,
1465 2555 1546 2603 ep.
1566 2540 1624 2589 3:

612 2640 637 2659 οι
651 2616 858 2665 Ecdicns
882 2615 1078 2662 nomine
1099 2615 1436 2663 Amisenorum
1462 2617 1628 2664 civita-

613 2699 677 2745 tis
716 2695 911 2760 petebat
950 2694 1081 2759 apud
1122 2710 1198 2741 me
1226 2710 1255 2741 e
1284 2695 1419 2743 Julio
1456 2696 1629 2744 Pisone

614 2775 920 2822 denariorum
947 2773 1141 2820 circiter
1162 2775 1252 2820 xl.
1279 2775 1425 2822 millia
1453 2776 1630 2822 donata

613 2857 658 2902 ei
680 2853 875 2919 publice
902 2862 1012 2900 ante
1042 2868 1196 2899 annos
1218 2852 1411 2917 viginti,
1429 2866 1479 2901 et
1493 2855 1633 2913 Baio,

615 2946 665 2981 et
683 2933 893 2981 Ecclesia
914 2932 1245 2980 consentiente
1258 2955 1299 2982 ιι.
1334 2933 1634 2981 Dicebantur

615 3024 664 3062 et
678 3010 1166 3077 cognitores.Glossae‚
1182 3012 1416 3076 cognitor,
1430 3006 1632 3067 ἔκδικος.

618 3095 694 3140 De
722 3108 824 3156 quo
848 3093 1074 3142 Gronov.
1101 3091 1189 3139 lib.
1208 3096 1272 3150 V,
1299 3092 1359 3139 de
1390 3093 1500 3140 Pec.
1521 3095 1631 3141 Vet.

619 3189 665 3223 e.
692 3175 739 3220 3.
769 3171 937 3219 θην.
950 3196 1018 3208 --
1036 3172 1141 3217 Hos
1160 3170 1266 3219 Cic.
1286 3169 1472 3217 mavult
1489 3187 1634 3233 quam

618 3253 801 3316 legatos
817 3285 831 3308 ,
856 3251 970 3313 quia
1016 3250 1160 3312 legati
1203 3260 1367 3313 petere
1417 3249 1603 3313 aliquid
1618 3283 1634 3308 ,

532 3393 535 3398 ι
616 3347 721 3379 non
743 3331 926 3391 dejure
950 3329 1206 3376 decernere
1226 3340 1446 3393 possent.
1472 3331 1563 3378 En.

690 3412 739 3458 3.
763 3397 1024 3464 Ϋποθτίκας.
1044 3407 1324 3472 Hypoeloeea
1342 3409 1543 3473 proprie
1561 3420 1634 3457 est

616 3490 794 3553 pignus
837 3487 1073 3551 quodvis,
1110 3485 1246 3550 quod
1291 3486 1444 3534 debiti
1493 3503 1633 3535 causa

617 3566 848 3615 creditori
872 3565 1143 3630 obligatur:
1169 3563 1256 3613 sed
1272 3555 1484 3613 strietins
1504 3568 1634 3613 Lati-

618 3647 695 3694 nis
721 3643 998 3707 hypotheca
1024 3646 1223 3705 dicitur,
1251 3643 1387 3708 quod
1407 3660 1509 3692 non
1539 3655 1635 3693 tra-

618 3725 754 3772 ditur
768 3725 821 3770 in
837 3739 1005 3769 manus
1022 3723 1269 3785 creditori,
1277 3722 1364 3771 sed
1378 3724 1635 3785 subjicitur

618 3806 724 3865 ejus
752 3803 976 3867 potestati
1001 3814 1050 3850 et
1070 3804 1193 3862 juri,
1231 3804 1536 3868 possessione
1558 3821 1637 3867 pc·

622 3900 705 3931 nes
728 3880 995 3929 debitorem
1022 3894 1328 3930 remanente:
1368 3894 1538 3930 contra
1564 3884 1640 3948 pi·

621 3977 744 4026 gnus
767 3958 1114 4024 possidendum
1147 3961 1354 4009 traditur
1390 3962 1638 4010 creditori.

624 4043 752 4090 Hinc
776 4062 801 4081 κ
817 4039 930 4086 dare
956 4038 1301 4104 hypothecas·
1331 4053 1403 4089 est
1436 4059 1514 4091 res
1547 4042 1640 4089 im-

624 4118 829 4168 mobiles
865 4117 1093 4165 creditori
1121 4118 1357 4182 obligm,
1396 4131 1451 4168 ut
1476 4120 1641 4168 multis

623 4198 856 4264 exemplis
889 4196 1033 4246 docet
1077 4197 1259 4245 clariss.
1285 4193 1544 4247 Salmasius
1581 4200 1641 4248 cle

1710 2381 1860 2430 modo
1895 2382 2187 2436 usurarum,
2225 2394 2333 2442 cap.
2357 2393 2440 2425 ια.
2469 2379 2739 2426 (ἶιενωε.

1785 2468 1833 2515 4.
1872 2462 1966 2507 11ae
1997 2459 2261 2506 commissa.-
2299 2468 2424 2506 sunt.
2479 2458 2590 2504 Hoc
2628 2468 2741 2514 est,

1712 2538 2068 2604 possessiones,
2098 2536 2326 2600 qnoniam
2353 2535 2418 2582 ad
2443 2536 2569 2582 diem
2602 2535 2744 2582 soln-

1715 2629 1818 2665 tum
1858 2617 2075 2665 debitum
2123 2632 2224 2663 non
2263 2627 2366 2677 est,
2411 2626 2647 2662 venerunt
2682 2615 2745 2662 in

1716 2707 2005 2761 potestatem
2041 2696 2320 2753 creditoris,
2351 2705 2407 2742 ut
2441 2694 2548 2742 illas
2582 2694 2748 2758 possit

1718 2777 1943 2825 vendere.
1986 2774 2280 2840 Hypothecoe
2320 2776 2449 2821 enim
2502 2772 2753 2821 committi

1720 2856 1977 2915 dicuntur,
2012 2871 2120 2918 quae
2143 2865 2356 2902 cessante
2383 2853 2631 2900 solutione
2652 2850 2752 2898 de-

1719 2935 1837 2991 biti,
1892 2934 2144 2981 creditoris
2184 2931 2325 2980 fiunt.
2384 2934 2464 2979 Sic
2515 2954 2540 2973 α
2558 2945 2754 2978 merce·

1720 3015 2024 3061 commissae·
2052 3012 2336 3061 dicebantur
2357 3046 2372 3069 ,
2413 3026 2532 3074 quas
2561 3025 2758 3058 meren·

1723 3103 1850 3141 tores
1875 3093 2008 3157 apud
2034 3093 2351 3158 publicanum
2390 3107 2494 3140 non
2536 3089 2760 3155 professi

1722 3184 1859 3220 erant
1878 3205 1893 3230 ,
1928 3184 1976 3220 et
2010 3188 2118 3236 qnae
2142 3172 2268 3219 hanc
2294 3170 2360 3218 ob
2387 3185 2577 3218 causam
2600 3169 2761 3218 amit-

1723 3252 1965 3302 tebantur.
1997 3252 2125 3299 Vide
2171 3250 2452 3300 Salmasinm
2493 3249 2553 3296 de
2590 3248 2759 3296 modo

1724 3334 2016 3390 Usurarum,
2038 3347 2081 3380 c.
2106 3338 2184 3387 ιζ.
2203 3332 2350 3377 Inus.

1795 3412 1843 3460 5.
1877 3413 1947 3457 De
1963 3409 2240 3474 hypothecis
2259 3408 2484 3457 decedat.
2510 3410 2617 3455 Hoc
2638 3419 2752 3464 cst,

1720 3490 2047 3555 possessiones
2101 3488 2442 3554 oppigneratas
2509 3485 2757 3549 quoniam

1721 3584 1822 3617 non
1864 3568 2042 3627 solvit,
2076 3567 2308 3615 creditori
2342 3564 2617 3613 vendendas
2642 3574 2759 3611 tra·

1721 3647 1825 3697 dat.
1848 3651 1995 3696 Iners.

1793 3729 1842 3776 6.
1871 3725 2171 3774 Heracleotae
2197 3736 2247 3771 er
2271 3723 2557 3788 Bargylceoe.
2582 3724 2757 3769 Hera-

1722 3805 1824 3853 clea
1849 3816 1897 3853 et
1922 3803 2156 3869 Bargylos
2182 3803 2402 3851 civitates
2428 3812 2542 3849 sunt
2562 3799 2755 3851 Qriae.

1723 3886 1881 3932 Inest.

1797 3979 1847 4023 7.
1870 3962 2043 4011 Caunii
2064 3974 2308 4030 pra-terea
2336 3961 2519 4010 debent.
2535 3961 2758 4011 'Caunus

1727 4054 1800 4090 est
1826 4043 1979 4091 Caria
2007 4042 2244 4107 oppidum
2261 4077 2276 4100 ,
2309 4040 2578 4088 valitudine
2607 4039 2759 4087 lubi-

1729 4122 1933 4170 nntium
1958 4121 2161 4183 infame,
2195 4133 2252 4169 ut
2292 4119 2420 4168 Mela
2465 4119 2533 4167 ait
2572 4117 2660 4167 lib.
2692 4121 2716 4165 1
2738 4154 2755 4178 ‚

1730 4217 1835 4264 cap.
1865 4200 1940 4249 16.
1978 4203 2123 4248 lunt.
