3023 4773
593 361 734 447 346
1229 365 1327 432 Μ.
1378 365 1455 430 Τ.
1518 366 2084 435 CICERONIS

586 497 917 556 nostrum
958 486 1381 556 auctoritate
1416 481 1709 556 factum.
1751 487 1971 568 Nam,
2020 482 2223 582 quod
2275 508 2391 559 me
2432 510 2593 561 esse
2634 490 2723 559 ad

581 594 1044 667 scribendum
1063 590 1126 636 ³⁸
1160 593 1400 681 videS,
1450 620 1541 667 ex
1586 597 1743 692 ipso
1787 596 2420 669 senatusconsulto
2452 598 2722 673 intolli-

580 728 748 801 gere
795 717 1036 801 pote5‚
1074 702 1286 777 aliam
1320 728 1478 776 rem
1495 701 1561 761 ³9
1598 719 1755 777 tum
1795 706 2132 792 relatam3
2169 704 2310 777 hoc
2347 720 2594 779 autem
2630 707 2721 782 de

584 814 877 911 populis
908 812 1188 899 liberis,
1226 815 1380 886 sine
1409 839 1622 889 causa
1660 814 1987 888 additum
2021 841 2039 886 :
2074 830 2148 887 et
2185 820 2279 885 ita
2312 814 2579 887 factum
2612 833 2724 889 est

585 948 628 995 a
664 928 732 996 P.
781 923 1078 997 Servilio
1115 922 1300 1009 filio,
1341 924 1468 1019 qui
1505 926 1582 997 in
1620 926 2004 1023 postremis
2032 926 2458 998 sententiam
2500 925 2723 1011 dixit;

584 1032 713 1107 sed
741 1034 1106 1105 immutari
1137 1033 1278 1104 hoc
1304 1047 1632 1131 tempore
1663 1059 1815 1110 non
1844 1048 2104 1131 potest.
2129 1038 2383 1131 Itaque
2412 1057 2719 1107 conven-

572 1148 806 1229 *tus4⁰,
831 1144 958 1240 qui
982 1144 1190 1213 initio
1218 1141 1803 1232 celebrabantur,
1827 1145 1974 1239 jam
1997 1141 2123 1214 diu
2150 1140 2307 1213 fieri
2327 1140 2721 1215 desierunt·

584 1259 694 1325 Tu
726 1254 787 1325 si
820 1253 962 1323 tuis
987 1251 1430 1325 blanditiis⁴¹
1466 1268 1708 1325 tamen
1729 1280 1769 1325 a
1790 1255 2144 1350 Sicyoniis
2173 1250 2720 1325 nummulorum

576 1360 847 1461 aliquid
881 1363 1345 1459 expresseris,
1384 1364 1600 1435 velim
1621 1417 1640 1450 ,
1668 1388 1784 1436 me
1815 1362 2031 1436 facias
2067 1348 2479 1434 certiorem.

674 1473 1291 1544 Commentarium
1327 1474 1741 1554 consulatus
1773 1475 1918 1547 mei
1958 1496 2186 1570 graece
2231 1475 2719 1569 compositum

585 1582 744 1655 misi
783 1580 876 1654 ad
914 1597 1031 1670 te;
1076 1584 1153 1653 in
1197 1607 1352 1679 quo
1390 1585 1448 1654 si
1491 1583 1670 1680 quid
1720 1586 1893 1673 erit,
1937 1584 2138 1681 quod
2179 1581 2461 1654 homini
2502 1583 2721 1652 attico

581 1694 823 1763 minus
884 1715 1192 1789 graecum
1239 1690 1753 1792 eruditumque
1808 1694 2173 1780 videatur,
2232 1718 2385 1765 non
2446 1691 2720 1776 dicam,

583 1802 784 1900 quod
819 1803 949 1874 tibi
968 1857 987 1889 ,
1023 1816 1105 1873 ut
1134 1802 1430 1899 opinor,
1454 1807 1792 1877 Panormi
1823 1805 2165 1877 Lucullus
2189 1803 2281 1877 de
2311 1804 2459 1875 suis
2493 1801 2719 1874 histo-

579 1912 704 1985 riis
750 1912 1028 1985 dixerat
1070 1936 1087 1981 ε
1129 1935 1238 1996 se,
1297 1936 1446 2008 quo
1510 1912 1785 1987 facilius
1841 1916 1997 1987 illas
2043 1913 2386 2012 probaret
2437 1918 2719 1985 romani

586 2016 901 2089 hominis
938 2041 1129 2105 esse,
1165 2016 1433 2091 idcirco
1477 2018 1788 2092 barbara
1815 2021 2141 2119 quaedam
2179 2035 2252 2097 et
2290 2023 2539 2091 σόλοικα
2580 2018 2718 2090 dis-

584 2128 909 2225 persisse.
947 2127 1164 2224 Apud
1202 2153 1317 2199 me
1355 2130 1416 2198 si
1459 2130 1641 2227 quid
1683 2131 1819 2201 erit
1855 2129 2257 2226 ejusmodi,
2287 2153 2405 2199 me
2435 2130 2717 2226 impru-

585 2235 802 2308 dente
827 2238 964 2308 erit
987 2252 1059 2309 et
1075 2239 1320 2310 invito,
1345 2243 1685 2313 Latinum
1706 2242 1764 2311 si
1785 2239 2191 2338 perfecero,
2216 2237 2308 2310 ad
2328 2252 2396 2309 te
2415 2242 2714 2309 mittam.

583 2350 904 2420 Tertium
925 2351 1258 2447 poema4²
1282 2364 1721 2446 exspectato,
1751 2376 1843 2421 ne
1864 2349 2066 2448 quod
2094 2374 2326 2448 genus
2345 2372 2385 2419 a
2413 2372 2527 2419 me
2556 2348 2716 2446 ipso

583 2454 813 2525 laudis
856 2479 1032 2526 rneae
1075 2457 1686 2551 praetermittatur.
1731 2459 1860 2527 Hic
1904 2471 2019 2546 tu,
2073 2481 2280 2542 cave,
2332 2455 2559 2541 dicaS,
2624 2456 2716 2537 τίς

582 2565 797 2656 πατέρ’
827 2559 1165 2647 αἰνῆσει43;
1205 2563 1262 2632 si
1291 2577 1399 2633 est
1432 2565 1627 2632 enim
1671 2560 1867 2661 apud
1904 2562 2236 2633 homines
2275 2559 2714 2659 quidquam,

581 2736 777 2786 bantur.
832 2737 1039 2786 Constat
1085 2735 1283 2799 quidem
1335 2736 1434 2786 hoc
1486 2747 1607 2786 tem·

584 2831 704 2879 pore
757 2830 925 2862 omnes
970 2826 1216 2863 senatores
1237 2849 1251 2874 ‚
1295 2815 1502 2880 pedibus
1554 2818 1605 2863 in

583 2893 765 2940 curiam
795 2893 962 2953 ivisse,
986 2903 1039 2941 ut
1066 2904 1117 2942 et
1151 2893 1311 2959 ipsum
1333 2895 1570 2943 Caeserem
1586 2929 1602 2952 ‚

584 2973 845 3038 postquam
871 2972 1081 3021 dictator
1104 2973 1267 3022 fuen’t.
1299 2975 1392 3021 En.

658 3055 740 3102 38.
776 3053 861 3100 ³!ae
901 3068 1002 3100 esse
1044 3052 1119 3101 ad
1157 3051 1478 3104 scribendum.
1518 3053 1603 3101 Me

578 3132 773 3182 affuisse
796 3166 812 3190 ‚
858 3131 979 3180 dum
1049 3132 1340 3182 scriberetur
1403 3131 1600 3180 sctum.

581 3212 656 3258 De
676 3210 772 3259 hoc
789 3225 922 3259 more
942 3210 1044 3260 vid.
1065 3211 1128 3258 nd
1147 3212 1387 3261 Div.vl11
1402 3244 1417 3269 ,
1441 3212 1488 3262 8.
1509 3213 1600 3261 En.

656 3293 738 3353 39.
778 3291 942 3338 Aliam
966 3307 1080 3337 rem.
1110 3292 1274 3339 Primo
1305 3291 1507 3342 relatum
1529 3303 1601 3342 est

580 3385 685 3420 nou
703 3369 764 3417 de
784 3369 979 3433 populis
1004 3368 1172 3420 liberis
1187 3403 1201 3426 ‚
1226 3369 1313 3420 sed
1338 3370 1429 3417 slis
1451 3370 1514 3418 de
1531 3388 1599 3430 re,

579 3459 638 3498 ut
669 3465 730 3499 ex
765 3449 877 3514 ipso
902 3450 1325 3498 semiuscousulto
1354 3461 1492 3513 potes
1526 3452 1601 3500 in-

581 3528 828 3591 telligere:
851 3527 1028 3577 deinde
1052 3546 1116 3578 ex
1142 3531 1377 3578 sententia
1405 3529 1600 3578 Servilii

581 3605 803 3656 additum
841 3619 912 3657 est
950 3608 1107 3666 illud,
1147 3625 1209 3656 ue
1249 3609 1391 3658 liberi
1425 3608 1602 3675 populi

582 3697 876 3748 cogerentur
890 3687 1251 3750 wlvere.Quod
1264 3688 1304 3735 si
1325 3687 1386 3736 de
1405 3689 1601 3752 populis

580 3764 741 3828 primo
769 3777 931 3818 sctum
949 3779 1071 3818 esset
1088 3803 1102 3825 ,
1121 3783 1213 3831 ego
1231 3802 1249 3825 ,
1272 3769 1357 3832 qui
1382 3770 1553 3818 scirem
1571 3783 1598 3815 a

581 3844 843 3906 Sicyoniis.
866 3848 1117 3908 pecuniam
1151 3849 1240 3896 tibi
1278 3848 1484 3907 deberi,
1518 3859 1599 3896 tua

581 3938 724 3973 cansa
761 3939 1124 3987 repugnanciu,
1149 3944 1309 3991 neque
1339 3929 1600 3978 scribendo

585 4002 847 4052 affuissem.
868 4006 958 4069 Ep.
983 4023 1004 4054 t
1026 4007 1112 4056 ub.
1136 4011 1199 4057 11.
1225 4011 1372 4058 Mn«.

652 4091 733 4140 ⁴0.
767 4085 1048 4134 Conventus.
1085 4087 1347 4136 Hominum
1373 4121 1389 4146 ,
1416 4089 1503 4149 qui
1528 4105 1598 4140 ue·

1696 2737 2123 2787 uatusoonsultum
2190 2737 2364 2786 induci
2432 2735 2713 2800 cupiebant.

1694 2818 1856 2867 con.

1765 2904 1846 2952 ιι.
1905 2895 2016 2943 Tuis
2051 2894 2317 2944 blanditiis.
2357 2895 2485 2942 Nam
2522 2893 2715 2956 iudicio

1691 2991 1801 3022 cum
1830 2976 1891 3023 iis
1916 2991 2056 3040 egere
2084 2991 2188 3023 non
2219 2985 2395 3039 potes,
2422 2972 2718 3038 impediente

1688 3051 1836 3104 SCto.
1853 3055 1998 3103 Mus.
2018 3080 2090 3091 -
2108 3055 2239 3103 Hine
2262 3055 2380 3102 Bru.
2404 3053 2601 3116 collegit
2617 3053 2717 3102 boc

1689 3134 1867 3185 sctum
1922 3133 2049 3181 hanc
2103 3134 2204 3182 vim
2256 3132 2510 3189 babuisse,
2538 3147 2600 3178 ne
2643 3132 2717 3179 Si-

1690 3213 1858 3276 cyonii
1883 3212 1931 3259 vi
1951 3211 2146 3275 public·
2169 3213 2222 3261 in
2239 3210 2381 3260 rebus
2403 3211 2607 3274 privatis
2626 3224 2713 3257 co·

1689 3304 1937 3355 gerentur.
1961 3294 2052 3341 Eu.

1686 3369 1693 3376 ’
1760 3381 1844 3427 42.
1880 3373 2006 3421 Tere.
2019 3386 2216 3435 poema.
2232 3368 2451 3417 Tertium
2488 3383 2617 3431 opus
2646 3367 2713 3416 de

1687 3451 1945 3502 consulatu
1962 3467 2087 3500 meo.
2109 3451 2298 3499 Primus
2317 3448 2443 3496 enim
2465 3463 2713 3496 commen-

1687 3531 1836 3578 tarius
1876 3545 2029 3593 grece
2084 3528 2410 3592 compositus,
2451 3526 2574 3576 elta·
2602 3527 2717 3574 lsti-

1689 3625 1781 3658 nus
1797 3645 1813 3667 ,
1840 3611 2037 3658 tertium
2060 3624 2253 3672 poema.
2277 3608 2426 3656 mx.

1759 3689 1846 3743 43.
1864 3687 1941 3744 Τίς
1966 3686 2139 3755 πατέρ’
2166 3682 2363 3739 αἰνήσει.
2384 3688 2576 3747 Integer
2604 3702 2715 3734 ver·

1686 3784 1767 3814 sus
1785 3769 1855 3815 sic
1878 3785 1929 3816 se
1952 3767 2098 3816 babet
2111 3803 2127 3826 ,
2156 3765 2223 3824 τίς
2250 3766 2423 3833 πατέρ’
2448 3763 2626 3819 aiv-don
2640 3802 2655 3824 ‚
2677 3764 2718 3814 ti

1685 3845 1755 3912 μὴ
1795 3842 2142 3913 κακοδαίμονα
2183 3845 2308 3905 υἱοί;
2344 3848 2494 3909 «quis
2521 3858 2713 3910 pau-em

1686 3926 1898 3976 laudabit
1914 3961 1930 3984 ,
1944 3928 2038 3975 nisi
2058 3927 2278 3976 infelices
2291 3925 2381 3975 filii
2393 3929 2415 3974 ?
2431 3949 2455 3968 ι·
2473 3927 2715 3985 Major-um

1688 4018 1734 4055 et
1775 4016 2029 4070 parentum
2055 4008 2225 4056 lundes
2262 4008 2425 4056 solent
2454 4007 2507 4054 in
2544 4005 2716 4070 prinis

1689 4101 2066 4134 commemorare
2079 4120 2093 4141 ‚
2113 4087 2199 4148 qui
2223 4087 2349 4150 ipsi,
2363 4087 2502 4150 quod
2519 4084 2713 4133 leude-
