3023 4773
621 433 1138 502 EPISTOLAE
1185 435 1313 502 AD
1363 434 1863 519 ATTICUM,
1899 438 2044 520 VI,
2088 460 2143 504 1.

2296 437 2437 510 605

325 554 441 624 hic
484 551 895 625 Metellusvf·
941 577 1288 651 proavum
1340 577 1554 624 suum
1605 555 1829 624 nescit
1876 579 2247 628 censorem
2287 587 2436 632 non

321 661 589 734 fuisse?
651 664 871 760 Atqui
938 662 1113 732 nihil
1184 663 1442 735 habuit
1511 661 1702 732 aliud
1775 665 2241 764 inscriptum,
2283 674 2440 744 -nisi

323 795 466 843 cos.
486 772 550 829 ⁷⁶
576 798 657 844 ea
671 785 901 844 statua
920 828 938 861 ,
957 799 1117 870 quae
1137 772 1224 843 ad
1244 774 1420 871 Opis
1449 796 1581 869 per
1614 787 1685 842 te
1717 776 1947 868 posita
1964 787 2023 831 7⁷
2056 778 2129 846 in
2159 780 2438 854 excelso

324 893 449 949 est.
508 883 590 948 In
638 879 755 948 illa
806 882 1013 967 item,
1063 904 1222 976 quae
1269 894 1376 950 est
1426 878 1514 948 ad
1568 874 1990 961 Πολυδεύκους
2015 878 2101 970 7⁸,
2148 881 2441 957 hercule

323 988 742 1084 inscriptum
807 1002 948 1074 est,
1010 1013 1198 1074 cos.;
1259 1013 1476 1084 quam
1543 1014 1695 1059 esse
1763 989 2129 1082 ejusdem,
2181 1007 2443 1082 status,

321 1101 662 1186 amictus,
701 1099 1042 1185 annulus,
1076 1102 1313 1196 imago
1348 1101 1500 1196 ipsa
1538 1099 1866 1171 declarat.
1909 1104 1997 1169 At
2033 1100 2442 1174 mehercule

322 1232 456 1305 ego
494 1233 718 1303 quum
765 1211 841 1278 in
877 1223 1111 1280 turma
1130 1221 1193 1267 79
1225 1213 1714 1281 inauratorum
1746 1211 2220 1306 equestrium,
2260 1238 2440 1307 quas

320 1314 515 1387 hic⁸⁰
560 1320 633 1388 in
680 1319 1032 1416 Capitolio
1079 1322 1357 1416 posuit,
1409 1320 2064 1390 animadvertissem
2109 1324 2185 1390 in
2231 1325 2438 1393 Sera·
2487 1399 2488 1402 ,

317 1425 631 1524 pionis8¹
677 1429 1204 1527 subscriptione
1240 1425 1634 1502 Africani&
1675 1431 2093 1526 imaginem,
2123 1447 2437 1503 erratum

388 1710 412 1754 7
424 1693 471 1741 5.
488 1694 647 1758 Scipio
664 1694 901 1744 Metellus.
917 1696 1117 1744 Constat
1134 1713 1194 1743 ex
1208 1696 1329 1744 Dio-

313 1788 400 1831 ne,
424 1773 702 1836 Scipionem
728 1774 857 1821 hunc
884 1774 1163 1835 Metellum,
1188 1776 1275 1837 qui
1301 1792 1330 1822 a

314 1853 380 1914 Q.
405 1853 603 1901 Caecilio
622 1853 823 1901 Metello
847 1853 936 1899 Pio
948 1853 1207 1917 adoptatus
1235 1864 1332 1914 est,

313 1931 556 1993 Scipionis
582 1931 771 1978 Nasicae
808 1932 953 1977 fuisse
978 1932 1241 1978 natnr‘alem
1268 1932 1329 1978 fi-

313 2009 431 2055 lium
449 2022 461 2054 :
481 2011 547 2055 ita
576 2021 628 2056 ut
646 2026 791 2057 avum
811 2008 1035 2056 habuerit
1054 2011 1328 2075 Scipionem

313 2087 536 2134 Nasicam
560 2105 694 2150 eum,
716 2090 802 2151 qui
828 2089 1001 2135 consul
1030 2089 1123 2136 fuit
1142 2105 1251 2136 cum
1265 2092 1327 2137 D.

313 2166 578 2230 Calpurnio
597 2168 772 2229 Bestia,
787 2184 917 2215 anno
933 2169 992 2214 U.
1010 2169 1065 2216 C.
1082 2170 1202 2224 642,
1217 2185 1328 2231 pro-

245 2291 259 2306 ,
310 2262 455 2293 avum
479 2247 530 2294 P.
554 2247 831 2310 Scipionem
869 2247 1179 2310 Serapionem
1200 2280 1215 2305 ,
1244 2246 1330 2310 qui

312 2326 485 2372 consul
507 2326 704 2390 quidem
733 2327 854 2385 fuit,
879 2341 1050 2372 censor
1073 2341 1174 2372 non
1197 2326 1290 2373 fuit
1311 2340 1324 2373 τ

310 2405 445 2469 quod
472 2406 750 2471 Scipionem
773 2406 1028 2454 Metellum
1047 2406 1289 2469 ignorasse
1306 2439 1321 2461 ‚

310 2494 358 2530 et
383 2487 691 2533 vehementer
716 2485 917 2532 miratur
941 2486 1132 2542 Cicero,
1150 2495 1197 2532 et
1216 2484 1323 2531 irri-

310 2561 403 2612 det.
428 2567 676 2627 ignorasse
695 2576 855 2611 autem
872 2580 924 2610 se
942 2563 1202 2610 declaravit
1220 2563 1323 2609 Sci·

307 2644 417 2708 pio,
438 2655 538 2692 tum
555 2662 616 2692 ex
628 2660 851 2692 sermone
868 2660 1011 2707 quem
1025 2643 1194 2690 habuit
1212 2658 1323 2690 cum

305 2723 503 2785 Attico,
519 2725 572 2770 in
588 2740 688 2787 quo
705 2724 866 2770 forsan
891 2723 1173 2771 Ciceronem
1192 2722 1320 2784 apud

308 2817 417 2847 eum
438 2802 986 2866 reprehendebat,quasi
1005 2803 1057 2849 in
1071 2802 1169 2848 suis
1188 2802 1323 2849 libris

306 2892 523 2942 negasset
542 2896 786 2928 censorem
810 2882 985 2929 fuisse:
1011 2891 1111 2927 tum
1130 2897 1191 2928 ex
1211 2881 1324 2928 dua-

306 2956 399 3004 bus
416 2959 569 3022 ipsius
589 2960 863 3024 Serapionis
876 2961 1043 3007 statuis
1057 2996 1072 3018 ,
1093 2960 1241 3008 altera
1259 2959 1324 3007 ad

306 3035 453 3099 Opis,
492 3037 640 3085 altera
667 3038 730 3086 ad
758 3039 970 3086 Pollucis
1002 3040 1190 3102 posita,
1224 3040 1323 3086 hoc

303 3114 570 3179 intelligere
592 3117 831 3181 potuerit,
855 3117 903 3163 in
929 3133 1130 3179 quarum
1153 3127 1319 3164 neutra

305 3210 501 3253 censor,
518 3196 569 3242 in
587 3207 790 3259 utraque
808 3194 981 3242 consul
1000 3206 1187 3241 tantum
1205 3196 1320 3241 scri-

304 3284 441 3336 ptum
457 3274 666 3337 legatur-3
688 3290 838 3337 quum
858 3273 1019 3320 omitti
1038 3272 1185 3319 decus
1200 3273 1321 3320 illud

305 3370 394 3401 nec
409 3354 650 3415 debuerit,
660 3346 750 3401 nec
766 3354 940 3400 soleret
960 3369 971 3400 :
992 3362 1093 3400 tum
1113 3352 1320 3415 denique

303 3433 438 3495 quod
454 3434 668 3481 Africani
679 3444 880 3480 statuam
894 3432 1160 3479 censoriam
1178 3432 1228 3477 in
1243 3432 1320 3479 Se-

304 3526 352 3557 ra
358 3512 517 3575 pionis
527 3513 843 3575 inscriptione
852 3511 1087 3575 posuerit,
1095 3527 1151 3557 ac
1161 3510 1199 3556 si
1216 3511 1319 3574 ipse

303 3606 500 3654 qnoque
525 3592 723 3656 Serapio
755 3606 928 3639 censor
952 3590 1118 3637 suisset
1139 3604 1152 3636 :
1171 3589 1320 3636 nihil·

302 3685 396 3733 que
421 3673 648 3730 referret,
674 3682 839 3719 utrum
879 3669 1097 3718 Africani
1123 3669 1282 3730 imago
1300 3701 1316 3727 ‚

302 3748 579 3813 Serapionis
602 3749 911 3812 inscriptioni
952 3749 1283 3811 imponeretur
1299 3779 1316 3803 ,

300 3841 362 3872 an
380 3826 525 3887 hujus
547 3829 598 3875 in
626 3828 855 3875 Africani.
875 3829 999 3890 Quae
1024 3826 1214 3874 inscitia
1234 3826 1318 3874 Ci-

301 3906 465 3952 neroni
483 3922 543 3953 eo
563 3906 753 3969 turpior
766 3908 869 3954 visa
888 3917 960 3954 est
974 3942 989 3967 ,
1008 3906 1145 3970 quod
1168 3907 1316 3952 anim-

299 3982 547 4031 advertere
572 3987 814 4049 potuerit,
843 3996 955 4049 post
981 3986 1171 4035 Nasica
1198 4000 1317 4032 con-

269 4117 277 4121 ·
299 4061 536 4120 sulatum,
566 4079 666 4111 non
692 4064 842 4113 modo
869 4065 1094 4113 Nasicam
1116 4065 1274 4129 ipsum
1298 4097 1314 4123 ,

296 4156 550 4189 censorem
584 4141 762 4189 factum
786 4158 887 4189 non
930 4144 1102 4202 fuisse,
1141 4142 1227 4190 sed
1254 4158 1316 4189 ne

1415 1695 1695 1747 Cornelium
1720 1694 1917 1759 quidem
1957 1694 2041 1742 illo
2077 1694 2285 1744 vivente.
2318 1697 2431 1743 Μι-

1418 1791 1556 1823 ιΑεΡ.

1491 1855 1576 1913 76.
1613 1851 1731 1898 Nisi
1770 1868 1868 1901 eos.
1902 1850 2098 1901 Schiitz.
2133 1869 2251 1900 vero
2295 1866 2437 1917 putat

1418 1931 1557 1977 istam
1581 1942 1786 1978 statuam
1805 1931 1930 1979 hanc
1955 1932 2323 1996 inscriptionem
2345 1932 2435 1980 ha·

1416 2009 1578 2056 baisse
1590 2012 1669 2057 «Ρ.
1685 2011 1940 2060 Cornelius
1957 2013 2009 2059 Ρ.
2025 2012 2077 2059 F.
2091 2011 2255 2074 Scipio
2266 2028 2433 2059 cens.»

1415 2088 1548 2135 unde
1569 2088 1827 2135 Metellum
1844 2091 1971 2137 hanc
2000 2090 2062 2137 de
2080 2091 2342 2153 Serapione
2359 2107 2438 2137 ac-

1419 2167 1678 2230 cipientem
1705 2169 1994 2216 convincere
2013 2170 2190 2215 erroris
2215 2180 2433 2232 poterat,

1417 2245 1550 2307 quod
1570 2254 1751 2291 certum
1779 2260 1834 2291 ac
1858 2257 2028 2293 notum
2052 2258 2174 2294 esset
2212 2247 2436 2310 Serapio-

1415 2340 1526 2370 nem
1544 2339 1794 2370 censorem
1821 2339 2080 2388 numquam
2110 2326 2270 2372 fuisse.
2298 2326 2433 2373 Idem

1412 2405 1537 2451 infra
1568 2404 1704 2451 malit
1731 2404 2020 2467 inscriptum
2042 2421 2144 2452 esse
2177 2406 2311 2454 Cens.
2338 2406 2433 2454 Sed

1411 2485 1522 2548 quis
1548 2494 1680 2530 vetat
1705 2483 1807 2530 haec
1831 2484 2098 2548 intelligere
2120 2483 2180 2531 de
2200 2486 2310 2549 ipso
2328 2487 2436 2533 Me·

1414 2564 1515 2612 telli
1541 2565 1761 2627 proavo?
1787 2566 1877 2612 En.

1484 2660 1509 2703 7
1523 2659 1571 2703 7.
1604 2646 1698 2689 Per
1719 2654 1765 2688 te
1785 2643 1965 2705 posita.
1985 2642 2140 2689 Attici
2160 2658 2433 2707 opera,an·

1413 2722 1650 2784 tiquitatis
1691 2722 1838 2769 totius
1879 2722 2154 2785 peritissimi
2178 2756 2193 2780 ,
2219 2722 2351 2769 hisce
2378 2724 2431 2769 in

1410 2801 1556 2847 rebus
1575 2800 1715 2847 multi
1744 2801 1819 2847 usi
1845 2811 1983 2863 sunt..
1999 2801 2146 2848 Mau.

1487 2881 1570 2941 78.
1600 2873 1941 2934 Πολυδεύκους.
1960 2879 2188 2937 Pollucis.
2219 2879 2431 2943 supple,

1412 2957 1661 3023 templum.

1484 3053 1566 3099 79.
1587 3039 1630 3081 T
1626 3051 1783 3082 urma.
1804 3036 1934 3097 Apte
1952 3033 2314 3083 multitudinem
2330 3048 2429 3085 sta·

1408 3126 1598 3162 tuarum
1642 3112 1933 3177 equestrium
1984 3124 2192 3160 turmam
2242 3127 2383 3164 vocat
2410 3130 2425 3164 τ

1409 3211 1520 3242 nam
1544 3194 1763 3257 equitum
1803 3204 1872 3240 est
1911 3203 2065 3240 turma
2107 3194 2304 3258 proprie
2319 3230 2335 3252 ,
2372 3206 2428 3243 nt

1407 3285 1604 3320 caterva
1627 3272 1860 3337 peditum.
1883 3273 2136 3319 Altonum.

1482 3353 1565 3398 80.
1593 3351 1752 3409 Olim,
1777 3349 1855 3397 hic
1881 3351 2119 3398 Metellus.
2150 3352 2310 3400 Graev.
2337 3369 2426 3400 au-

1408 3441 1543 3477 ctore
1578 3429 1701 3476 MSS
1739 3428 1930 3475 Balliol.
1965 3428 2254 3489 ejiciendum
2285 3441 2427 3493 puta-

1407 3509 1490 3555 bat
1511 3508 1747 3556 Metellus.
1763 3510 1930 3555 Recte.
1953 3507 2042 3554 Ed.
2062 3509 2206 3555 Rom.
2224 3524 2324 3555 non
2343 3509 2429 3555 ha-

1408 3587 1507 3635 bet.
1531 3590 1582 3636 J.
1601 3590 1661 3634 V.
1685 3590 1738 3635 L.

1481 3668 1507 3712 8
1521 3682 1562 3713 1.
1580 3663 1871 3728 Serapionis.
1890 3665 2079 3729 Nempe
2098 3666 2317 3713 Africani
2336 3680 2428 3716 sta·

1406 3756 1488 3793 tua
1510 3745 1737 3808 imposita
1758 3744 1912 3790 fuerat
1924 3743 2048 3806 basi,
2064 3760 2174 3807 quae
2193 3745 2424 3795 destinata

1404 3835 1575 3871 statuae
1613 3823 1891 3886 Serapionis
1912 3856 1927 3881 ‚
1967 3823 2014 3869 ei
2057 3820 2447 3874 convenientem'

1404 3903 1612 3951 habebat
1629 3903 2012 3966 inscriptionem.
2032 3905 2283 3953 Axoume.

1477 3982 1559 4030 82.
1606 3982 1698 4031 Ed.
1732 3984 1881 4030 Rom.
1919 3983 2064 4030 habet
2081 4017 2096 4039 ,
2137 3982 2425 4046 Africanum

1402 4078 1597 4127 agmen.
1616 4064 1809 4110 Ernest.
1833 4062 1963 4123 conj.
1983 4060 2220 4125 Africani
2235 4077 2428 4119 nomen,

1405 4142 1483 4189 vel
1500 4157 1768 4206 cognomen
1781 4158 1802 4197 ;
1825 4150 1969 4205 atque
1986 4141 2040 4189 id
2058 4142 2260 4189 alterum
2281 4140 2334 4188 in
2353 4156 2434 4189 or-
