3023 4773
659 457 804 527 618
1102 554 1107 560 ι
1307 463 1402 528 Μ.
1456 463 1536 530 Τ.
1589 463 2147 532 CICERONIS

677 661 1597 684 mmmmm
1872 661 2506 685 “mmmmm
2516 661 2800 680 ΜἏΏΜ

1313 863 1910 943 EPISTOLA
1966 863 2136 941 III.

657 1023 931 1085 Nondum
960 1023 1116 1102 apud
1147 1044 1209 1082 se
1231 1024 1606 1081 constitutum
1634 1043 1757 1082 esse
1778 1024 1874 1081 cui
1896 1024 2253 1100 provinciam
2281 1021 2492 1081 tradat.
2513 1028 2606 1081 De
2633 1022 2804 1081 nebus

734 1121 974 1181 urbanis
1002 1123 1219 1180 certior
1242 1120 1367 1179 fieri
1385 1121 1583 1198 cupit:
1615 1121 1759 1198 quid
1787 1122 1846 1179 iu
1867 1121 2031 1180 Bruti
2054 1120 2300 1197 negotiis
2328 1122 2510 1192 egerit
2529 1121 2802 1197 exponit;

739 1239 915 1296 quam
940 1217 1109 1276 valde
1137 1225 1208 1292 Q.
1232 1218 1438 1277 Cicero
1468 1219 1622 1275 filius
1651 1217 1729 1275 ob
1761 1219 1942 1295 patris
1970 1217 2271 1275 consilium
2301 1217 2692 1295 Pomponiam
2722 1217 2804 1274 di·

741 1314 1011 1374 mittendi
1040 1313 1419 1373 conturbatus
1448 1316 1524 1374 sit
1559 1317 1763 1387 resert;
1809 1327 1974 1393 rogat
2015 1327 2079 1373 ut
2112 1314 2221 1373 sibi
2244 1320 2318 1387 Q.
2345 1315 2563 1373 Celeris
2594 1315 2804 1371 oratio-

745 1432 878 1470 nem
920 1413 978 1469 in
1019 1412 1330 1471 Servilium
1365 1413 1573 1471 mittat.
1619 1417 1744 1484 (Ex
1771 1412 2002 1483 Cilicia,
2048 1431 2204 1470 anno
2231 1416 2302 1471 U.
2334 1413 2404 1470 C.
2428 1413 2581 1510 203,
2613 1429 2806 1469 mense

742 1507 952 1587 jouin.)

1334 1657 1645 1723 CICERO
1693 1631 2012 1723 A‘rrmo
2056 1660 2120 1724 s.

758 1812 919 1879 Erst
954 1807 1054 1877 nil
1096 1832 1265 1878 sane
1302 1804 1660 1877 habebam
1699 1807 1907 1894 novi,
1949 1805 2150 1904 quod
2187 1822 2351 1905 post
2393 1805 2805 1890 accidisset.

664 1939 885 2011 quam
924 1915 1277 1987 dedissem
1319 1914 1404 1984 ad
1448 1929 1520 1985 te
1557 1914 1967 2011 Philogeni,
2010 1915 2273 1987 liberto
2313 1932 2479 2003 tuo,
2516 1916 2800 1987 literas:

662 2038 905 2097 tamen
947 2050 1173 2123 quum
1230 2025 1697 2096 Phiiotimum
1753 2030 2054 2097 Romam
2101 2029 2538 2097 remitterem
2565 2083 2585 2112 ,
2632 2030 2801 2096 scri-

661 2134 978 2206 bendum
1011 2135 1285 2235 aliquid
1315 2136 1404 2207 ad
1430 2135 1696 2208 te'fuit.
1727 2146 1829 2208 Ac
1863 2118 2176 2235 primum
2214 2136 2429 2222 illud,
2456 2137 2658 2233 quod
2695 2163 2804 2206 me

665 2249 975 2318 maxime
1016 2246 1326 2344 angebat
1365 2249 1561 2344 (non
1592 2272 1742 2344 quo
1782 2272 1896 2318 me
1928 2248 2194 2344 aliquid
2221 2250 2472 2344 juvare
2510 2271 2754 2344 posses
2785 2275 2799 2315 :

664 2359 938 2455 quippe
974 2382 1089 2430 res
1122 2362 1313 2430 euim
1345 2371 1449 2430 est
1478 2358 1551 2428 in
1584 2356 1952 2446 manibus3
1992 2371 2065 2428 tu
2095 2372 2333 2429 autem
2374 2356 2548 2440 abes
2591 2355 2804 2453 longe

661 2470 988 2564 gentium
1021 2495 1035 2536 ε

1535 2592 1702 2646 Πολλὰ
1730 2586 1782 2644 δ’
1818 2595 1866 2646 ἰν
1896 2595 2177 2664 μιταιχμίῳ

1146 2688 1307 2747 Νότος
1341 2682 1554 2739 κυλίνδει
1580 2689 1763 2757 κύματ’
1790 2686 1970 2756 nuptiae
2001 2687 2112 2748 ἁλὸς
2133 2675 2206 2753 ¹),

666 2830 990 2930 obrepsit
1026 2833 1176 2904 dies
1198 2887 1219 2917 ‚
1263 2848 1343 2903 ut
1379 2833 1580 2905 vides
1616 2834 1843 2930 (mihi
1888 2837 2081 2905 enim
2116 2859 2177 2904 a.
2213 2832 2283 2904 d.
2327 2859 2406 2904 ιιι
2446 2831 2586 2903 kal.
2624 2849 2803 2905 sext.

665 2942 754 3013 de
789 2943 1156 3040 provincia
1182 2942 1684 3015 decedendum
1721 2944 1910 3037 est),
1937 2968 2069 3014 nec
2097 2941 2531 3015 succeditur.
2567 2945 2805 3033 Quem

663 3053 1110 3149 relinquam,
1152 3056 1278 3149 qui
1325 3055 1710 3151 provinciae
1762 3054 2047 3151 praesit?
2097 3055 2302 3124 Ratio
2354 3052 2694 3150 quidem,
2731 3068 2804 3121 et

666 3164 917 3261 opinio
966 3162 1349 3233 hominum
1403 3163 1720 3260 postulat
1767 3161 2059 3234 fratrem
2117 3191 2135 3231 .-
2198 3165 2508 3262 primum
2537 3218 2557 3249 ‚
2603 3162 2804 3259 quod

664 3272 953 3344 videtur
981 3297 1133 3343 esse
1164 3273 1429 3361 honos;
1464 3298 1680 3344 nemo
1709 3275 1929 3370 igitur
1962 3276 2236 3372 potior;
2275 3272 2539 3343 deinde
2559 3329 2577 3360 ‚
2602 3272 2803 3370 quod

664 3384 901 3454 solum
933 3381 1167 3453 habeo
1196 3388 1636 3481 praetorium.
1658 3386 2111 3483 Pomptinius
2148 3388 2338 3454 enim
2370 3410 2459 3453 ex
2481 3399 2690 3480 pacto
2727 3398 2806 3452 et

667 3509 1031 3566 conventu
1060 3496 1085 3589 (
1116 3519 1283 3563 nam
1322 3519 1402 3564 ea
1435 3493 1590 3589 lege
1618 3496 1918 3585 exierat)
1949 3495 2093 3588 jam
2136 3521 2174 3563 a
2203 3517 2317 3562 me
2361 3492 2807 3563 discesserat.

665 3608 1110 3695 Quaestorem
1147 3614 1175 3644 ²
1236 3628 1451 3674 nemo
1503 3604 1803 3700 dignum
1850 3619 2078 3701 putat.
2131 3604 2414 3673 Etenim
2456 3617 2561 3672 est
2597 3602 2809 3683 levi5‚

741 3862 786 3894 1.
814 3844 979 3897 Πολλὰ
1002 3842 1047 3896 δ’
1070 3847 1115 3897 ἐν
1138 3845 1407 3915 μεταιχμίῳ
1437 3846 1583 3904 Νότας
1611 3864 1691 3895 κν·
1779 3848 1949 3896 Attico
1980 3858 2053 3894 sat
2081 3862 2255 3909 magno
2283 3846 2359 3892 vel
2389 3846 2533 3893 maris
2564 3846 2817 3905 interjecni

662 3919 1000 3991 λίνδεικὺματ’
1018 3925 1190 3994 εὐρείης
1213 3925 1341 3983 ἁλός.
1367 3927 1547 3974 Multos
1568 3943 1687 3973 vero
1775 3925 2033 3973 intervallo
2061 3924 2296 3973 distineri.
2319 3926 2435 3971 Seu.
2467 3952 2472 3957 ·

663 4005 714 4053 in
735 4003 894 4051 medio
916 4007 1093 4052 Auster
1116 4007 1267 4054 volvit
1268 4007 1457 4073 fluctus
1479 4006 1572 4052 lati
1589 4021 1689 4052 ma·
1847 4020 1895 4052 2.
1928 4008 2242 4067 Qua-uorem.
2272 4004 2454 4051 Coeiius
2482 4004 2702 4051 nondum
2731 4021 2815 4049 ve-

661 4083 744 4133 ris.
782 4080 1014 4130 Proverb.
1055 4082 1226 4145 ingens
1262 4083 1607 4131 intervallum:
1638 4095 1686 4131 et
1777 4096 1933 4131 uerat.
1948 4085 2237 4133 Mescinium
2259 4085 2403 4146 igitur
2428 4084 2814 4146 intelligam-

662 4162 812 4213 multa
846 4161 898 4210 in
933 4160 1116 4209 medio.
1155 4187 1222 4198 —
1256 4161 1504 4225 signifieat
1539 4178 1589 4210 se
1622 4163 1684 4210 ab
1777 4179 1983 4211 nunus.
