3023 4773
746 464 824 531 T.
867 466 1409 537 POMPONII
1460 466 1828 537 ATTICI.
2216 498 2352 569 227

234 588 474 686 primis
502 585 685 682 quid
718 584 983 682 legeret
1000 640 1019 674 ,
1044 585 1312 684 quibus
1344 589 1419 657 in
1454 584 1663 675 lociS,¹
1680 604 1753 660 et
1775 614 1993 685 quam
2022 591 2150 665 diu
2170 611 2357 667 esset

230 711 675 768 moraturus:
707 696 830 767 sed
860 700 1099 784 etiam,
1131 722 1362 794 quum
1391 712 1577 769 esset
1604 700 1680 769 in
1708 699 1929 789 Urbe,
1964 717 2038 773 et
2058 719 2361 804 propter

221 833 386 879 suas
415 805 737 879 infinitas
771 809 1284 905 occupationes
1320 808 1562 878 minus
1598 832 1821 906 saepe,
1854 835 2075 907 quam
2118 816 2365 905 vellet,

219 920 457 989 Attico
493 916 876 1005 frueretur,
906 917 1149 988 nullus
1176 916 1329 990 dies
1353 931 1602 989 tamen
1630 933 1904 991 temere
1934 926 2361 1013 intercessit,

220 1054 371 1125 quo
401 1052 556 1100 non
582 1027 672 1099 ad
695 1051 862 1099 eum
883 1025 1261 1099 scriberet:
1280 1051 1517 1126 quum
1536 1028 1757 1099 modo
1777 1029 2051 1126 aliquid
2071 1031 2162 1104 de
2180 1037 2364 1105 anti-‘-

219 1140 502 1235 quitate
545 1138 636 1209 ab
667 1163 758 1209 eo
791 1140 1234 1234 requireret3
1272 1135 1495 1208 modo
1532 1137 1851 1236 aliquam
1886 1144 2363 1236 quaestionem

218 1253 581 1343 poeticam
613 1248 679 1318 ei
707 1260 1184 1344 proponeret;
1213 1247 1584 1318 interdum
1613 1248 1866 1342 jocans
1904 1251 2063 1345 ejus
2092 1253 2360 1325 verbo-

216 1359 449 1430 siores
488 1357 785 1429 eliceret
817 1357 1173 1454 epistolas.
1208 1360 1314 1427 Ex
1347 1382 1516 1454 quo
1561 1359 1849 1447 accidit,
1892 1386 2126 1458 quum
2171 1364 2360 1437 aedes

214 1470 412 1539 Jovis
435 1469 771 1553 Feretrii,
798 1467 874 1536 in
905 1464 1261 1562 Capitolio
1290 1464 1383 1537 ab
1412 1466 1727 1538 Romulo
1756 1470 2150 1543 constituta
2173 1527 2192 1561 ,
2230 1497 2364 1545 ve·-

216 1592 488 1650 tustate
540 1592 759 1674 atque
796 1578 1072 1647 incuria
1104 1574 1386 1646 detecta
1421 1575 1951 1674 prolaberetur,
1997 1596 2114 1670 ut,
2148 1585 2368 1655 Attici

218 1687 630 1775 admonitu,
646 1692 877 1758 Caesar
901 1710 1059 1756 eam
1080 1683 1544 1757 reficiendam
1577 1702 1885 1759 curaret.
1909 1691 2167 1787 Neque
2190 1718 2366 1767 vero

215 1821 272 1868 a·
293 1801 392 1867 M.
419 1797 739 1868 Antonio
767 1795 1010 1865 minus
1042 1793 1300 1866 absens
1336 1795 1563 1866 literis
1601 1794 2014 1888 colebatur3
2046 1799 2252 1890 ade0,
2284 1820 2368 1876 ut

213 1921 554 1979 accurate
590 1905 711 1988 ille
747 1930 837 1976 ex
868 1905 1141 1975 ultimis
1176 1905 1421 1993 terris,
1452 1904 1631 2001 quid
1665 1922 1948 2004 ageret,
1995 1934 2187 1983 curae
2214 1914 2365 1986 'sibi

217 2018 527 2090 haberet
579 2017 959 2088 certiorem
1028 2012 1295 2086 faceret
1341 2015 1684 2085 Atticum.
1746 2021 1900 2089 Hoc
1955 2020 2172 2115 quale
2232 2024 2325 2094 sit
2346 2079 2366 2109 ‚

215 2128 500 2200 facilius
533 2123 969 2198 existimabit
998 2126 1090 2212 is,
1122 2129 1249 2221 qui
1278 2122 1604 2219 judicare
1631 2129 1930 2223 poterit,
1955 2147 2248 2225 quantae
2277 2137 2370 2205 sit

215 2238 621 2339 sapientiae,
676 2259 931 2308 eorum
981 2237 1296 2306 retinere
1346 2260 1562 2305 usum
1611 2235 2366 2340 benivolentiamque,

216 2354 410 2424 inter
451 2373 641 2447 quos
675 2347 1146 2419 maximarum
1189 2369 1434 2417 rerum
1479 2370 1634 2417 non
1676 2347 1912 2420 solum
1961 2352 2322 2426 aemulatio
2347 2411 2366 2444 ,

214 2462 339 2535 sed
379 2460 822 2532 obtrectatio
862 2471 1060 2529 tanta
1104 2455 1635 2546 intercedebat,
1680 2476 2027 2556 quantam
2068 2461 2206 2535 fuit
2258 2469 2367 2537 in-

211 2574 460 2646 cidere
483 2595 778 2643 necesse
804 2573 994 2640 inter
1012 2573 1387 2653 Caesarem,
1413 2582 1632 2665 atque
1661 2573 2099 2661 Antonium3
2127 2601 2363 2673 quum
2432 2625 2437 2628 ι

212 2710 290 2756 se
328 2700 650 2781 uterque
687 2681 1094 2780 principem
1135 2703 1301 2756 non,
1324 2677 1564 2750 solum
1607 2677 1810 2752 urbis
1851 2707 2203 2773 romanae,
2237 2685 2366 2757 sed

212 2795 416 2868 orbis
451 2809 813 2866 terrarum
858 2814 1010 2861 esse
1047 2802 1374 2887 cuperet.

305 2904 672 2979 XXLTali
703 2901 923 2973 modo
956 2924 1193 2999 quum
1226 2913 1504 2996 septem
1539 2912 1613 2969 et
1645 2905 2098 2998 septuaginta
2133 2929 2367 2978 annos

210 3018 684 3116 complesset,
716 3028 935 3111 atque
954 3011 1044 3084 ad
1067 3024 1464 3082 extremam
1479 3023 1929 3080 senectutem
1949 3035 2100 3082 non
2124 3015 2369 3086 minus

209 3128 609 3225 dignitate,
661 3148 883 3223 quam
929 3123 1154 3220 gratia
1198 3118 1641 3219 fortunaque
1686 3120 2025 3191 crevisset
2058 3125 2369 3218 (multas

207 3244 414 3309 enim
439 3234 884 3307 hereditates
910 3230 1108 3304 nulla
1131 3230 1266 3301 alia
1284 3256 1363 3301 re
1386 3284 1405 3317 ,
1434 3226 1657 3327 quam
1689 3229 2017 3302 bonitate
2047 3247 2155 3304 est
2187 3256 2369 3305 con·-

207 3349 672 3446 sequutus),
725 3358 1070 3442 tantaque
1123 3345 1598 3440 prosperitate
1657 3364 1832 3412 usus
1877 3355 2066 3412 esset
2111 3342 2367 3415 valitu-

203 3460 405 3532 dinis
426 3515 445 3548 ,
492 3473 580 3529 ut
605 3457 814 3527 annis
845 3480 992 3525 xxx
1019 3451 1379 3523 medicina
1408 3475 1562 3522 non
1599 3449 2025 3548 indiguisset
2053 3479 2069 3521 :
2109 3467 2366 3528 nactus

202 3584 327 3642 est
356 3566 709 3640 morbum
732 3619 752 3655 ,
790 3589 1013 3663 quem
1044 3563 1254 3632 initio
1296 3574 1368 3630 et
1407 3561 1563 3657 ipse
1587 3615 1607 3648 ,
1645 3574 1719 3631 et
1749 3560 2007 3631 medici
2048 3578 2367 3636 contem-

201 3692 527 3776 pserunt
565 3704 582 3747 ε
626 3699 798 3747 nam
835 3685 1185 3772 putarunt
1221 3694 1375 3742 esse
1416 3684 1795 3741 tenesmon
1817 3723 1836 3757 ,
1887 3674 2007 3741 cui
2044 3675 2368 3748 remedia

194 3789 475 3860 celeria
497 3841 518 3876 ,
552 3784 935 3881 faciliaque
978 3780 1600 3881 proponebantur.
1647 3780 1734 3847 In
1775 3777 1918 3850 hoc
1950 3800 2183 3876 quum
2224 3798 2370 3860 tres

197 3921 510 3970 menses
534 3899 691 3969 sine
717 3894 883 3967 ullis
911 3891 1320 3976 doloribus,
1342 3903 1821 3988 praeterquam
1847 3914 2034 3987 quos
2058 3916 2147 3963 ex
2167 3918 2369 3968 cura·

192 4013 421 4081 tione
446 4005 820 4106 capiebat,
850 4003 1450 4100 consumpsisset3
1485 3998 1728 4070 subito
1762 4014 1961 4073 tanta
1986 4003 2093 4074 vis
2121 4005 2362 4077 morbi

189 4121 278 4190 in
333 4121 570 4189 imum
631 4115 1057 4188 intestinum
1106 4113 1484 4212 prorupit,
1530 4123 1611 4180 ut
1664 4125 1990 4184 extremo
2035 4127 2368 4212 tempore

1968 4307 1987 4324 ·
2089 4224 2193 4297 15.
