3023 4773
877 406 1426 491 EPISTOLAE,
1475 408 1644 490 XV,
1682 409 1748 490 4.
2252 406 2380 486 135

260 528 434 600 idem
480 553 639 599 non
676 525 969 620 facit?),
1020 527 1149 598 sed
1190 529 1268 600 in
1310 528 1651 600 omnibus
1693 529 2185 617 orationibuS,
2221 549 2380 604 sem

260 643 490 712 tentiis
548 637 909 725 dicendis,
962 640 1192 711 causis
1255 638 1591 738 agendis»,
1661 639 2001 712 om'nibus
2054 642 2338 739 scriptis
2365 697 2385 728 ,

256 752 523 849 ganeis,
554 751 795 821 latinis
818 804 837 836 ,
864 754 1066 821 omni
1091 748 1411 848 denique
1434 751 1775 822 varietate
1802 750 2165 824 literarum
2198 777 2385 823 mea-

252 887 443 949 rum,
488 877 560 932 te
605 884 759 932 non
802 858 1028 931 modo
1066 860 1186 948 iis,
1223 885 1411 957 quos
1447 858 1909 947 vidissemuS,
1958 861 2084 934 sed
2136 863 2256 951 iis,
2293 863 2385 935 de

251 972 517 1069 quibus
551 970 1036 1060 audissemuS,
1074 970 1417 1043 omnibus
1450 969 1900 1042 anteferrem.

334 1086 646 1174 Quaeres
670 1080 1005 1169 fortasse,
1029 1080 1209 1179 quid
1232 1084 1355 1170 sit,
1380 1080 1583 1179 quod
1607 1104 1744 1178 ego
1763 1081 1904 1152 hoc
1937 1083 2182 1153 nescio
2207 1083 2385 1179 quid

248 1193 744 1290 gratulationis
771 1207 845 1264 et
871 1192 1172 1263 honoris
1199 1218 1240 1263 a
1262 1207 1554 1280 senatu,
1574 1194 1753 1264 tanti
1774 1194 2139 1263 aestimem.
2161 1196 2386 1291 Agam

244 1305 381 1398 jam
426 1319 678 1376 tecum
727 1301 1197 1391 familiariter,
1260 1318 1341 1373 ut
1386 1317 1494 1375 est
1539 1293 1611 1373 et
1653 1304 1949 1392 studiis,
1997 1317 2070 1374 et
2128 1302 2387 1375 officiis

248 1418 514 1486 nostris
542 1416 842 1501 mutui5‚
864 1429 936 1485 et
969 1438 1250 1486 summa
1277 1413 1591 1484 amicitia
1616 1411 1953 1510 dignum,
1985 1427 2059 1485 et
2075 1416 2387 1486 necessi-

251 1524 504 1597 tudine
549 1526 773 1597 etiam
821 1539 1143 1622 paterna.
1193 1526 1266 1594 Si
1297 1525 1680 1621 quisquam
1714 1521 1852 1594 fuit
1891 1548 2238 1620 umquam
2270 1549 2386 1614 re-

248 1649 492 1724 motus
551 1648 626 1705 et
668 1648 965 1722 natura,
1032 1649 1107 1706 et
1145 1638 1373 1733 magis
1424 1635 1682 1722 etiam,
1741 1648 1822 1704 ut
1877 1634 2052 1704 mihi
2091 1635 2387 1731 quidem

248 1747 515 1816 sentire
550 1744 828 1834 videor,
857 1746 1136 1818 ratione
1165 1759 1385 1842 atque
1414 1743 1744 1815 doctrina
1765 1799 1784 1833 ,
1810 1742 1901 1814 ab
1932 1746 2129 1815 inani
2152 1744 2387 1834 laude,

248 1870 316 1926 et
349 1853 822 1927 sermonibus
865 1854 1091 1952 vulgi,
1130 1879 1291 1956 ego]
1312 1851 1643 1953 profecto
1685 1855 1745 1924 is
1781 1878 1964 1925 sum.
2007 1856 2232 1927 Testis
2277 1872 2388 1928 est

249 1965 668 2036 consulatus
693 1989 936 2036 meus:
969 1968 1046 2035 in
1073 1990 1259 2063 quo,
1289 1967 1472 2039 sicut
1499 1969 1575 2037 in
1604 1965 1883 2063 reliqua
1911 1971 2055 2038 vita
2075 2021 2095 2055 ,
2133 1965 2388 2054 fateor,

247 2101 321 2147 ee
349 2101 480 2147 me
502 2076 825 2148 studiose
850 2091 1242 2173 sequutum
1265 2130 1284 2162 ,
1311 2101 1399 2147 ex
1425 2075 1697 2175 quibus
1733 2101 1901 2148 vera
1935 2077 2160 2174 gloria
2191 2080 2387 2150 nasci

248 2202 535 2285 posset3
578 2188 802 2284 ipsam
842 2186 1141 2284 quidem
1175 2187 1477 2285 gloriam
1523 2211 1657 2285 per
1692 2211 1768 2266 se
1805 2212 2208 2285 numquam
2246 2214 2385 2289 pu·

246 2300 382 2368 tavi
412 2296 929 2395 expetendam.
958 2302 1211 2396 Itaque
1245 2312 1320 2369 et
1357 2299 1802 2396 provinciam
1816 2307 1882 2341 ²⁰
1907 2313 2233 2370 ornatam
2255 2355 2275 2390 ,
2320 2315 2393 2371 et

244 2433 453 2507 spem
494 2433 652 2479 non
697 2407 997 2480 dubiam
1044 2409 1400 2506 triumphi
1448 2410 1756 2507 neglexi.
1800 2411 2298 2484 Sacerdotium
2320 2423 2379 2455 ²¹

244 2518 603 2617 denique,
648 2536 880 2616 quum
925 2519 1591 2617 (quemadmodum
1634 2535 1708 2592 te
1746 2523 2152 2593 existimare
2188 2520 2384 2593 arbi-

242 2645 400 2703 tror
425 2631 458 2725 )
486 2655 638 2701 non
672 2628 1091 2703 difficillime
1123 2630 1474 2727 consequi
1502 2655 1818 2729 possem,
1854 2657 2008 2703 non
2046 2636 2383 2730 appetivi.

341 2740 561 2813 Idem
591 2756 757 2840 post
789 2742 1129 2837 injuriam
1165 2755 1534 2838 acceptam
1570 2739 1830 2838 (quam
1863 2756 1942 2813 tu
1973 2741 2391 2840 reipublicae

246 2853 728 2925 calamitatem
767 2876 1054 2950 semper
1088 2851 1430 2950 appellas,
1463 2861 1528 2895 ²²
1547 2876 1778 2922 meam
1814 2877 1965 2923 non
1990 2851 2213 2923 modo
2239 2878 2388 2923 non

244 2964 756 3051 calamitatem,
776 2962 898 3034 sed
928 2965 1141 3036 etiam
1179 2962 1532 3061 gloriam),
1559 2961 1805 3033 studui
1836 2988 2055 3060 quam
2092 2966 2393 3036 ornatis-

246 3078 427 3148 sima
468 3088 766 3147 senatus
809 3073 1216 3171 populique
1256 3078 1539 3147 romani
1575 3072 1666 3143 de
1710 3096 1827 3143 me
1867 3073 2134 3166 judicia
2177 3074 2394 3145 inter-

244 3324 601 3380 die-imnlme,
627 3322 753 3370 bene
773 3331 937 3369 aetum
955 3336 1059 3369 ecee
1077 3336 1193 3369 cnm
1211 3338 1279 3369 re-

243 3404 447 3469 publica
471 3412 635 3451 morte
652 3403 708 3449 P.
730 3399 908 3450 Clodii.
937 3402 1086 3450 Min.

1365 3322 1688 3386 Triumphare
1717 3331 1911 3385 poteret
1939 3319 2001 3367 de
2028 3319 2226 3368 Sala-sis
2246 3332 2294 3370 et
2310 3324 2394 3370 In-

1296 3388 1319 3407 ‘
1365 3400 1543 3464 alpinis
1568 3400 1821 3464 gentibus,
1841 3415 1951 3463 qua!
1975 3400 2165 3463 populo
2189 3416 2392 3451 romano

313 3499 399 3533 ao.
423 3482 755 3530 Provinciam.
781 3482 939 3543 Quam
959 3480 1012 3527 in
1037 3478 1277 3527 concione

244 3561 581 3627 depectunv,
619 3578 672 3610 2.
706 3561 786 3609 Sic
815 3559 1032 3624 Philipp.
1051 3561 1154 3620 xl,
1185 3573 1274 3607 10:

246 3664 277 3685 ι
300 3645 601 3691 Instructam
655 3650 971 3702 ornatamque
1019 3655 1045 3685 a
1106 3648 1277 3686 senatu

246 3722 557 3785 provinciam
580 3719 849 3783 deposui».
876 3721 944 3766 Ea
971 3732 1091 3765 vero
1118 3716 1276 3766 Gallia
1314 3708 1327 3724 ⁸

247 3802 446 3849 citerior
465 3800 582 3848 suit.
601 3798 729 3847 Nam
747 3809 869 3848 orat.
893 3801 947 3847 in
970 3799 1135 3846 Pison.
1151 3814 1198 3846 c.
1218 3812 1276 3846 2:

249 3902 275 3919 ·
290 3881 596 3945 provinciam
623 3878 833 3927 Galliam
847 3914 862 3937 ,
896 3889 1090 3926 senatus
1110 3888 1279 3925 ancto-

250 3960 418 4020 duic,
434 3959 656 4009 exercitu
677 3969 727 4006 et
752 3958 961 4022 pecnnia
992 3958 1281 4005 instructam

253 4048 307 4085 et
336 4050 590 4097 ornatam,
625 4049 764 4087 etc.»
807 4038 869 4084 Et
897 4037 962 4084 ad
986 4038 1091 4084 Att.
1123 4039 1204 4094 ΙΙ,
1237 4051 1281 4084 1.

254 4118 401 4166 Mu.
436 4146 513 4155 -—
537 4119 675 4183 Spem
695 4135 796 4166 non
814 4116 1016 4165 dubiam
1037 4114 1282 4180 triumphi.

1365 3495 1466 3527 non
1502 3480 1753 3544 parebant.
1787 3480 1913 3528 Cum
1941 3477 2019 3525 his
2042 3477 2226 3527 bellum
2248 3483 2395 3545 gessit

1366 3569 1414 3606 et
1433 3560 1665 3607 Metellus
1691 3558 1830 3607 Celer
1851 3555 1918 3622 (1,
1955 3555 2002 3622 ι)
2017 3594 2033 3619 ,
2058 3568 2106 3605 et
2130 3561 2195 3609 D.
2212 3562 2392 3610 Brutus

1365 3637 1491 3703 (Χῖ,
1521 3638 1595 3704 4).
1626 3640 1777 3687 Mn.
2170 3680 2176 3689 .

1440 3733 1524 3767 21.
1562 3717 1912 3766 Sacerdotium.
1954 3717 2289 3781 Augai-atum,
2342 3720 2394 3768 in

1366 3812 1469 3861 quo
1494 3799 1547 3846 P.
1577 3795 1767 3843 Licinio
1794 3796 1994 3855 Crasse,
2031 3813 2059 3844 a
2091 3798 2282 3845 Parthis
2309 3814 2396 3846 oc-

1368 3877 1471 3924 ciso
1487 3911 1502 3934 ,
1527 3876 1775 3924 suecessit.
1805 3876 1896 3925 En.

1442 3971 1529 4002 αα.
1556 3953 1688 4003 Male
1708 3940 1897 4003 Ernesti
1916 3952 2107 4002 addidit
2123 3969 2398 4018 pronomen

1372 4051 1462 4099 ego
1503 4033 1609 4081 eine
1648 4033 1809 4081 Mss.·
1831 4033 2010 4097 Aptius
2057 4033 2154 4080 hoc
2199 4049 2399 4097 quoque

1376 4113 1554 4162 Catoni
1575 4111 1826 4161 tribuitur.
1851 4114 1978 4163 J..v
2004 4116 2059 4160 1..
