3023 4773
572 414 1089 483 EPISTOLAE
1138 416 1280 483 AD
1327 417 1849 507 ATTICUM,
1899 423 1985 509 V,
2038 447 2100 492 α.
2259 424 2399 512 543

264 559 516 606 rumor
551 534 645 628 de
677 534 1239 632 Transpadanis,
1289 563 1416 610 eos
1457 537 1698 635 jussos
1743 565 1853 612 1111
1895 543 2088 616 viros
2132 570 2395 623 creare.

266 646 483 735 Quod
521 649 582 717 si
616 648 714 716 ita
748 659 894 732 est,
939 670 1242 745 magnos
1279 664 1521 721 motus
1551 652 1793 722 timeo.
1834 652 1973 724 Sed
2005 655 2279 753 aliquid
2310 683 2400 730 ex

264 758 614 854 Pompeio
634 750 666 799 ⁸
701 758 943 827 sciam.

262 934 648 998 Transpadanis,
666 950 729 981 ne
748 934 1077 982 tenuissimam
1095 935 1294 998 quidem
1380 936 1514 984 viros
1561 954 1724 986 creare
1770 941 2101 1006 Transpadani
2147 961 2174 992 a
2219 947 2405 997 Caesure

264 1013 569 1061 auditionem
588 1012 844 1077 accepisse.
867 1012 1156 1061 Marcellum
1175 1030 1295 1077 pre·
1375 1016 1497 1076 jussi
1523 1016 1643 1075 siut,
1681 1018 1897 1083 quidque
1924 1019 2046 1068 illud
2074 1023 2301 1083 referret,
2329 1036 2406 1075 to·

264 1102 395 1139 terea
415 1092 540 1140 nihil
566 1092 726 1141 adhuc
753 1092 814 1141 de
840 1093 1145 1141 successione
1174 1094 1290 1143 Gal·
1380 1105 1556 1159 tueque
1576 1096 1656 1145 hic
1680 1095 1819 1145 locus
1839 1110 2060 1148 accurate
2075 1135 2089 1159 ,
2109 1103 2407 1168 copioseque

262 1171 436 1219 lini-um
468 1171 720 1220 retulisse:
748 1171 835 1219 sed
867 1189 973 1219 esui
1006 1172 1289 1222 relationem
1376 1189 1403 1220 a
1441 1175 1619 1224 carolo
1653 1176 1890 1239 Sigonio,
1917 1177 1969 1225 in
2003 1179 2132 1229 libro
2168 1184 2313 1231 tertio
2341 1183 2403 1232 de

263 1250 317 1297 in
342 1249 536 1300 kalend.
560 1251 722 1312 junias
752 1251 1029 1300 distulisse:
1056 1262 1113 1298 ut
1138 1252 1286 1301 intel·
1374 1253 1696 1317 entiquojure
1711 1256 1879 1315 ltaliae,
1894 1256 2404 1321 explicamuMAmr.

262 1328 410 1392 ligere
454 1330 723 1393 possimus,
770 1330 895 1379 nihil
934 1348 1045 1379 cum
1085 1330 1163 1379 his
1203 1332 1285 1379 illa
1448 1334 1498 1383 8.
1525 1336 1608 1380 Ex
1636 1334 1883 1399 Pompeio.
1925 1337 2051 1386 Cum
2082 1355 2184 1403 quo
2202 1343 2403 1390 Tarenti

264 1407 473 1459 Caelisna
494 1426 724 1474 pugnare.
756 1410 856 1459 Cur
871 1421 1037 1459 nutem
1051 1422 1289 1475 quatuor·
1375 1428 1647 1461 sermonem
1667 1413 1842 1463 habuit
1858 1414 1920 1463 de
1938 1432 2042 1481 rep.
2061 1418 2153 1482 Ep.
2179 1420 2226 1468 5.
2250 1423 2398 1470 Mur.

264 1593 1830 1618 mmmmmmmmmmmm

919 1790 1515 1872 EPISTOLA
1568 1796 1738 1875 III.

264 1961 436 2019 Binas
466 1957 576 2018 sibi
608 1959 682 2018 ab
715 1961 905 2018 Attico
946 1961 1142 2018 literas
1182 1960 1438 2019 redditas
1475 1982 1599 2022 esse
1641 1966 1879 2040 scribit;
1925 1970 2069 2029 alias
2107 1991 2170 2030 se
2216 1972 2410 2034 adhuc

424 2055 771 2114 desiderare.
804 2061 893 2129 (In
915 2056 1279 2128 TrebulanO,
1316 2077 1472 2116 anno
1498 2064 1571 2118 U.
1605 2065 1669 2120 C.
1696 2083 1840 2137 702,
1864 2086 2060 2126 mense
2087 2070 2284 2144 maie.)

949 2246 1260 2312 CICERO
1306 2246 1637 2313 ATTICO
1683 2251 1745 2314 S.

363 2401 445 2467 A.
492 2395 564 2467 d.
604 2420 673 2466 vi
717 2393 813 2467 id.
850 2397 1017 2467 mai.
1067 2397 1232 2467 veni
1268 2397 1343 2468 in
1380 2397 1873 2474 Trebulanum
1916 2405 2007 2478 ad
2042 2412 2404 2487 Pontium.

266 2504 375 2577 Ibi
420 2506 596 2576 mihi
641 2520 781 2576 tuae
824 2506 1049 2577 literae
1092 2505 1286 2577 binae
1340 2508 1640 2581 redditae
1681 2529 1853 2586 sunt
1903 2523 2118 2591 tertio
2161 2523 2288 2597 abs
2333 2540 2404 2599 te

267 2616 430 2686 die:
480 2617 733 2688 eodem
776 2632 1057 2702 autem,
1096 2621 1343 2689 exiens
1388 2642 1428 2688 e
1472 2622 1912 2719 Pompeiano
1935 2638 1983 2716 ¹,
2023 2628 2405 2707 Philotimo

266 2724 607 2798 dederam
645 2727 735 2800 ad
768 2742 841 2800 te
870 2728 1131 2799 literas.
1165 2732 1316 2801 Nec
1354 2752 1528 2800 vero
1563 2756 1762 2843 npnc
1790 2751 1942 2807 erat
1967 2764 2137 2811 sane
2157 2798 2176 2830 ,
2203 2746 2406 2840 quod

265 2837 682 2908 scriberem.
719 2841 863 2928 Qui
897 2839 989 2910 de
1020 2836 1397 2935 republica
1427 2864 1794 2931 rumoreS,
1827 2848 2097 2937 scribe,
2134 2878 2398 2949 quaese.

263 2949 349 3014 In
388 2945 678 3043 oppidis
714 2948 910 3017 enim
945 2973 1310 3019 summum
1342 2949 1557 3021 video
1599 2954 1968 3047 timorem;
2014 2961 2138 3033 sed
2177 2967 2404 3038 multa

263 3058 528 3127 inania.
574 3055 771 3147 Quid
823 3057 913 3129 de
962 3061 1047 3129 iis
1099 3063 1404 3158 cogites,
1450 3077 1524 3133 et
1562 3064 1900 3160 quand0‚
1944 3071 2124 3141 scire
2170 3074 2401 3149 velim.

262 3165 375 3237 Ad
407 3191 588 3263 quas
617 3167 860 3238 literas
891 3162 1024 3238 tibi
1054 3169 1349 3240 rescribi
1378 3170 1589 3260 velis,
1628 3178 1894 3247 nescio.
1930 3180 2178 3252 Nullas
2207 3188 2399 3257 enim

263 3275 503 3347 adhuc
548 3300 1005 3376 acceperam,
1052 3293 1310 3375 praeter
1350 3305 1511 3378 quae
1553 3283 1732 3353 mihi
1775 3283 1965 3358 binae
2006 3292 2275 3364 semel²
2327 3298 2403 3367 in

263 3386 676 3458 Trebulano
738 3387 1037 3459 redditae
1099 3402 1270 3459 sunt
1315 3415 1332 3458 :
1392 3414 1706 3488 quarum
1777 3396 2015 3468 alterae
2055 3399 2398 3475 edictum

265 3503 341 3569 P.
380 3497 687 3570 Licinii³
734 3497 1101 3571 habebant
1144 3499 1399 3596 (erant
1439 3516 1679 3573 autem
1719 3528 1890 3578 non.
1933 3511 2095 3580 mai.
2125 3511 2400 3613 datae),

266 3608 503 3679 alterae
539 3611 901 3708 rescriptae
924 3610 1013 3682 ad
1046 3632 1243 3681 meas
1269 3613 1831 3687 Minturnenses.
1861 3621 2098 3710 Quam
2127 3646 2403 3716 vereor,

344 3837 389 3871 1,
412 3822 604 3870 Ernest,
627 3843 652 3863 .-
669 3837 732 3869 ex
749 3824 916 3870 Pansae
933 3822 1230 3888 Pompeiano
1249 3845 1291 3870 a.
1379 3822 1679 3886 provinciale
1702 3859 1720 3884 ,
1768 3837 1823 3875 ut
1874 3828 2089 3879 edictum
2134 3836 2400 3891 Asiaticum

262 3901 394 3952 ὧν,
417 3904 478 3950 1„
1380 3902 1445 3963 Q.
1471 3902 1629 3950 Mucii
1655 3920 1735 3967 ep.
1770 3920 1814 3962 1,
1831 3905 1917 3955 lib.
1937 3909 2028 3960 VI.
2053 3912 2125 3960 Ex
2145 3914 2206 3962 Es
2231 3918 2405 3969 edictis

342 3987 393 4021 2.
429 3973 603 4021 Semel.
638 3971 774 4035 Quid
814 3972 855 4020 si
888 3972 1077 4039 legetur
1108 3974 1257 4022 simul
1265 3979 1294 4022 θ
1380 3979 1582 4040 Cicero,
1607 3983 1849 4047 quidquid
1875 3987 1995 4036 utile
2019 3993 2287 4054 provinciae
2310 4015 2403 4064 pu.

272 4054 453 4101 Ungui.
1379 4069 1534 4122 tamt,
1562 4063 1616 4109 in
1652 4078 1795 4113 suum
1826 4066 2038 4118 edictum
2067 4076 2401 4128 transferebat.

338 4132 391 4180 3.
436 4130 665 4179 Edictum
713 4133 769 4179 P.
816 4130 1009 4180 Licinii.
1062 4133 1289 4181 Edictum
1376 4141 1524 4189 ΜΑι,
