3023 4773
582 436 1093 508 EPISTOLAE
1141 437 1277 503 AD
1327 432 1814 522 ATTICUM,
1869 438 1941 523 1,
1996 462 2107 508 20.
2259 439 2401 537 349

275 561 413 630 rim
449 586 466 629 ε
497 559 676 631 nihil
713 558 906 629 duco
941 580 1093 627 esse
1121 553 1613 634 commodius,
1659 578 1878 649 quam
1906 555 1997 627 de
2041 556 2152 629 his
2187 558 2406 632 rebus

277 669 462 739 nihil
489 669 798 769 amplius
815 672 844 720 ⁴
870 663 1206 737 scribere.
1233 668 1477 756 Quum
1505 667 1775 735 erimus
1795 672 2154 762 congressi
2172 695 2191 756 3
2210 685 2365 742 tum
2387 728 2407 757 ‚

279 782 337 849 si
384 779 560 876 quid
600 804 711 850 res
736 776 957 863 feret,
996 800 1238 847 coram
1277 780 1471 845 inter
1506 797 1642 844 nos
1672 772 2148 850 conferemus.
2185 781 2407 869 Quod

280 889 369 960 ad
418 915 534 962 me
576 890 669 962 de
722 885 1095 986 republica
1137 884 1425 973 scribis,
1480 883 1805 981 disputas
1858 898 1941 954 tu
1987 886 2279 982 quidem
2337 907 2411 961 et

281 1014 639 1087 amanter,
678 1013 749 1071 et
789 997 1231 1096 prudenter;
1275 1010 1346 1066 et
1392 1020 1433 1066 a
1485 997 1668 1065 meis
1708 994 2024 1065 consiliis
2067 1000 2252 1068 ratio
2288 1013 2411 1070 tua

283 1132 434 1179 non
453 1107 840 1193 abhorret(
851 1130 1021 1177 nam
1041 1130 1285 1201 neque
1304 1104 1396 1175 de
1424 1118 1615 1174 statu
1642 1102 1857 1174 nobis
1886 1121 2149 1176 nostrae
2180 1107 2411 1205 digni-

283 1221 445 1289 tatis
476 1234 581 1290 est
608 1217 1093 1291 recedendum
1114 1270 1133 1301 ‚
1173 1239 1415 1310 neque
1446 1214 1600 1284 sine
1634 1215 1899 1284 nostris
1923 1214 2201 1313 copiis⁵
2225 1223 2415 1291 intra

285 1327 575 1400 alterius
612 1328 941 1428 praesidia
977 1324 1462 1409 veniendum3
1504 1337 1578 1393 et
1618 1324 1711 1413 is,
1748 1323 1839 1395 de
1883 1349 2033 1421 quo
2057 1322 2089 1367 ⁶
2135 1327 2416 1413 scribis,

286 1437 465 1510 nihil
494 1438 716 1510 habet
757 1437 1078 1536 amplum
1103 1491 1122 1523 ,
1164 1435 1344 1506 nihil
1378 1433 1779 1518 excelsum,
1816 1433 1995 1503 nihil
2034 1460 2182 1505 non
2220 1461 2416 1509 sum-

286 1550 579 1619 missum
614 1564 835 1646 atque
868 1545 1300 1646 populare):
1340 1558 1837 1615 verumtamen
1868 1541 2003 1614 fuit
2033 1548 2216 1618 ratio
2240 1548 2419 1619 mihi

288 1656 583 1730 fortasse
636 1658 727 1728 ad
781 1656 1368 1755 tranquillitatem
1430 1678 1763 1725 meorum
1810 1668 2221 1753 temporum
2265 1684 2417 1731 non

289 1769 560 1845 inutilis
577 1824 596 1857 ,
618 1768 742 1839 sed
772 1766 1187 1838 mehercule
1211 1764 1627 1862 reipublicae
1652 1764 1885 1835 multo
1910 1767 2123 1836 etiam
2156 1767 2419 1857 utilior,

288 1903 510 1973 quam
551 1876 770 1962 mihi,
814 1876 1075 1946 civium
1119 1873 1620 1970 improborum
1661 1875 1979 1973 impetus
2024 1878 2098 1946 in
2140 1901 2257 1948 me
2302 1905 2419 1950 re-

288 1988 539 2081 primi,
566 2009 797 2082 quum
821 1983 1139 2053 hominis
1162 1983 1592 2078 amplissima
1610 1982 1906 2055 fortuna
1925 2039 1944 2070 ,
1969 1989 2421 2075 auctoritate,

286 2095 515 2191 gratia
532 2147 552 2177 ,
580 2093 1048 2163 fluctuantem
1078 2092 1505 2162 sententiam
1536 2091 2105 2181 confirmassem,
2133 2111 2206 2167 et
2226 2122 2266 2169 a
2292 2123 2421 2197 spe

289 2202 694 2272 malorum⁷
748 2201 839 2272 ad
883 2223 1209 2271 mearum
1252 2223 1501 2273 rerum
1551 2199 1839 2270 laudem
1887 2210 2419 2281 convertissem.

294 2311 513 2405 Quod
558 2315 618 2385 si
654 2337 820 2384 cum
856 2312 1094 2409 aliqua
1139 2310 1423 2381 levitate
1467 2309 1646 2379 mihi
1684 2309 2086 2383 faciendum
2134 2316 2424 2407 fuisset,

296 2425 563 2495 nullam
615 2449 772 2496 rem
818 2425 997 2493 tanti
1048 2423 1543 2507 aestimassem3
1589 2419 1714 2492 sed
1766 2420 2052 2493 tamen⁸
2088 2450 2129 2496 a
2173 2451 2288 2499 me
2326 2432 2424 2503 ita

296 2548 450 2604 acta
486 2549 655 2604 sunt
682 2536 956 2621 omnia,
987 2559 1137 2605 non
1173 2548 1258 2604 ut
1286 2558 1421 2630 ego
1457 2533 1560 2604 illi
1597 2537 1991 2607 assentiens
2018 2535 2272 2626 levior,
2296 2543 2424 2614 sed

301 2659 380 2713 ut
430 2645 548 2715 ille
596 2669 712 2715 me
760 2642 1079 2742 probans
1134 2645 1420 2740 gravior
1472 2641 1859 2714 videretur.
1906 2645 2210 2747 Reliqua
2248 2653 2349 2724 sic
2385 2676 2427 2722 a

301 2777 416 2825 me
444 2770 788 2852 aguntur,
834 2770 905 2826 et
935 2769 1277 2853 agentur,
1311 2767 1391 2823 ut
1419 2778 1573 2823 non
1603 2755 2167 2844 committamus,
2201 2775 2285 2830 ut
2312 2787 2427 2846 ea,

302 2888 462 2959 quae
484 2867 869 2962 gessimus,
887 2863 1190 2934 fortuito
1205 2865 1503 2961 gessisse
1534 2860 1925 2933 videamur.
1959 2869 2162 2938 Meos
2191 2866 2428 2940 bonos

380 3041 428 3086 ι.
480 3035 618 3094 Ani,
665 3034 837 3082 ..aihu
879 3035 979 3094 jam
1044 3034 1315 3098 ampliau.

1477 3035 1528 3082 6.
1566 3036 1648 3091 Is,
1686 3032 1749 3080 de
1799 3048 1897 3096 qno
1942 3033 2124 3082 scribit.
2172 3035 2430 3100 Pompeius

304 3113 427 3159 J.v.
453 3115 511 3160 L.

1409 3126 1609 3175 nempe,
1646 3126 1792 3175 quem
1841 3109 2095 3159 nominare
2140 3114 2266 3161 nolit
2285 3149 2301 3173 ‚
2340 3133 2430 3165 nec

375 3191 424 3238 ⁵.
462 3191 633 3255 Neque
664 3191 768 3239 sine
802 3190 974 3239 nostris
1003 3190 1173 3254 copiis.
1203 3191 1322 3240 Non

305 3269 459 3317 debeo
485 3272 704 3335 Pompeii
717 3270 980 3318 amicitiam
998 3271 1120 3318 tanti
1142 3271 1323 3329 facere,

304 3362 361 3398 ut
378 3360 560 3397 veteres
581 3351 846 3399 amicornm
869 3350 1035 3414 copias
1054 3350 1293 3413 negligam
1308 3383 1322 3406 ‚

305 3429 408 3476 aine
429 3428 609 3493 quibua
628 3430 754 3478 intra
776 3429 972 3478 alterius
993 3428 1214 3495 proeaidia
1240 3447 1324 3477 ve-

306 3509 436 3567 nire,
465 3509 518 3557 id
544 3521 616 3558 eat
633 3544 648 3567 ‚
669 3511 757 3558 uni
787 3511 1026 3575 Pompeio
1053 3526 1130 3557 me
1167 3519 1322 3557 totum

305 3587 502 3636 eredere
517 3621 533 3647 ‚
555 3599 712 3637 tntum
739 3605 840 3638 non
868 3600 957 3636 eat.
982 3589 1063 3636 Sic
1085 3590 1234 3651 igitur
1253 3589 1325 3635 fa·-

307 3668 459 3714 ciam:
485 3665 692 3716 firmabo
707 3702 722 3726 ‚
746 3679 800 3715 nt
827 3668 1043 3726 institui,
1060 3683 1189 3715 meas
1205 3683 1325 3731 opes

308 3746 518 3794 amicitia
540 3747 761 3811 Pompeii
786 3762 799 3795 ε
826 3757 874 3795 et
895 3757 1072 3807 tamen,
1090 3746 1202 3810 quia
1224 3761 1325 3793 non

307 3827 453 3873 unius
477 3823 594 3874 fidei
619 3837 734 3874 aunt
761 3828 924 3874 omnia
949 3824 1324 3882 committenda,

308 3913 526 3952 veterum
554 3905 822 3953 amicorum
848 3906 1079 3968 prasidia
1110 3920 1216 3952 non
1252 3902 1328 3951 di-

311 3983 513 4031 mittam.
542 3985 632 4032 11ae
653 3995 768 4031 aunt
791 3984 919 4033 enim
948 3985 1105 4049 copiae
1124 3996 1331 4040 nostran

1411 3190 1619 3250 audeat;
1659 3206 1749 3242 nee
1781 3201 1941 3238 tamen
1969 3190 2023 3238 in
2049 3191 2190 3255 epist.
2224 3210 2335 3258 sup.
2368 3201 2427 3245 13

1412 3273 1584 3319 acdter
1645 3272 1805 3319 minna
1859 3272 2160 3336 penu-inxit.
2223 3276 2313 3323 En.
2363 3306 2434 3317 —-

1415 3350 1574 3410 Quum
1606 3350 1829 3400 hominis.
1869 3351 2034 3412 Quum
2071 3353 2336 3404 circeis-em
2378 3370 2435 3406 ut

1410 3430 1696 3492 Pompeius,
1711 3430 1863 3478 homo
1880 3431 2073 3478 fortuna
2089 3465 2104 3489 ‚
2122 3436 2432 3494 auctoritate,

1413 3508 1563 3570 gratia
1588 3506 1777 3570 pollens
1791 3543 1808 3567 ,
1825 3508 1911 3572 qui
1931 3519 2095 3556 utrum
2115 3510 2234 3557 mihi
2252 3513 2434 3562 faveret

1410 3585 2052 3646 nocnedubiuhatmnd-
2065 3604 2142 3635 me
2156 3601 2434 3641 cunctanter

1412 3664 1649 3713 laudaret.
1681 3666 1799 3714 Sca.

1486 3760 1534 3803 7.
1582 3745 1630 3788 A
1672 3759 1757 3806 spe
1810 3744 2065 3810 malorum.
2111 3747 2432 3813 speraverant

1413 3823 1543 3871 enim
1574 3821 1787 3884 improbi
1811 3822 2034 3870 homines
2066 3829 2431 3879 contentionem

1417 3900 1539 3950 mihi
1576 3900 1681 3949 fore
1715 3900 1926 3963 aliquam
1964 3918 2075 3950 cum
2103 3905 2336 3971 Pompeio
2374 3928 2436 3959 ex

1420 3995 1580 4029 rerum
1604 4014 1620 4040 ‚
1648 3995 1769 4042 quas
1803 3981 1853 4026 in
1888 3982 2140 4030 consulatu
2166 4000 2400 4048 genueram
2421 4023 2437 4050 ,

312 4071 370 4106 ut
394 4064 534 4124 epist.
562 4079 624 4125 ¹9
657 4063 782 4111 dixit
810 4078 823 4110 ε
859 4087 885 4107 ιι
906 4064 945 4112 ia
987 4076 1058 4110 est
1094 4065 1335 4112 exercitus
1423 4059 1742 4110 dissensione.
1765 4060 1910 4107 Mau.

311 4151 527 4190 noster».
553 4142 701 4191 Man.

1499 4141 1548 4188 8.
1577 4138 1727 4187 Abest
1751 4152 1776 4185 a
1798 4139 1964 4188 multis
1979 4142 2121 4194 MSS.
2143 4145 2174 4191 J
2183 4146 2270 4192 .V.
2286 4146 2338 4193 L.
