3023 4773
486 467 1029 554 EPISTOLAE
1078 488 1217 554 AD
1268 489 1778 576 ATTICUM,
1824 494 1912 576 V,
1960 516 2072 560 αι.
2203 492 2331 564 581

217 603 371 674 lum
396 602 784 701 impendet.
816 607 1002 675 Nam
1029 620 1101 676 et
1124 608 1415 697 Orodi4,
1448 611 1635 706 regis
1653 612 2078 684 Parthorum
2100 668 2119 703 ,
2154 613 2343 687 filius

216 715 292 790 in
322 710 736 812 provincia⁵
775 729 1017 785 nostra
1055 730 1201 803 est;
1233 742 1370 788 nec
1397 717 1680 790 dubitat
1705 722 2088 816 Dejotarus
2105 722 2342 819 (cujus

214 821 366 899 filio
410 838 617 921 pacta
655 839 764 894 est
795 824 1201 895 Artavasdis
1244 824 1421 915 filia,
1471 852 1561 898 ex
1612 853 1762 924 quo
1815 832 1977 901 sciri
2029 833 2343 928 potest),

214 934 396 1029 quin
435 957 600 1004 cum
637 930 974 1005 omnibus
1014 936 1238 1033 copiis
1272 937 1428 1034 ipse
1469 939 1702 1035 prima
1735 953 1975 1011 aestate
2011 940 2342 1039 Euphra-

214 1055 339 1116 ten
370 1043 799 1114 transiturus
840 1043 956 1112 sit.
988 1043 1158 1131 Quo
1196 1060 1435 1116 autem
1466 1046 1583 1118 die
1609 1050 1827 1119 Cassii
1852 1049 2072 1118 literae
2100 1052 2340 1121 victri-

214 1177 332 1224 ces
375 1153 449 1221 in
487 1145 736 1223 senatu
772 1152 1082 1223 recitatae
1118 1169 1320 1243 sunt,
1359 1155 1430 1225 id
1468 1171 1608 1244 est,
1644 1161 1857 1229 nonis
1882 1157 2341 1250 octobribuS,

215 1260 472 1334 eodem
519 1286 695 1331 meae
731 1261 1122 1334 tumultum
1166 1267 1602 1337 nuntiantes.
1650 1270 1870 1338 Axius
1913 1283 2161 1339 noster
2201 1271 2338 1358 ait,

214 1385 494 1443 nostras
530 1373 971 1442 auctoritatis
998 1372 1247 1469 plenas
1269 1372 1529 1464 fuisse3
1553 1375 1687 1447 illis
1714 1394 1928 1474 negat
1960 1378 2337 1453 creditum.

211 1481 444 1552 Bibuli
481 1480 808 1553 nondum
849 1497 1053 1552 erant
1090 1482 1365 1555 allatae.
1403 1510 1584 1581 quas
1643 1500 1841 1557 certo
1894 1490 2044 1558 scio
2088 1490 2338 1586 plenas

214 1596 488 1664 timoris
519 1591 695 1663 fore.

305 1707 461 1773 Ex
445 1707 527 1774 iis
561 1701 781 1775 rebus
816 1702 958 1773 hoc
994 1726 1268 1792 vereor,
1314 1730 1407 1775 ne
1431 1731 1717 1802 ,quum
1754 1711 2137 1805 Pompeius
2165 1733 2333 1807 pro·

209 1825 372 1908 pter
428 1826 707 1883 metum
767 1837 1011 1882 rerum
1068 1836 1421 1882 novarum
1478 1840 1841 1912 nusquam
1901 1816 2336 1907 dimittatur,

208 1922 460 1992 Caesari
495 1920 742 1992 nullus
779 1920 1016 1991 honos
1045 1944 1085 1990 a
1119 1935 1371 1991 senatu
1409 1921 1794 2012 habeatur;
1840 1924 2016 1995 dum
2052 1925 2167 1997 hic
2203 1952 2335 1997 no-

208 2028 345 2099 dus
392 2029 847 2127 expediatur,
886 2053 1037 2099 non
1084 2043 1292 2125 putet
1341 2045 1669 2119 senatus,
1719 2059 1891 2120 nos,
1949 2050 2336 2133 antequam

207 2162 613 2210 successum
654 2144 780 2228 sit,
824 2153 1163 2237 oportere
1200 2136 1584 2224 decedere,
1619 2165 1756 2212 nec
1794 2147 1865 2213 in
1899 2159 2101 2216 tanto
2129 2162 2336 2218 motu

203 2273 451 2319 rerum
516 2250 732 2321 tantis
798 2248 1188 2345 provinciis
1255 2247 1577 2344 singulos
1636 2249 1954 2347 legatos⁶
2011 2280 2333 2351 praeesse.

203 2361 371 2447 Hie,
413 2383 510 2431 ne
554 2358 733 2456 quid
768 2357 950 2429 mihi
986 2368 1441 2456 prorogetur,
1479 2357 1680 2455 quod
1721 2372 1859 2431 ne⁷
1907 2362 2337 2437 intercessor

203 2469 494 2566 quidem
554 2471 905 2541 sustinere
963 2470 1230 2565 possit,
1288 2467 1592 2557 horre03
1648 2484 1867 2566 atque
1920 2497 2010 2543 eo
2063 2478 2287 2571 magis
2312 2528 2334 2562 ‚
2423 2564 2424 2567 Ἴ

204 2579 405 2676 quod
450 2596 532 2651 tu
575 2578 781 2667 abeS,
821 2579 948 2673 qui
975 2576 1308 2665 consilio,
1357 2578 1612 2673 gratia,
1647 2578 1887 2650 studio
1934 2582 2180 2654 multis
2214 2607 2331 2654 re·

200 2688 341 2761 bus
374 2713 807 2762 occurreres.
847 2681 1105 2759 Dices⁸
1142 2711 1260 2758 me
1297 2688 1536 2784 ipsum
1573 2687 1748 2757 mihi
1775 2688 2331 2763 sollicitudinem

201 2813 500 2871 struere.
547 2804 878 2896 Cogor9:
920 2812 993 2868 et
1024 2797 1242 2868 velim
1287 2797 1386 2867 ita
1425 2800 1537 2867 sit.
1589 2796 1728 2868 Sed
1778 2803 2018 2870 omnia
2053 2815 2324 2872 metuo,

200 2905 352 2973 Etsi
407 2901 679 2973 bellum
741 2908 1196 2998 ἀκροτελεότιον
1222 2913 1286 2945 ¹⁰
1352 2901 1572 2972 habet
1632 2902 1752 2971 illa
1804 2909 1934 2973 'tua
1988 2907 2327 3002 epistola,

201 3036 421 3109 quam
459 3010 721 3082 dedisti
757 3037 1108 3084 nauseans
1151 3011 1550 3083 Buthroto:
1590 3009 1842 3100 «Tibi,
1883 3026 1965 3082 ut
2003 3013 2214 3085 video
2257 3031 2329 3087 et

201 3147 458 3222 spero,
515 3120 716 3199 nulla
769 3121 859 3192 ad
915 3121 1413 3194 decedendum
1464 3126 1600 3195 erit
1655 3144 1856 3190 mora
1887 3152 1940 3190 n.
1997 3122 2328 3213 Mallem,

201 3334 388 3372 tantum
423 3323 568 3380 dicit,
595 3331 653 3369 nt
690 3330 856 3369 monet
890 3317 1084 3368 Schiitz.
1119 3318 1216 3367 hoc
1302 3319 1513 3382 legatos,
1550 3318 1635 3383 qni
1658 3329 1943 3382 preessent,
1966 3319 2323 3384 relinquebant.

201 3419 306 3450 non
319 3413 413 3450 tem
431 3416 719 3466 prosperum
736 3414 1010 3447 successum
1020 3396 1218 3444 habuis·
1303 3399 1451 3444 Inus.

202 3497 279 3543 se,
298 3493 354 3528 nt
374 3480 552 3528 bellum
573 3494 666 3543 pro
694 3478 919 3525 confecto
946 3477 1007 3523 sit
1038 3474 1219 3539 habene
1377 3490 1423 3534 7.
1452 3474 1530 3520 Ne
1555 3471 1846 3521 intercessor.
1877 3476 2083 3533 Vereor,
2113 3491 2174 3523 ne
2192 3472 2244 3525 S.
2263 3478 2325 3528 C.

200 3558 338 3606 dnm.
359 3558 572 3605 Omnino
592 3566 751 3605 eutem
774 3554 1005 3603 hocloco
1032 3552 1092 3600 de
1111 3553 1219 3602 Ces·
1303 3548 1543 3611 ejusmodi
1561 3546 1670 3607 fist,
1692 3565 1792 3613 quo
1812 3549 1999 3597 tribuni
2013 3550 2076 3599 ab
2094 3552 2327 3603 intes-oes-

200 3637 260 3684 sii
285 3636 428 3684 lende
451 3634 699 3683 detrahere
719 3633 933 3681 videtur.
964 3634 1055 3680 En.
1304 3629 1440 3678 sione
1465 3636 1878 3675 summoveantur.
1918 3630 2073 3678 Inna.

273 3725 327 3773 4.
363 3714 490 3771 Alii,
526 3712 725 3760 Orodes.
748 3716 803 3762 J.
823 3714 891 3760 V.
912 3713 967 3761 L.
1371 3707 1425 3755 8.
1445 3706 1571 3765 Alii,
1599 3704 1691 3753 sed
1707 3704 1855 3752 dices.
1880 3706 1935 3753 J.
1964 3708 2027 3752 V.
2051 3709 2108 3756 L.

274 3797 327 3843 5.
374 3790 648 3840 Provincia.
684 3790 1019 3857 Cyrrhestica,
1060 3789 1214 3854 Syria
1371 3801 1423 3848 9.
1442 3782 1641 3832 Schiitz.
1667 3783 1743 3830 vel
1773 3782 2029 3831 delendum
2061 3786 2219 3850 Cogor
2244 3788 2329 3848 ju..

198 3882 338 3938 parte
353 3906 369 3931 ‚
395 3870 643 3920 Ciceronis
668 3870 933 3933 provincia
960 3868 1180 3932 proxime
1199 3902 1215 3928 ,
1302 3864 1458 3925 dicat,
1480 3862 1555 3910 vel
1569 3861 1824 3925 legendnm
1848 3861 2154 3925 simpliciter,
2172 3866 2326 3915 Velim

199 3952 343 4017 epist.
372 3966 393 3997 ι
405 3951 451 3996 8.
469 3975 540 3985 —-
556 3948 763 4011 Nostra,
783 3948 933 4012 igitur
949 3948 1122 4013 populi
1140 3962 1217 3995 ro-
1303 3944 1376 3991 ίω
1398 3942 1462 3991 sit
1472 3958 1494 3999 ,-
1519 3951 1603 3988 aut
1622 3942 1849 3988 Fortasse
1860 3958 1881 3997 ,·
1899 3950 1949 3986 ee
1970 3941 2124 3989 velim
2143 3943 2216 3994 ita
2239 3946 2324 3996 sie.

198 4030 351 4080 mani.
378 4029 525 4076 Min.
1302 4025 1494 4070 Ernest.
1521 4019 1810 4083 sapientius,
1835 4018 1924 4082 qni
1960 4019 2192 4071 nihilhic
2220 4034 2329 4078 tur-2

273 4110 323 4158 6.
352 4110 581 4171 Legatos.
607 4106 840 4153 Rectores
863 4107 990 4153 enim
1016 4105 1220 4169 provin·
1303 4100 1419 4149 bere
1444 4098 1743 4163 aggreditur.
1760 4101 1809 4147 J.
1826 4101 1892 4146 V.
1913 4100 1969 4146 L.

202 4189 384 4237 eisrnm
398 4220 415 4248 ‚
443 4185 547 4234 sine
579 4184 882 4233 successione
904 4183 1190 4233 decedentes
1205 4217 1220 4241 ,
1385 4195 1466 4245 ¹.⁰·
1496 4165 1868 4244 hemma-nov.
1900 4176 2206 4247 Clqnmlemq
