3023 4773
836 461 1395 548 EPISTOLAE‚
1440 462 1689 551 XIII,
1738 490 1803 534 2.
2349 461 2388 535 5

225 607 418 673 ‚rum
435 638 456 671 ‚
481 580 810 653 subitum
844 579 999 652 est-⁹·
1027 584 1090 652 ei
1118 584 1507 680 remigrare
1535 582 1671 655 kal.
1699 588 1936 682 quint.
1956 589 1987 636 ⁴
2019 587 2394 684 Impedior

263 688 737 779 verecundia,
775 715 870 761 ne
903 703 974 761 te
1011 690 1348 788 pluribus
1385 692 1630 765 verbis
1666 718 1940 791 rogem.
1991 701 2248 794 Neque
2286 710 2389 768 ta-

263 826 427 872 men
467 800 765 888 dubito‚
804 803 989 896 quin
1013 853 1034 887 ‚
1064 803 1126 871 si
1163 815 1290 877 tua
1326 802 1552 892 nihil,
1591 819 1719 875 aut
1755 830 1907 876 non
1937 807 2250 879 multum
2289 811 2395 879 in-

264 915 495 994 tersit,
535 936 624 983 eo
656 914 753 981 sis
795 912 1074 995 anim0,
1115 935 1271 1008 quo
1316 936 1450 1010 ego
1489 937 1767 1002 essem,
1810 917 1870 987 si
1924 914 2104 1011 quid
2151 931 2232 988 tu
2277 942 2395 988 me

264 1045 568 1119 rogares.
604 1019 786 1092 Mihi
821 1034 1016 1091 certe
1053 1021 1537 1118 gratissimum
1573 1022 1852 1099 feceris.
1882 1026 2079 1097 Vale.

331 1222 383 1269 3.
400 1220 621 1268 Subitam
640 1230 726 1269 ese.
751 1218 912 1268 Nimis
937 1230 1136 1284 angusta
1161 1236 1282 1285 prae-
1369 1213 1445 1262 dae
1473 1214 1707 1279 quintiles
1740 1216 1793 1264 in
1815 1216 1951 1265 Urbe
1978 1215 2167 1280 primun
2192 1229 2296 1266 ent
2330 1219 2399 1268 lo·

263 1298 398 1349 finita
436 1300 542 1348 dies
580 1300 721 1360 facit,
762 1309 820 1347 ut
856 1298 1071 1347 subitum
1102 1300 1166 1346 sit
1206 1299 1283 1346 in-
1369 1294 1618 1342 cationum
1643 1295 1763 1343 dies.
1782 1295 1864 1345 Ad
1888 1298 1950 1360 Q.
1973 1299 2047 1345 Fr.
2071 1297 2234 1361 Epist.
2255 1299 2284 1345 3
2304 1298 2392 1347 lib.

264 1379 575 1427 commodum
610 1378 677 1426 ob
717 1379 951 1444 temporis
984 1377 1285 1427 brevitatem.
1368 1379 1419 1424 11
1438 1390 1452 1423 ε
1484 1398 1506 1420 ιι
1522 1379 1639 1427 Post
1664 1377 1759 1426 kal.
1781 1379 1943 1442 quint.
1963 1378 2017 1425 in
2039 1390 2173 1427 tuam
2198 1378 2400 1427 domum

263 1461 477 1509 Mun-r.
1370 1456 1775 1520 commigrabin,
1814 1456 1912 1507 hoc
1947 1469 2050 1518 est,
2089 1457 2233 1506 finito
2261 1458 2398 1506 loca-

329 1548 380 1596 ι.
414 1537 535 1589 Kal.
580 1536 739 1603 quim.
774 1534 1020 1586 Praefinita
1055 1536 1284 1587 Evandro
1372 1535 1523 1584 tionis
1550 1547 1769 1603 tempore
1789 1535 2170 1601 denigrantibus
2187 1538 2267 1597 iis,
2287 1536 2400 1602 qui·

263 1619 368 1678 die,
404 1634 506 1684 qna
531 1634 560 1667 e
585 1616 797 1666 aerario
821 1615 1066 1681 migraret.
1095 1616 1284 1666 Kalen·
1371 1613 1465 1663 bus
1488 1631 1571 1665 eas
1594 1615 2012 1665 locaveramiu.

2031 1812 2399 1835 mmm

820 2050 825 2059 -
927 1991 1501 2072 EPISTOLA
1557 1993 1726 2072 III.

258 2179 302 2235 12
304 2174 489 2233 ufium
514 2170 906 2243 commendat,
931 2190 1106 2249 quem
1128 2184 1188 2229 et
1207 2183 1339 2229 ante
1363 2189 1617 2248 praeseus
1645 2169 1918 2247 praesenti
1946 2172 2395 2231 oommendarat.

643 2262 998 2344 (Laodiceae,
1028 2281 1182 2321 anno
1216 2266 1292 2322 U.
1325 2266 1390 2323 C.
1418 2263 1566 2336 703,
1598 2281 1796 2322 mense
1823 2263 2019 2342 maio.)

767 2469 859 2534 M.
882 2469 958 2533 Τ.
993 2469 1063 2533 C.
1101 2469 1174 2538 C.
1206 2466 1573 2538 MEMM-lo
1615 2470 1681 2536 S.
1717 2469 1790 2535 P.
1828 2469 1909 2534 D.

355 2628 444 2693 A.
486 2627 770 2692 Forum
792 2631 842 2709 ¹,
896 2644 1125 2691 unum
1160 2644 1251 2691 ex
1290 2624 1473 2692 meis
1509 2624 1817 2710 intimis,
1870 2620 2411 2698 observantissi-

256 2763 471 2810 mum
510 2735 1263 2832 studiosissimumque
1290 2738 1563 2825 nostri,
1596 2737 1963 2807 eruditum
1998 2736 2405 2822 hominem,

255 2864 332 2921 et
369 2871 659 2924 summa
692 2845 1180 2933 humanitate,
1219 2858 1492 2943 tuaque
1527 2847 1837 2919 amicitia
1866 2846 2406 2946 dignissimum,

250 2959 485 3030 velim
527 2958 628 3027 ita
658 2969 966 3043 tractes,
1010 2970 1093 3027 ut
1131 2954 1307 3025 mihi
1345 2979 1590 3027 coram
1624 2958 1979 3055 recepisti.
2025 2959 2201 3026 Tam
2247 2979 2405 3052 gra-

254 3086 425 3141 tum
459 3066 645 3137 mihi
687 3065 762 3137 id
813 3069 985 3152 erit,
1054 3089 1276 3163 quam
1323 3065 1528 3162 quod
1575 3066 2082 3163 gratissimum.
2153 3069 2405 3162 Ipsum

252 3193 617 3278 praeterea
651 3198 935 3247 summo
973 3173 1215 3248 officio
1252 3190 1327 3246 et
1362 3200 1643 3247 summa
1680 3173 2137 3247 observantia
2164 3172 2295 3245 tibi
2331 3178 2408 3246 in
2491 3183 2494 3186 ’

255 3302 712 3388 perpetuum
741 3287 1214 3358 devinxeris2.
1255 3285 1455 3358 Vale.

338 3492 392 3526 1.
431 3477 503 3525 A.
530 3473 743 3544 Fufium.
783 3473 884 3523 nio
929 3473 1087 3522 Aulus
1131 3470 1298 3521 Fufius
1386 3472 1556 3521 mutia
1591 3472 1679 3521 eibi
1713 3473 1764 3521 in
1796 3481 2085 3536 perpennam
2120 3471 2412 3526 devinaeen's.

255 3555 380 3621 qui.-
401 3554 551 3604 inserit
565 3589 583 3615 ,
616 3554 761 3620 plane
781 3554 1058 3619 ignoratur.
1089 3553 1182 3601 En.
1388 3554 1460 3602 Ut
1479 3563 1529 3600 te
1551 3554 1605 3601 iu
1627 3563 1920 3618 perpetuum
1948 3566 2136 3599 summo
2168 3550 2337 3599 officio
2361 3560 2412 3598 et

300 3648 391 3684 ἀ.
415 3637 616 3683 Sammo
641 3632 811 3703 officio
838 3644 890 3681 ee
910 3648 1103 3680 summa
1138 3631 1299 3680 obser·
1385 3647 1572 3682 nummu
1600 3632 1907 3683 observantia
1929 3630 2075 3693 eolat,
2092 3629 2293 3681 efficies.
2313 3631 2410 3680 En.

1076 3866 1654 3897 -ψ--ι-
