3023 4773
707 390 844 477 544
1342 393 1440 460 Μ.
1492 392 1572 460 T.
1627 391 2195 461 CICERONIS

704 537 798 584 ne
845 510 1023 609 quid
1067 509 1285 582 fuerit
1324 505 1845 609 σπουδαιότερον
1877 513 1954 582 in
1985 512 2104 597 iis,
2149 533 2331 608 quas
2367 533 2511 580 non
2541 513 2774 608 accepi,

703 623 972 722 quibus
1020 622 1317 695 rescribi
1373 620 1510 695 vis!
1569 623 1781 721 Apud
1837 622 2229 695 Lentulum
2254 619 2284 665 ⁵
2321 645 2570 719 ponam
2617 637 2677 692 te
2722 623 2779 691 in

703 736 1027 832 gratiam.
1088 734 1481 830 Dionysius
1502 730 1535 777 ⁶
1578 732 1790 803 nobis
1838 731 2042 804 cordi
2085 747 2212 804 est.
2263 732 2602 802 Nicanor⁷
2646 744 2776 801 tuus

703 868 1000 942 operam
1026 844 1207 915 mihi
1233 841 1357 914 dat
1381 843 1761 941 egregiam.
1791 847 1949 912 Jam
1976 842 2180 913 deest
2199 896 2219 929 ,
2264 840 2462 939 quod
2489 837 2775 924 scribam

707 969 779 1025 et
820 954 1036 1025 lucet.
1083 955 1476 1025 Beneventi
1501 945 1533 996 ⁸
1576 949 1983 1050 cogitabam
2022 950 2263 1023 hodie.
2308 954 2564 1024 Nostra
2599 950 2775 1021 conti·

711 1067 1011 1136 nentia9
1062 1078 1137 1135 et
1178 1061 1551 1160 diligentia
1595 1060 1941 1134 faciemus
1992 1063 2182 1135 satis.
2220 1064 2283 1133 A
2325 1062 2575 1133 Pontio
2596 1069 2669 1146 ¹⁰,
2715 1081 2778 1129 ex

715 1173 1168 1261 Trebulano,
1208 1197 1269 1244 a.
1316 1172 1389 1244 d.
1430 1200 1475 1244 v
1517 1172 1612 1245 id.
1650 1175 1816 1245 mai.

771 1354 820 1402 4.
847 1339 1241 1410 Σπουὸαιότιρον.
1266 1342 1428 1407 Magis
1445 1342 1644 1391 serium.
1892 1357 1939 1403 7.
1964 1338 2209 1389 Νίσαηον.
2232 1337 2394 1389 Attici
2411 1354 2584 1387 servus.
2605 1335 2730 1402 Epist.
2746 1350 2780 1395 ι,

773 1424 821 1473 5.
873 1423 1027 1487 Apud
1074 1422 1347 1472 Lentulum.
1399 1421 1725 1470 Commodum
1825 1417 1912 1468 lib.
1938 1418 2025 1467 VI.
2057 1421 2216 1467 Innu-

698 1502 823 1551 illud
836 1502 972 1566 qnod
983 1504 1034 1549 in
1044 1502 1303 1550 Lentulum
1317 1501 1540 1549 conferre
1554 1500 1725 1559 debeo,
1886 1500 1938 1547 8.
1999 1498 2262 1546 Beneventi
2325 1496 2591 1562 cogitabam
2653 1492 2770 1540 bodie.

702 1582 874 1631 faciam
899 1592 957 1630 nt
983 1597 1012 1627 a
1038 1591 1087 1628 te
1110 1581 1385 1644 profectum
1414 1596 1517 1627 esse
1535 1578 1724 1637 eredat,
1814 1577 2120 1641 Subintellig.
2162 1594 2241 1626 me
2280 1593 2384 1625 esee
2421 1582 2773 1640 pernoctaturum.

703 1676 851 1725 seque
869 1660 936 1708 ob
953 1659 1006 1706 id
1024 1660 1116 1708 tibi
1133 1659 1275 1708 valde
1290 1658 1558 1722 obligatum
1570 1666 1725 1722 putet.
1816 1658 1910 1705 En.

704 1742 923 1787 Vre-ron.
1889 1750 1941 1799 9.
1970 1734 2285 1784 concinentia
2305 1745 2351 1782 ee
2376 1730 2630 1798 diligencia.
2651 1727 2776 1777 Inid-

774 1819 827 1867 6.
852 1816 1130 1883 Diony-sius.
1153 1816 1444 1865 Ciceronum
1464 1829 1732 1879 puerorum
1821 1813 2134 1862 annisu-anda
2152 1814 2428 1878 provincia.
2450 1813 2587 1859 ΜΛι.

705 1897 955 1960 magister,
992 1898 1078 1960 qui
1108 1906 1156 1942 et
1194 1895 1298 1957 ipse
1332 1909 1444 1940 cnm
1482 1893 1645 1956 pneris
1678 1893 1733 1941 in
1897 1909 1975 1941 ro.
2015 1895 2063 1940 A
2098 1891 2291 1943 Pontio.
2327 1896 2489 1957 Quum
2524 1905 2660 1938 essem
2686 1884 2779 1952 apud

703 1976 1009 2041 provinciam
1030 1971 1449 2037 proficiscebatur.
1472 1974 1617 2020 Mur.
1820 1973 2070 2022 Pontium.
2098 1974 2251 2022 Innu-

2270 2143 2759 2170 mmm

1807 2150 1989 2169 m

1390 2302 1986 2383 EPISTOLA
2041 2304 2185 2382 IV.

708 2466 1043 2546 Respondet
1070 2466 1295 2525 duabus
1321 2466 1500 2525 Attici
1530 2465 1819 2544 epistolis;
1860 2466 2026 2525 alteri
2058 2485 2201 2544 quas
2228 2464 2639 2533 Funisulanus,
2659 2457 2780 2519 alteri

785 2583 960 2641 quam
1011 2562 1201 2621 scriba
1245 2562 1473 2622 Tullius
1524 2564 1815 2622 attulerat.
1862 2562 2229 2641 (Beneventi,
2276 2583 2430 2623 anno
2469 2566 2540 2621 U.
2578 2564 2638 2620 C.
2678 2574 2781 2631 70²·

787 2679 984 2720 mense
1015 2658 1213 2737 maio.)
2177 2662 2193 2677 ’

1379 2798 1697 2865 CICERO
1741 2797 2067 2864 ATTICO
2113 2800 2179 2864 S.

806 2930 1298 3011 Bsnssvmvruu
1334 2923 1501 2994 veni
1538 2947 1596 2992 a.
1638 2922 1707 2992 d.
1753 2947 1798 2991 v
1841 2922 1932 2991 id.
1973 2923 2132 2992 mai.
2172 2921 2286 2993 Ibi
2325 2922 2562 3019 accepi
2596 2940 2696 2988 eas
2724 2912 2781 2982 li·

708 3049 897 3105 teras
922 3087 942 3121 ,
1003 3057 1185 3130 quas
1243 3047 1323 3103 tu
1383 3030 1878 3129 superioribus
1930 3033 2152 3104 literis
2204 3031 2698 3131 significaveras
2732 3037 2782 3091 te

708 3142 988 3213 dedisse
1022 3139 1164 3211 :ad
1193 3165 1372 3236 quas
1410 3164 1544 3236 ego
1586 3142 1744 3238 ipso
1771 3152 1790 3184 ¹
1825 3165 1913 3213 eo
1941 3142 2056 3214 die
2086 3143 2426 3216 dederam
2454 3169 2540 3215 ex
2563 3134 2782 3210 Trebu-

708 3252 873 3323 lano
922 3276 962 3321 a
1008 3252 1339 3322 Pontio2.
1388 3254 1491 3321 Ac
1523 3250 1732 3323 binas
1773 3253 2071 3348 quidem
2112 3268 2270 3326 tuas
2305 3250 2673 3326 Beneventi
2696 3266 2783 3314 ac·

706 3363 886 3460 cepi.
932 3363 1261 3451 Quarum
1307 3360 1565 3432 alteras
1613 3363 2096 3435 Funisulanus
2140 3367 2370 3436 multo
2411 3387 2614 3435 mane
2650 3350 2784 3427 mihi

704 3471 1241 3561 dedit‚·alteras
1282 3471 1517 3543 scriba
1558 3472 1855 3544 Tullius.
1901 3476 2320 3545 Gratissima
2355 3488 2461 3545 est
2500 3469 2658 3542 mihi
2693 3479 2784 3533 tua

703 3610 876 3655 cura
908 3583 998 3655 de
1029 3584 1152 3654 illo
1190 3607 1353 3654 meo
1382 3586 1620 3680 primo
1657 3601 1731 3654 et
1761 3588 2074 3656 maximo
2111 3580 2519 3656 mandat0³.
2545 3577 2668 3652 Sed
2692 3589 2785 3643 tua

706 3691 1058 3789 profectio
1086 3717 1288 3791 spem
1320 3717 1558 3766 meam
1587 3693 1936 3766 debilitat.
1961 3699 2060 3765 Ac
2087 3719 2204 3766 me
2231 3695 2352 3768 ille
2373 3698 2442 3782 43
2475 3692 2635 3763 illuc
2657 3685 2782 3782 qui·

787 3900 831 3931 ι.
859 3885 960 3933 Alii
974 3919 993 3948 ,
1011 3885 1125 3951 ipse.
1154 3888 1205 3935 J.
1224 3889 1292 3936 V.
1312 3889 1367 3935 L.
1822 3902 1948 3935 mm
1966 3904 2017 3935 se
2035 3887 2334 3936 conferebat.
2352 3890 2577 3936 Con.—
2587 3883 2786 3941 Legem.

784 3965 898 4011 ml..
922 3966 1113 4017 Pontio.
1138 3968 1207 4013 Ut
1230 3969 1294 4015 nit
1315 3981 1328 4016 :
1353 3970 1429 4016 Ex
1453 3967 1730 4017 Trebulano
1818 3990 1843 4008 α
1862 3983 1925 4014 ex
1944 3965 2222 4014 Trebulano
2243 3969 2293 4015 1..
2314 3965 2477 4014 Pontii
2495 3986 2535 4010 -.
2561 3960 2738 4009 Mun?-

704 4042 765 4091 ad
803 4051 848 4089 te
879 4042 1041 4090 mem·
1067 4045 1293 4094 dederam
1319 4049 1373 4094 L.
1400 4048 1609 4106 Pontio,
1642 4048 1727 4111 qui
1891 4048 1937 4095 3.
1965 4044 2225 4094 Mandata.
2251 4047 2325 4093 De
2346 4039 2616 4092 collocanda
2633 4033 2728 4081 filii·

701 4134 815 4187 post
839 4136 1001 4170 meum
1022 4137 1049 4168 e
1068 4122 1182 4171 villa
1203 4124 1309 4184 ejus
1335 4124 1598 4175 disemum
1625 4130 1725 4176 no·
1887 4135 1937 4183 4.
1973 4128 2049 4174 Ac
2075 4141 2150 4174 me
2177 4125 2275 4175 ille.
2307 4123 2510 4175 Conciea
2542 4128 2610 4166 eet
2634 4107 2778 4163 oratio,
