3023 4773
1018 361 1074 444 J.
1130 360 1217 427 G.
1273 360 1689 430 GRAEVII.
2279 364 2405 433 261

297 480 475 560 Vale,
503 494 846 566 ceteraque
866 479 1060 543 Tullii
1091 503 1315 568 opera,
1353 480 1408 544 si
1435 483 1610 545 Deus
1638 481 1834 545 vitam
1866 496 1932 544 et
1961 482 2171 546 otium
2203 481 2421 546 indul-

296 585 486 664 serit,
517 601 835 672 exspecta.

500 723 653 768 Anno
677 720 750 768 M.
770 721 876 771 Dc.
896 724 1179 771 Lxxxnl.

538 941 546 947 .
977 950 982 954 .
1103 950 1107 954 Α
1127 948 1132 954 .
1288 954 1294 959 ,
1435 948 1442 959 ,
1584 948 1585 951 =
1648 946 1657 955 ο

543 1091 1320 1222 JOSEP-HUS
1397 1094 2166 1202 OLIVETUS

1071 1321 1636 1401 LECTORI.

969 1519 1070 1528 —-

283 1613 895 1746 Ριενλτιοηυιι
928 1663 1055 1727 hoc
1082 1664 1234 1743 satis
1266 1689 1403 1729 esse
1439 1664 1737 1746 arbitror,
1778 1683 1853 1730 ut
1875 1666 2010 1746 ejus
2048 1671 2299 1756 generis
2335 1693 2416 1734 ne

280 1766 437 1854 quid
457 1791 502 1831 a
527 1790 633 1831 me
657 1767 889 1832 confici
919 1786 1216 1857 oporteat
1241 1794 1257 1834 ε
1293 1770 1406 1834 sed
1439 1788 1623 1835 erant
1660 1787 1876 1836 tamen
1907 1756 2243 1854 nonnulla,
2273 1799 2417 1862 quoe

274 1864 558 1937 Breviter
589 1890 654 1937 et
688 1874 1070 1938 articulatim
1098 1898 1556 1965 proponerem.

361 1980 418 2068 I.
449 1979 683 2043 Graevii
706 1979 1034 2069 diligentia
1062 2005 1269 2070 quum
1305 1982 1502 2045 fuerit
1533 2005 1763 2072 magna
1792 1985 1857 2046 in
1890 1986 2194 2049 omnibus
2214 2034 2233 2067 ,
2272 2010 2416 2073 quae

274 2086 486 2174 attigit
503 2086 868 2175 ²Ciceronis
897 2087 1205 2176 operibus
1228 2136 1246 2169 ,
1271 2103 1411 2151 tum
1431 2110 1587 2151 vero
1618 2089 1687 2151 in
1708 2089 2012 2178 Epistolis
2028 2088 2110 2154 ad
2123 2091 2413 2155 Atticum

275 2192 638 2281 singularis.
657 2193 748 2273 Ac
768 2192 928 2256 mihi
953 2191 1216 2282 quidem
1235 2191 1702 2282 locupletandae
1727 2193 1923 2274 hujus
1947 2193 2248 2259 editionis
2267 2197 2418 2260 sub-

272 2288 435 2360 sidia
479 2295 777 2388 undique
821 2300 1039 2362 omnia
1086 2299 1532 2390 conquirenti,
1583 2299 1746 2363 nihil
1792 2298 2149 2381 admodum
2167 2349 2186 2383 ,
2234 2301 2412 2390 quod

271 2403 599 2487 Graeyium
623 2405 880 2493 fugerit,
898 2405 1188 2469 oblatum
1215 2421 1334 2469 est.
1360 2404 1498 2469 Nisi
1533 2406 1701 2468 forte
1724 2401 1969 2494 aliquid
1986 2422 2252 2494 putatur
2277 2428 2414 2471 esse

269 2540 292 2562 ·
317 2509 586 2572 Antonii
621 2509 906 2573 Goveani
930 2512 999 2573 in
1032 2510 1201 2574 duos
1228 2511 1474 2599 primos
1506 2493 2240 2576 librosCommentarius
2261 2545 2285 2569 n
2304 2562 2321 2593 ,
2342 2513 2409 2576 in

268 2613 483 2701 lucem
517 2615 750 2679 missus
779 2616 1048 2679 Lutetiae
1072 2615 1433 2680 MDXL1V.
1469 2617 1555 2678 At
1586 2614 1716 2680 illic
1744 2616 1831 2680 ita
1864 2617 2027 2681 nihil
2054 2634 2183 2697 est,
2229 2618 2409 2706 quod

271 2741 404 2782 non
433 2718 585 2782 alibi
610 2720 871 2801 melius;
891 2735 967 2783 ut
987 2719 1287 2783 aGraevio
1316 2720 1646 2807 neglectus
1672 2720 1876 2784 videri
1902 2722 2120 2809 potius
2140 2720 2407 2802 debeat,

269 2847 467 2910 quam
503 2825 860 2912 ignoratus.
1420 2833 1423 2836 ’

353 2931 441 2993 11.
495 2931 594 2994 De
631 2931 1102 3018 posterioribus·
1140 2931 1460 2995 Simeonis
1504 2931 1677 2995 Bosii
1716 2932 1919 3014 notis,
1954 2955 2113 3019 quas
2158 2932 2408 3020 primus

267 3037 550 3126 vulgavit
570 3036 854 3101 Graevius
868 3086 887 3119 ,
917 3037 1047 3102 hoc
1071 3036 1283 3102 dicere
1305 3038 1535 3104 haben.
1566 3037 2033 3102 Bibliothecam
2057 3040 2125 3100 in
2144 3038 2407 3126 Regiam

265 3166 300 3206 e
331 3143 707 3207 Colbertina
751 3144 1049 3232 migravit
1085 3143 1321 3225 codex,
1357 3145 1468 3233 qui
1513 3167 1619 3208 eas
1662 3143 1971 3208 continet.
2026 3144 2234 3206 Frons
2282 3143 2409 3206 hoc

265 3250 524 3335 praefert
544 3249 929 3338 inscriptum
960 3272 975 3312 ε
1001 3248 1152 3335 «Ea,
1172 3272 1316 3337 quae
1342 3249 1410 3311 in
1441 3250 1730 3340 margine
1754 3248 2072 3337 adscripta
2094 3263 2268 3328 sunt,
2291 3247 2405 3311 de-

264 3357 503 3444 scripta
530 3356 716 3420 fuere
743 3378 822 3420 ex
852 3354 1260 3444 autographo
1286 3355 1363 3419 V.
1387 3358 1459 3421 C.
1481 3357 1803 3422 Simeonis
1830 3356 2035 3436 Bosii‚
2060 3354 2174 3442 qui
2202 3378 2276 3417 ea
2297 3353 2409 3417 ad-

261 3459 515 3525 diderat
544 3462 613 3524 in
647 3485 768 3525 suo
793 3461 1095 3525 editionis
1122 3460 1306 3524 istius
1328 3462 1694 3552 exemplari.
1722 3462 2089 3550 Stephanus
2108 3459 2403 3524 Baluzius

259 3569 627 3633 Tutelensis
665 3567 1003 3656 descripsit
1036 3567 1297 3631 Ratiasti
1325 3569 1749 3632 Lemovicum
1774 3567 1929 3629 V111
1964 3565 2087 3629 kal.
2122 3568 2400 3654 augusti.

258 3673 349 3736 M.
369 3676 506 3738 DC.
529 3674 799 3738 LXVI».
834 3674 1043 3754 Hujus
1074 3674 1272 3761 igitur
1305 3671 1544 3736 codicis
1578 3674 1740 3736 facta
1770 3672 1931 3733 mihi
1963 3671 2179 3759 copia,
2213 3670 2398 3735 addi-

261 3795 542 3845 tamenta
587 3780 691 3844 illa
744 3780 1006 3843 lustravi
1043 3778 1386 3869 diligenter
1425 3802 1440 3842 :
1483 3778 1841 3842 lectionum
1885 3778 2218 3843 varietates
2258 3779 2399 3861 (vix

257 3884 620 3975 quidquam
647 3883 861 3968 aliud)
891 3881 1139 3948 offendi
1165 3908 1181 3948 t
1217 3884 1524 3972 probaret
1552 3883 1777 3946 Bosius
1796 3930 1814 3960 ‚
1849 3906 1928 3946 an
1966 3883 2361 3972 improbaret
2379 3931 2395 3961 ,

261 3993 515 4056 nullum
553 3990 888 4055 indicium.
913 3993 1140 4073 Quum
1169 4007 1383 4056 tamen
1412 4014 1568 4054 usus
1595 4006 1761 4054 esset
1785 3990 2073 4054 Graevius
2099 3990 2394 4076 exemplo

260 4119 394 4159 non
443 4099 612 4164 bene
651 4095 1027 4179 emendate,
1074 4098 1241 4161 hauc
1276 4119 1395 4185 ego
1434 4097 1678 4183 sumpsi
1714 4120 2012 4184 operam,
2056 4096 2273 4160 omnia
2324 4109 2397 4155 ut
