3023 4773
238 398 613 420 mmm
618 401 798 429 mm
803 402 1079 422 mmm
1084 404 1267 424 mm
1273 405 2383 434 mmmmm-mmmmm

345 670 1227 763 PRAEMONITIO
1292 674 1472 761 AD
1538 674 2276 770 LECTOREM.

233 1123 345 1241 ΙΝ
399 1162 710 1271 reliquo
768 1163 922 1242 hoc
964 1162 1363 1242 volumine
1413 1181 1493 1243 et
1552 1165 1632 1242 in
1686 1181 2061 1272 sequente
2115 1168 2375 1246 conti-

228 1304 523 1365 nentur
591 1284 986 1365 sexdecim
1061 1286 1461 1366 volumina
1537 1286 2079 1394 Epistolarum
2103 1348 2122 1384 ,
2180 1318 2379 1398 quas

230 1409 541 1489 Tullius
579 1438 624 1488 a
663 1438 808 1488 suo
847 1411 1263 1490 consulatu
1304 1439 1553 1520 usque
1590 1409 1692 1489 ad
1732 1428 2176 1491 extremum
2199 1415 2382 1492 vitae

231 1552 542 1641 tempus
601 1531 702 1611 ad
756 1534 1109 1645 Atticum
1178 1534 1415 1612 misit.
1490 1534 1835 1613 Maxima
1897 1535 2109 1633 enim
2170 1536 2380 1615 inter

227 1675 655 1765 utrumque
700 1655 1197 1736 necessitudo
1240 1657 1719 1754 intercessit,
1779 1658 2200 1767 ipsumque
2243 1659 2377 1739 Ci-

227 1809 407 1860 cero
438 1779 641 1860 adeo
672 1779 988 1877 dilexit,
1028 1797 1119 1859 ut
1156 1809 1257 1859 ne
1290 1780 1534 1860 frater
1571 1779 1897 1889 quidem
1925 1782 1997 1859 ei
2023 1783 2377 1883 Quintus

225 1906 485 1983 carior
523 1904 801 2003 fuerit,
845 1921 983 1983 aut
1023 1903 1510 1984 familiarior.
1531 1903 1803 1983 Vitam
1834 1905 2081 1983 Attici
2117 1905 2220 1984 ab
2262 1906 2374 1983 in-

225 2031 428 2136 signi
463 2031 634 2109 viro
666 2030 1042 2109 Cornelio
1071 2032 1382 2138 Nepote
1420 2030 1998 2136 elegantissime
2036 2048 2117 2110 et
2154 2060 2375 2111 accu-

227 2153 615 2232 ratissime
675 2152 1050 2260 scriptam
1104 2153 1290 2231 huic
1341 2152 1792 2260 praefationi
1844 2151 2367 2263 subjecimus:

224 2277 355 2385 qui
400 2276 505 2355 de
541 2276 677 2356 illo
715 2276 943 2384 plura
984 2274 1420 2375 desiderat,
1459 2275 1818 2355 eamdem
1847 2275 2078 2383 legat.
2124 2278 2366 2381 Quod

222 2428 405 2479 vero
440 2398 545 2479 ad
587 2400 987 2508 Epistolas
1028 2417 1366 2508 spectat,
1402 2428 1568 2479 non
1608 2399 2033 2481 mediocris
2067 2403 2368 2485 utilitas
2484 2485 2491 2490 .

224 2550 308 2601 ex
345 2551 626 2602 earum
667 2523 1002 2602 lectione
1038 2523 1124 2600 in
1176 2551 1322 2603 nos
1365 2521 1876 2621 redundabit.
1919 2525 2236 2604 Etenim
2268 2556 2364 2607 ex

222 2647 341 2727 bis
373 2648 880 2756 potissimum
911 2647 1135 2726 facile
1168 2648 1403 2728 nobis
1431 2649 1872 2756 poterimus
1901 2677 2364 2758 comparare

221 2769 440 2850 latini
488 2773 875 2852 sermonis
902 2773 1472 2880 integritatem,
1503 2801 1843 2881 quarum
1884 2774 2130 2880 stylus
2162 2773 2365 2855 adeo

223 2896 568 2975 sincerus
623 2914 702 2976 et
755 2898 1306 3005 incorruptus,
1372 2895 1574 2975 adeo
1635 2913 1753 2976 est
1818 2897 2203 2977 naturalis
2271 2928 2362 2978 ac

222 3038 499 3125 sponte
547 3020 768 3099 fusus
794 3080 813 3116 ,
865 3037 955 3098 ut
1014 3038 1414 3099 structura
1470 3022 1644 3127 ipsa
1700 3037 1781 3098 et
1841 3019 2361 3101 collocatione

219 3144 644 3224 verborum
680 3144 966 3224 usitata
996 3173 1085 3223 ac
1122 3144 1488 3222 familiari
1520 3172 1787 3222 veram
1819 3171 1908 3222 ac
1948 3144 2357 3251 propriam

218 3270 493 3373 priscae
552 3268 762 3348 illius
811 3297 902 3347 ac
951 3269 1233 3347 nativae
1287 3268 1703 3348 latinitatis
1758 3269 2182 3375 imaginem
2234 3297 2357 3347 re-

217 3409 656 3496 praesentet.
675 3392 971 3471 Verum
991 3452 1010 3488 ,
1041 3407 1157 3490 ut,
1187 3388 1407 3498 quod
1436 3393 1927 3500 praecipuum
1954 3409 2105 3489 est,
2128 3392 2358 3470 attin-

217 3541 521 3618 gamus,
560 3513 889 3594 ubinam
942 3532 1103 3594 tam
1146 3514 1525 3622 praeclara
1548 3574 1571 3615 ,
1612 3542 1703 3593 ac
1742 3533 1902 3594 tam
1941 3515 2354 3622 perspicua

215 3642 496 3720 veteris
544 3640 753 3721 illius
793 3642 1044 3751 aetatis
1086 3641 1478 3721 inveneris
1518 3657 2070 3738 monumenta,
2114 3669 2354 3749 quam

217 3763 304 3840 in
354 3765 481 3844 his
534 3766 952 3874 Epistolis,
1012 3767 1097 3845 in
1155 3764 1449 3875 quibus
1517 3797 1557 3839 <c
1583 3764 1849 3843 omnia
1911 3762 2011 3843 de
2070 3764 2356 3844 studiis

217 3919 258 3958 α
289 3889 779 3997 principum,
819 3891 1033 3974 vitiis
1063 3889 1389 3987 ducum,
1443 3917 1534 3968 ac
1576 3887 2153 3968 mutationibus
2199 3891 2355 3969 rei-

213 4042 252 4079 «
288 4011 674 4115 publicae»
719 4033 877 4093 tam
922 4032 1281 4094 accurate
1302 4012 1767 4126 perscripta
1808 4029 2035 4110 sunt,
2091 4030 2181 4091 ut
2226 4040 2356 4090 eas
