3023 4773
595 427 733 498 510
1214 431 1310 498 M.
1362 430 1439 497 T.
1491 427 2073 500 CICERONIS

587 632 1767 656 mmmmm
1772 635 2700 657 mmmmm

1201 817 1809 899 EPISTOLA
1875 817 2112 898 XIV.

583 975 838 1037 Atticum
867 989 1034 1053 rogat
1063 988 1129 1034 ut
1159 980 1346 1034 Roma
1376 974 1584 1035 absens
1620 976 1692 1035 ad
1741 996 1879 1037 suos
1916 976 2167 1050 scribat,
2210 990 2275 1037 ut
2304 977 2397 1037 sui
2437 977 2568 1038 libri
2609 983 2711 1039 ci-

660 1072 857 1133 ceroni
886 1085 1152 1151 pateant;
1187 1084 1245 1130 et
1273 1086 1338 1130 ut
1364 1073 1413 1130 si
1444 1072 1585 1150 quid
1615 1075 1753 1132 novi
1773 1072 1987 1133 habeat
2012 1072 2245 1146 scribat,
2275 1088 2334 1134 et
2362 1088 2427 1133 ut
2455 1095 2516 1133 se
2536 1096 2708 1154 quam

657 1169 911 1250 primum
934 1168 1161 1227 revisat.
1186 1167 1281 1246 (In
1300 1172 1562 1227 Cumano
1571 1212 1590 1243 ,
1616 1188 1767 1227 anno
1790 1173 1866 1229 U.
1884 1173 1950 1229 C.
1971 1169 2118 1248 698,
2139 1189 2333 1229 mense
2353 1170 2551 1251 maio.)

1273 1361 1589 1425 CICERO
1636 1360 1946 1425 ATrlco
1994 1361 2060 1427 S.

670 1517 1068 1585 vnn-omns
1111 1524 1357 1582 noster
1388 1534 1504 1580 me
1547 1531 1679 1605 per
1715 1507 1954 1579 literas
1982 1508 2152 1582 fecit
2181 1513 2562 1582 certiorem
2583 1563 2602 1599 ‚
2633 1527 2709 1585 te

575 1629 807 1696 Roma
838 1645 900 1693 a.
942 1620 1013 1692 d.
1039 1646 1112 1691 v1
1137 1618 1230 1691 id.
1258 1619 1421 1689 mai.
1454 1632 1708 1715 putare
1738 1617 2149 1715 profectum
2174 1645 2326 1691 esse
2346 1675 2365 1708 ‚
2395 1621 2708 1719 tardius,

574 1757 796 1830 quam
841 1731 1118 1803 dixerat
1145 1742 1196 1817 ¹,
1242 1727 1442 1825 quod
1488 1729 1731 1798 minus
1766 1728 2130 1801 valuisses.
2163 1733 2234 1802 Si
2266 1731 2413 1825 jam
2450 1732 2712 1804 melius

570 1843 801 1930 vales,
854 1841 1323 1912 vehementer
1376 1836 1678 1934 gaudeo,
1741 1839 2018 1929 Velim,
2079 1839 2383 1912 domum
2437 1843 2579 1914 ad²
2633 1858 2709 1915 te

572 1952 885 2039 scribas,
924 1965 1007 2020 ut
1047 1949 1228 2018 mihi
1272 1949 1380 2018 tui
1431 1947 1596 2018 libri
1639 1964 1972 2046 pateant,
2026 1976 2176 2022 non
2232 1976 2472 2040 seem,
2521 1976 2604 2025 ac
2644 1954 2709 2024 si

569 2063 724 2161 ipse
766 2060 1090 2146 adesses,
1146 2083 1376 2155 quum
1422 2062 1682 2149 ceteri,
1731 2074 1890 2129 tum
1934 2066 2293 2133 Varronis.
2344 2069 2469 2134 Est
2512 2067 2710 2134 enim

569 2172 748 2243 mihi
796 2168 1151 2241 utendum
1190 2167 1625 2266 quibusdam
1663 2167 1883 2241 rebus
1925 2196 2013 2241 ex
2056 2172 2140 2245 iis
2184 2171 2384 2243 libris
2423 2170 2510 2243 ad
2548 2199 2707 2262 eOS,

568 2309 755 2384 quos
799 2288 878 2354 in
922 2281 1258 2353 manibus
1293 2279 1581 2351 habeo:
1630 2306 1859 2378 quos,
1907 2296 1990 2352 ut
2029 2306 2285 2380 spero,
2330 2282 2460 2353 tibi
2498 2284 2709 2355 valde

567 2394 923 2497 probabo.
958 2398 1069 2465 Tu
1100 2393 1350 2479 velim,
1386 2393 1447 2462 si
1479 2391 1660 2487 quid
1688 2390 1872 2463 forte
1903 2394 2073 2463 novi
2101 2391 2325 2463 habes
2344 2447 2363 2479 ,
2394 2395 2701 2465 maxime

566 2531 608 2578 a
650 2508 929 2598 Quinto
971 2502 1186 2574 fratre
1204 2498 1259 2591 3',
1299 2500 1561 2572 deinde
1591 2527 1632 2573 a
1660 2506 1741 2573 C.
1776 2506 2082 2591 Caesare,
2116 2519 2189 2574 et
2223 2505 2283 2574 si
2310 2504 2489 2600 quid
2517 2502 2704 2577 forte

565 2615 658 2688 de
693 2615 1041 2702 comitiis,
1085 2612 1174 2683 de
1214 2612 1591 2710 republica
1634 2612 1873 2708 (soles
1912 2614 2106 2684 enim
2147 2627 2228 2683 tu
2268 2613 2421 2684 haec
2455 2612 2704 2684 festive

570 2724 991 2820 odoram-ff),
1023 2721 1292 2794 scribas
1328 2722 1418 2793 ad
1457 2747 1574 2793 me
1609 2749 1624 2791 ε
1664 2723 1721 2793 si
1751 2724 1853 2793 nil
1887 2721 2229 2812 habebis,
2264 2738 2508 2795 tamen
2538 2728 2704 2795 scri-

565 2835 697 2908 bas
751 2833 1050 2932 aliquid.
1112 2836 1531 2931 Numquam
1588 2837 1785 2904 enim
1840 2835 2017 2904 mihi
2065 2849 2188 2905 tua
2233 2835 2533 2932 epistola
2582 2849 2705 2906 aut

460 2985 466 2989 ,
565 2948 1113 3045 intempestiva,
1174 2959 1299 3016 aut
1370 2944 1636 3041 loquax
1695 2946 1843 3016 visa
1902 2959 2028 3015 est.
2094 2949 2401 3017 Maxime
2465 2961 2699 3017 autem

565 3082 785 3155 rogo,
821 3056 1043 3129 rebus
1085 3058 1266 3144 tuis,
1299 3069 1606 3161 totoque
1652 3052 1959 3127 itinere⁵
2003 3081 2093 3128 ex
2141 3060 2496 3129 sententia
2525 3082 2698 3129 con-

562 3166 754 3240 fecto
774 3221 792 3256 ‚
832 3190 967 3237 nos
995 3188 1215 3262 quam
1243 3166 1564 3261 primum
1591 3165 1877 3239 revisas.
1897 3166 2332 3265 Dionysium
2354 3166 2536 3262 jube
2562 3165 2699 3238 sal-

564 3303 756 3352 vere.
796 3279 987 3349 Cura
1023 3288 1108 3347 ut
1140 3273 1394 3345 valeas.

638 3499 688 3532 1.
738 3477 966 3529 Dixerat.
1016 3479 1226 3526 Faernus
1278 3474 1585 3539 corrigebat,
1672 3475 1727 3525 id
1751 3489 1824 3526 est
1839 3510 1856 3537 ,
1883 3476 2143 3542 eleganter,
2166 3486 2217 3526 et
2237 3476 2468 3526 suavibus
2490 3475 2697 3542 quam-

558 3560 789 3618 dis-ens,
823 3573 916 3624 pro
944 3555 1178 3617 dixerat,
1207 3564 1258 3604 et
1287 3554 1356 3603 in
1389 3554 1586 3604 videtur
1672 3555 1786 3604 dam
1803 3555 2072 3607 blanditiis.
2101 3558 2247 3604 Vre-r.

560 3639 834 3707 legendnm.
860 3638 1049 3686 Unum
1743 3630 1793 3685 5.
1846 3638 2061 3699 Totoque
2096 3634 2284 3682 itinere.
2328 3633 2461 3683 Male
2503 3635 2694 3683 Manat.

632 3734 684 3767 a.
708 3718 892 3766 Olivet-
917 3715 992 3764 ad
1014 3726 1144 3765 enos.
1170 3714 1225 3763 J.
1242 3716 1310 3763 V.
1331 3714 1390 3762 1..
1669 3715 1861 3778 putavit
1872 3714 2240 3763 iter-Asiaticum
2251 3714 2415 3763 fuine.
2429 3712 2695 3778 Quomodo

634 3798 684 3845 3.
734 3798 919 3844 tram.
962 3793 1109 3842 Nunc
1155 3793 1357 3842 Castris
1400 3792 1579 3858 legato.
1668 3793 1798 3841 enim
1834 3793 2008 3843 Cicero
2046 3808 2216 3857 rogare
2250 3796 2527 3859 potuisset,
2561 3804 2616 3842 ut
2653 3792 2694 3840 si

634 3882 684 3932 ⁴·
706 3873 894 3922 Fescine
910 3872 1126 3921 odorari.
1144 3873 1356 3921 Videant
1372 3872 1579 3932 eruditi,
1667 3872 1787 3937 quid
1801 3873 1921 3920 novi
1936 3870 2137 3921 haberet
2155 3873 2215 3922 de
2232 3876 2421 3936 Quinto
2429 3884 2477 3921 et
2490 3874 2693 3933 Caute,

562 3972 626 4005 an
663 3954 842 4001 rectius
883 3952 1018 4016 quod
1056 3952 1374 4018 manuscripti
1417 3951 1579 4001 adhuc
1666 3967 1842 4017 nempe
1865 3952 1944 3999 vel
1973 3967 2002 4000 e
2030 3952 2218 4011 Gallia,
2255 3952 2333 4000 vel
2363 3969 2390 4000 e
2415 3953 2690 4015 Britannh,

560 4036 773 4086 retinent
794 4030 937 4090 libri,
963 4043 1014 4080 et
1036 4033 1264 4081 Germani
1289 4033 1343 4081 in
1363 4033 1581 4097 margine
1667 4032 1761 4080 sibi
1783 4032 2043 4080 nuntiaret.
2063 4034 2181 4081 Sca.
2211 4059 2280 4069 —-
2294 4031 2393 4080 Sed
2412 4033 2554 4097 epist.
2587 4049 2686 4098 seq.

558 4116 636 4166 sni
648 4111 834 4165 codicis
846 4109 1140 4159 adnotarunt
1147 4146 1163 4171 ,
1165 4112 1346 4177 festive
1361 4112 1577 4180 legatur:
1667 4111 1936 4162 Asiaticum
1960 4112 2054 4162 iter
2070 4110 2365 4161 nominatur.
2391 4111 2487 4161 En.
