3023 4773
539 467 1053 540 ErlsToLAE
1104 471 1231 538 AD
1280 473 1772 560 ΑΤΤιουΜ,
1819 478 1979 561 111,
2042 502 2145 571 η.
2261 475 2391 563 451

287 606 470 679 tem,
501 592 843 689 quoniam
882 615 1032 660 non
1072 590 1285 688 longe
1314 590 1404 662 ab
1440 617 1531 664 eo
1558 608 1885 693 tempore
1918 594 2295 685 absumus‘,
2326 595 2401 667 in

289 729 441 800 quo
493 727 607 775 res
651 699 1200 796 dijudicabitur,
1242 717 1365 773 aut
1420 702 1509 773 ad
1562 720 1633 775 te
1684 703 2047 777 conferam
2091 733 2235 796 me,
2283 723 2406 778 aut

289 816 503 884 etiam
541 836 738 884 nunc
770 814 1042 882 circum
1076 811 1227 882 haec
1255 812 1411 884 loca
1453 812 1978 885 commorabor.
2027 815 2287 887 Scribit
2315 815 2405 887 ad

289 947 405 994 me
433 923 681 1012 frater,
720 923 958 994 omnia
996 948 1123 993 sua
1164 947 1293 1019 per
1332 938 1403 994 te
1442 949 1671 994 unum
1710 925 2065 995 sustineri.
2112 924 2308 1014 Quid
2336 940 2405 997 te

289 1047 413 1103 aut
453 1032 736 1121 horter,
781 1030 980 1129 quod
1020 1028 1225 1119 faci5‚
1267 1048 1389 1103 aut
1434 1058 1640 1131 agam
1679 1035 1965 1130 gratiaS,
2022 1035 2221 1131 quod
2256 1061 2408 1106 non

289 1141 703 1240 exspectas?
740 1154 1022 1211 tantum
1060 1141 1307 1228 velim,
1348 1139 1640 1214 fortuna
1682 1141 1803 1215 det
1839 1143 2051 1215 nobis
2094 1160 2410 1243 potesta·

289 1264 473 1334 tem,
528 1264 607 1320 ut
653 1250 1050 1319 incolumes
1104 1274 1350 1321 amore
1400 1266 1653 1323 nostro
1699 1250 2175 1350 perfruamur.
2228 1260 2413 1328 Tuas

287 1361 527 1431 literas
550 1385 834 1457 semper
857 1361 1165 1458 maxime
1185 1376 1525 1458 exspecto
1546 1390 1560 1431 :
1584 1363 1659 1432 in
1677 1362 1943 1459 quibus
1962 1387 2132 1435 cave
2150 1368 2415 1451 vereri,

290 1497 380 1542 ne
406 1487 526 1544 aut
553 1471 919 1568 diligentia
953 1485 1077 1540 tua
1119 1470 1297 1540 mihi
1332 1472 1669 1560 molesta,
1705 1487 1834 1542 aut
1862 1475 2121 1544 veritas
2156 1473 2413 1546 acerba

291 1583 400 1651 sit.
448 1586 605 1652 Dat.
640 1580 823 1678 prid.
851 1605 1022 1651 non.
1056 1579 1442 1677 septembr.

287 1802 563 1822 mmm

1209 1801 1477 1822 mm
1481 1802 1571 1821 m
1577 1799 2306 1824 mmmmm
2311 1805 2403 1825 m

856 1989 1466 2069 EPISTOLA
1521 1988 1858 2071 XVIII.

289 2148 457 2218 Petit,
498 2160 562 2204 ut
590 2145 700 2204 sibi
732 2145 949 2216 omnia,
973 2161 1104 2224 quae
1130 2145 1205 2203 de
1236 2145 1421 2203 salute
1445 2164 1548 2203 sua
1576 2145 1863 2223 speranda
1903 2148 2044 2218 sint,
2076 2150 2415 2227 perscribat.

529 2242 1009 2322 (Thessalonicae,
1039 2259 1193 2300 anuo
1223 2247 1297 2303 U.
1328 2245 1392 2300 C.
1422 2241 1568 2318 695,
1595 2261 1791 2299 meuse
1822 2243 2180 2324 septembri.)

940 2428 1257 2493 CICERO
1303 2424 1620 2491 A'l'rlco
1666 2426 1730 2492 S.

383 2587 1028 2653 Exsrsscnnonm
1056 2578 1272 2651 nobis·
1291 2602 1444 2649 nou
1469 2602 1760 2675 parvam
1783 2582 2155 2672 attuleram,
2184 2610 2416 2682 quum

289 2693 708 2790 scripseras,
761 2694 1160 2761 Varronem
1198 2685 1333 2763 tibi
1376 2712 1511 2786 pro
1554 2691 1863 2762 amicitia
1916 2690 2414 2779 confirmasse,

290 2826 571 2871 causam
603 2815 921 2871 nostram
947 2799 1372 2897 Pompeium
1400 2812 1593 2870 certe
1623 2815 2129 2897 suscepturum
2152 2829 2171 2887 ;
2194 2819 2290 2891 et,
2318 2808 2412 2874 si·

291 2910 443 2980 mul
486 2935 528 2982 a
577 2914 848 2981 Caesare
901 2910 1011 2981 ei¹
1049 2909 1302 2995 literae}
1343 2932 1522 3005 quas
1567 2924 2055 3006 exspectaret,
2105 2913 2416 2985 remissa!

292 3034 562 3108 essent,
595 3031 1002 3090 auctorem²
1029 3021 1241 3090 etiam
1276 3016 1629 3089 daturum.
1657 3023 1917 3089 Utrum
1945 3020 2014 3091 id
2040 3022 2216 3092 nihil
2247 3023 2411 3111 fuit,

290 3154 382 3199 au
413 3129 793 3200 adversatae
816 3142 983 3198 suut
1006 3129 1295 3199 Caesaris
1319 3126 1578 3200 literae?
1607 3154 1699 3199 an
1725 3144 1832 3200 est
1859 3129 2129 3227 aliquid
2154 3135 2227 3202 in
2250 3136 2418 3231 spe?

290 3240 522 3333 Etiam
568 3237 744 3309 illud
789 3238 1206 3336 scripseras,
1247 3236 1618 3327 eumdem,
1659 3237 2056 3310 secundum
2097 3244 2419 3331 comitia,

289 3346 617 3421 ‹lixisse³.
650 3354 786 3419 Fae
814 3346 908 3443 (si
953 3346 1188 3435 vides,
1232 3351 1521 3443 quantis
1555 3350 1632 3420 in
1670 3349 1876 3420 malis
1914 3349 2224 3442 jaceam,
2256 3367 2327 3422 et
2359 3355 2418 3424 si

371 3582 415 3615 1.
468 3565 627 3613 Graev.
683 3564 731 3612 ei
779 3563 1038 3613 delendum
1097 3560 1305 3611 censuit.

289 3647 343 3694 J.
362 3646 427 3692 V.
454 3646 511 3690 L.

1397 3561 1542 3610 fnisse
1565 3574 1828 3611 auctorem.
1851 3564 1946 3611 Hie
1968 3575 2128 3612 autem
2149 3568 2417 3631 promittit,

1396 3657 1447 3688 ae
1460 3652 1708 3688 auctorem
1726 3641 1967 3700 daturum,
1983 3641 2078 3689 hoe
2093 3644 2417 3704 eustacium-

366 3739 416 3770 α.
431 3725 706 3770 Auctorem.
722 3723 822 3784 Qui
832 3723 1029 3769 referret
1045 3722 1096 3767 iu
1115 3730 1283 3767 senatu
1294 3749 1309 3777 ,

218 3832 223 3836 ·
289 3814 576 3868 contempto
613 3802 796 3851 Clodiae
831 3801 951 3865 legis
991 3801 1174 3864 capite,
1209 3815 1311 3863 quo

290 3893 490 3931 cautum
508 3894 611 3930 erat
631 3899 691 3930 ne
708 3882 871 3929 referri
890 3881 1071 3928 ficeret.
1087 3881 1310 3927 Mu«.—

292 3962 431 4010 Idem
456 3964 507 4009 in
529 3964 691 4010 Pison.
728 3977 838 4025 cap.
865 3961 925 4009 32
950 3974 965 4008 ε
991 3983 1016 4001 u
1033 3962 1108 4007 De
1133 3975 1209 4006 me
1230 3975 1308 4006 se·

294 4052 438 4088 natus
462 4041 527 4089 ita
558 4040 799 4097 decrevit,
827 4043 917 4089 Cu.
954 4038 1184 4101 Pompeio
1220 4054 1306 4084 au·

293 4133 431 4167 οισι-ε
458 4133 506 4167 et
534 4123 637 4182 ejus
655 4118 902 4166 sentcntiae
921 4117 1142 4180 principe
1165 4138 1206 4165 ι.
1238 4119 1310 4164 Ex

1396 3736 1503 3767 rum
1520 3753 1535 3777 ‚
1561 3721 1644 3782 qui
1673 3720 1860 3768 senatui
1882 3720 2221 3785 persuaderet,
2254 3736 2309 3772 ut
2335 3727 2416 3775 Ci-

1398 3813 1510 3846 cero
1533 3798 1868 3846 restitueretur
1890 3800 2060 3861 patriae
2089 3812 2136 3848 et
2164 3802 2387 3866 dignitati
2403 3840 2419 3865 ‚

1397 3879 1498 3925 sive
1522 3888 1635 3924 tunc
1655 3879 1759 3941 ipse
1778 3878 1970 3925 futurus
1992 3891 2114 3927 esset
2139 3893 2312 3930 auctor
2329 3885 2421 3933 hu-

1393 3958 1472 4019 jus
1492 3957 1592 4016 rei,
1619 3968 1673 4003 ut
1693 3956 1806 4015 fuit,
1828 3956 1929 4004 sive
1946 3958 2066 4006 alius
2080 3993 2094 4018 ,
2118 3962 2256 4022 cujus
2274 3980 2420 4028 opera

1404 4046 1637 4083 uteretur.
1669 4036 1841 4089 ὕων.

1480 4117 1529 4164 3.
1561 4115 1767 4164 Dixisse.
1791 4117 1981 4165 Habitis
2003 4120 2210 4166 comitiis
2227 4156 2241 4178 ,
2264 4121 2325 4168 de
2347 4139 2423 4168 me

292 4216 396 4264 quo
433 4200 547 4247 loco
588 4199 802 4246 videmus
838 4199 996 4259 ipsum
1037 4195 1319 4259 Pompeium
1408 4194 1459 4242 iu
1473 4206 1641 4243 senatu
1660 4207 1819 4244 actum
1835 4196 1910 4244 iri.
1928 4198 2015 4262 Ep.
2037 4215 2056 4243 ι
2070 4200 2098 4245 3
2114 4211 2160 4245 et
2185 4207 2261 4253 ιι..
2280 4201 2420 4247 ΜΛΝ.

2062 4306 2175 4374 29.
