3023 4773
735 398 870 496 596
1354 401 1453 465 M.
1498 399 1575 463 T.
1631 398 2217 467 CICERONIS

730 519 972 591 detuli.
1014 522 1163 589 Nec
1201 517 1389 587 enim
1433 517 1506 585 in
1540 519 1910 613 provincia
1945 540 2103 586 mea
2133 514 2721 613 negotiabantur.
2752 519 2857 584 Tu

729 646 967 701 autem
992 628 1409 714 meministi,
1445 651 1579 697 nos
1615 631 1714 696 sic
1740 651 1948 724 agere
1969 680 1988 712 ,
2026 640 2142 711 ut,
2179 641 2358 723 quot
2384 626 2640 712 vellet,
2674 650 2857 723 prze-

726 740 1038 811 fecturas
1074 751 1421 823 sumeret,
1466 735 1641 806 dum
1674 760 1767 806 ne
1810 736 2259 832 negotiatori.
2293 741 2543 833 Itaque
2575 734 2766 806 duas
2792 738 2856 807 ei

728 864 1069 948 proeterea
1107 846 1461 920 dederam.
1518 843 1654 916 Sed
1694 847 1773 934 ii,
1818 845 2084 941 quibus
2137 848 2472 943 petierat,
2532 845 2628 916 de
2677 871 2855 944 pro·

727 964 961 1030 vincia
989 959 1460 1029 decesserant.

820 1073 1031 1139 Nunc
1092 1090 1444 1162 cognosce
1498 1065 1589 1135 de
1644 1065 2096 1136 Salaminiis:
2158 1062 2359 1160 quod
2395 1063 2672 1135 'videbo
2725 1064 2856 1134 tibi

726 1181 937 1248 etiam
976 1201 1246 1246 novum
1286 1174 1662 1263 accidisse,
1705 1188 2070 1271 tamquam
2091 1184 2158 1216 ²⁰
2198 1174 2391 1243 mihi.
2431 1179 2856 1272 Numquam

724 1289 918 1358 enim
955 1311 1043 1356 ex
1079 1285 1203 1355 illo
1238 1285 1521 1372 audivi,
1559 1285 1748 1353 illam
1788 1286 2170 1381 pecuniam
2206 1307 2356 1353 esse
2393 1308 2621 1353 suam.
2657 1286 2854 1373 Quin

721 1399 936 1466 etiam
979 1393 1306 1470 ‚libellum
1346 1395 1565 1491 ipsius
1602 1392 1835 1463 habeo
1859 1446 1877 1480 ,
1918 1394 1993 1461 in
2032 1417 2182 1489 quo
2220 1408 2327 1464 est
2364 1422 2379 1463 ε
2420 1425 2454 1458 «
2484 1393 2855 1464 Salaminii

721 1536 755 1570 «
788 1507 1169 1603 pecuniam
1228 1504 1497 1575 debent
1562 1507 1656 1572 M.
1724 1505 2012 1599 Scaptio
2081 1518 2153 1573 et
2214 1507 2286 1573 P.
2347 1505 2658 1575 Matinio
2683 1559 2704 1592 ,
2757 1503 2854 1574 fa-

719 1646 751 1678 «
789 1613 1181 1683 miliaribus
1231 1618 1488 1682 meis».
1548 1618 1688 1682 Eos
1741 1612 1917 1681 mihi
1966 1613 2462 1701 commendat3
2506 1615 2855 1686 adscribit

723 1727 930 1796 etiam
953 1778 971 1811 ,
1005 1737 1074 1794 et
1105 1728 1308 1819 quasi
1337 1723 1566 1792 calcar
1599 1720 1968 1808 admovet,
2006 1725 2481 1794 intercessisse
2501 1735 2566 1768 ²¹
2610 1749 2695 1795 se
2727 1749 2854 1823 pro

720 1837 803 1905 iis
868 1856 1194 1929 magnam
1260 1833 1661 1927 pecuniam.
1730 1829 2192 1901 Confeceram
2221 1886 2239 1920 ,
2304 1847 2382 1901 ut
2444 1833 2852 1921 solverent,

722 1944 1125 2015 centesimis
1177 1943 1497 2012 sexennii
1543 1942 1773 2012 ductis
1812 1966 1976 2012 cum
2014 1945 2564 2013 renovatione²²
2600 1946 2856 2040 singu-

717 2055 954 2125 lorum
1011 2076 1393 2122 annorum.
1459 2058 1547 2122 At
1597 2055 1922 2149 Scaptius
1980 2068 2364 2148 quaternas
2413 2055 2851 2152 postulabat.

715 2165 984 2249 Metui,
1023 2163 1081 2233 si
1113 2164 1594 2259 impetrasset,
1625 2187 1717 2233 ne
1747 2177 1825 2232 tu
1861 2164 2013 2260 ipse
2047 2187 2160 2232 me
2191 2187 2426 2236 amare
2457 2165 2850 2237 desineres».

717 2278 899 2343 Nam
943 2271 1031 2342 ab
1072 2272 1307 2341 edicto
1350 2295 1513 2340 meo
1555 2273 2040 2359 recessissem,
2079 2286 2150 2343 et
2189 2275 2579 2360 civitatem,
2618 2280 2697 2346 in
2733 2280 2859 2346 Ca-

717 2385 905 2453 tonis
953 2397 1025 2453 et
1078 2385 1149 2451 in
1203 2382 1425 2478 ipsius
1474 2378 1754 2451 Bruti²³
1797 2379 1940 2452 fide
1979 2382 2319 2466 locatam,
2363 2386 2694 2482 meisque
2727 2385 2853 2457 be-

717 2491 988 2562 neflciis
1049 2505 1418 2577 ornatam,
1478 2489 1806 2560 funditus
1863 2491 2350 2589 perdidissem.
2397 2486 2656 2591 ‘Atque
2709 2496 2856 2568 hoc

718 2618 1043 2698 tempore
1070 2604 1230 2697 ipso
1265 2602 1600 2696 impingit
1635 2600 1808 2669 mihi
1846 2602 2221 2697 epistolam
2250 2605 2577 2699 Scaptius
2609 2609 2854 2689 Bruti,

714 2736 863 2782 rem
897 2711 1085 2779 illam
1116 2735 1248 2780 suo
1283 2710 1608 2806 periculo
1651 2735 1838 2796 esse3
1875 2710 2076 2807 quod
2115 2736 2250 2783 nec
2287 2713 2460 2782 mihi
2494 2739 2857 2811 umquam

716 2826 977 2891 Brutus
1041 2818 1316 2889 dixerat
1342 2874 1360 2907 ,
1428 2844 1562 2890 nec
1624 2818 1756 2889 tibi
1809 2848 1823 2888 :
1879 2824 2094 2891 etiam
2119 2876 2137 2906 ,
2205 2838 2286 2893 ut
2349 2823 2858 2921 praefecturam

716 2929 1001 3025 Scaptio
1052 2925 1423 2998 deferrem.
1487 2927 1568 2997 Id
1619 2952 1793 2999 vero
1846 2954 1974 3027 per
2029 2944 2100 3001 te
2157 2956 2721 3031 exceperamus,
2768 2962 2859 3007 ne

715 3038 1182 3136 negotiatori:
1214 3035 1412 3132 quod
1433 3041 1489 3106 si
1517 3040 1852 3133 cuiquam
1873 3092 1892 3124 ,
1921 3038 2089 3109 huic
2113 3053 2351 3112 tamen
2380 3068 2555 3113 non.
2590 3049 2862 3117 Fuerat

716 3149 907 3218 enim
957 3145 1333 3244 praefectus
1386 3148 1664 3243 Appio;
1708 3162 1780 3218 et
1829 3147 2122 3243 quidem
2176 3149 2524 3222 habuerat
2575 3167 2864 3226 turmas

787 3348 870 3379 πο.
907 3330 1025 3378 Non
1061 3329 1219 3392 placet
1254 3326 1428 3389 eciam,
1457 3340 1732 3394 tamquam.
1822 3347 1914 3394 pro
1938 3340 1986 3379 te
2013 3332 2376 3381 intercessisse·-
2403 3335 2602 3385 dicebat
2633 3334 2866 3397 Phua.

716 3414 815 3460 Aut
835 3409 1042 3474 glossam
1064 3420 1188 3472 puto
1208 3424 1308 3455 esse
1325 3420 1582 3470 tamquam
1601 3407 1736 3466 mihi,
1832 3410 1910 3456 18.
1941 3411 2089 3459 Mur.

718 3502 799 3538 aut
826 3487 1147 3552 legendum‚‹·
1168 3497 1264 3534 tam
1283 3503 1467 3533 novum
1485 3487 1736 3545 accidisse,
1898 3502 1983 3536 22.
2016 3487 2133 3535 Cum
2162 3488 2492 3536 renovatione.
2521 3492 2657 3540 Cum
2687 3506 2865 3541 mto·
2941 3496 2942 3509 ¹

717 3586 861 3633 quam
886 3567 1004 3614 mihi
1025 3589 1065 3615 ιο.
1084 3567 1212 3614 Eun.
1240 3592 1309 3602 -
1344 3565 1450 3613 Nos
1482 3565 1607 3613 nihil
1631 3582 1735 3613 mu·
1825 3566 1976 3613 cismo
2019 3566 2364 3616 anniversario.
2393 3569 2522 3617 Vide
2568 3572 2729 3634 epist.
2763 3588 2826 3621 21
2849 3609 2866 3631 ,

716 3646 917 3695 tandum
942 3663 1043 3693 esse
1074 3645 1380 3693 arbitramur.
1824 3644 1908 3691 lib.
1936 3646 2000 3692 V.

789 3741 872 3773 αι.
918 3724 1264 3772 Intercessisse.
1308 3724 1556 3786 Apparet,
1591 3738 1736 3785 quam
1900 3724 1978 3770 23.
2024 3723 2225 3771 Catonis
2276 3737 2401 3773 et...
2448 3727 2610 3775 Bruti.
2657 3731 2866 3795 Cyprus

716 3804 967 3866 pecuniam
998 3802 1236 3866 Scaptius,
1264 3812 1311 3849 et
1336 3800 1572 3848 Matinius
1598 3800 1735 3848 Sala·
1823 3801 2020 3849 Catonis
2035 3812 2136 3848 erat
2150 3802 2367 3851 clientela
2382 3806 2551 3869 :epist
2571 3809 2864 3866 4,lib.xv,

716 3879 876 3926 miniis
894 3881 1064 3928 Romae
1080 3879 1332 3938 dederant,
1355 3896 1457 3927 eam
1479 3881 1733 3944 pecuniam
1819 3878 1881 3926 ad
1895 3880 2008 3926 Div.
2024 3882 2144 3926 Item
2157 3882 2309 3939 Bruti,
2326 3884 2437 3945 quin
2465 3900 2581 3932 cum
2601 3888 2867 3935 avunculo

719 3968 767 4005 et
790 3958 921 4019 ipsos
943 3970 1157 4006 mutuam
1185 3958 1442 4024 sumpsisse
1458 3995 1473 4019 ,
1499 3973 1732 4021 sponsore
1817 3972 1909 4005 suo
1935 3959 2122 4007 Catone
2148 3960 2327 4017 suerat,
2356 3978 2509 4025 quum
2532 3964 2575 4010 is
2592 3964 2715 4031 lege
2742 3967 2866 4016 Clo—

715 4035 884 4081 Bruto.
904 4034 1027 4081 Nam
1050 4034 1340 4083 intercedere
1359 4035 1562 4084 verbnm
1581 4047 1651 4083 est
1671 4035 1730 4083 de
1818 4035 1894 4082 dia
1937 4038 2156 4101 Cyprum
2197 4039 2399 4087 insulam
2429 4042 2713 4092 Ptolemaeo
2756 4045 2864 4108 regi

708 4111 1054 4177 sponsionibus
1077 4124 1380 4176 usurpatum.
1412 4116 1657 4161 “Tantum
1677 4131 1729 4162 se
1815 4114 2007 4163 ademit.
2047 4117 2191 4166 Mu«.
