3023 4773
558 438 1074 512 EPISTOLAE
1123 441 1258 508 AD
1308 426 1811 528 ATTICU'M‚
1859 445 2017 528 111,
2077 441 2180 513 15.
2284 444 2421 530 445

311 569 586 636 utinam
633 565 788 660 ipse
824 566 1055 631 Varro
1101 559 1469 631 incumbat
1509 563 1587 632 in
1630 563 1949 634 causam!
1994 564 2196 660 quod
2254 590 2425 665 pro-

314 673 502 745 fecto
539 697 769 770 quum
811 693 939 740 sua
971 685 1269 767 sponte,
1307 685 1460 740 tum
1503 685 1575 741 te
1611 675 1921 743 instante
1955 670 2187 744 faciet.

408 788 592 878 Ege,
635 785 698 851 si
761 804 876 849 me
918 777 1310 876 aliquando
1354 783 1568 851 vestri
1622 797 1693 851 et
1736 786 1979 879 patriae
2018 800 2429 881 compotem

314 890 603 961 fortuna
628 889 875 962 fecerit
894 943 912 977 ‚
938 904 1134 960 certe
1169 886 1468 960 efficiam
1489 943 1507 975 ‚
1533 906 1619 960 ut
1649 893 1955 996 maxime
1977 892 2211 964 laetere
2239 920 2429 966 unus

314 1026 402 1072 ex
430 1000 770 1072 omnibus
807 1002 1079 1086 amicis;
1114 1024 1421 1096 meaque
1445 998 1683 1071 officia
1711 1015 1784 1072 et
1815 999 2076 1088 studia,
2113 1023 2274 1098 quae
2306 1030 2430 1100 pa-

311 1135 475 1181 rum
532 1127 740 1182 antea
781 1109 1124 1179 luxerunt
1170 1107 1586 1201 (fatendum
1623 1124 1731 1181 est
1766 1109 2038 1202 enim),
2085 1114 2186 1181 sic
2211 1136 2430 1183 exse-

312 1243 519 1316 quar,
572 1234 820 1290 ut‘me
857 1241 1059 1314 aeque
1102 1215 1270 1300 tibi,
1319 1241 1402 1287 ac
1445 1213 1681 1304 fratri,
1728 1233 1798 1288 et
1851 1217 2092 1289 liberis
2131 1225 2433 1309 uostris,

312 1331 721 1401 restitutum
752 1342 985 1426 puteS.
1017 1329 1087 1397 Si
1124 1325 1302 1423 quid
1330 1327 1404 1396 in
1435 1341 1506 1396 te
1534 1330 1853 1423 peccavi,
1881 1352 1962 1398 ac
1983 1331 2225 1425 potius
2260 1355 2435 1426 quo·

314 1440 505 1508 niam
546 1441 868 1536 peccavi,
931 1438 1222 1533 ignosce
1258 1462 1275 1504 ε
1333 1436 1407 1505 in
1449 1459 1566 1505 me
1611 1437 1805 1505 enim
1855 1438 2091 1533 ipsum
2145 1443 2433 1535 peccavi

312 1547 826 1619 vehementius.
851 1550 1107 1641 Neque
1132 1545 1283 1615 haec
1306 1570 1393 1615 eo
1420 1542 1692 1629 scribo,
1720 1539 1964 1640 quod8
1989 1560 2060 1617 te
2089 1572 2239 1618 nou
2269 1572 2435 1620 meo

315 1682 482 1729 casu
532 1659 845 1729 maximo
900 1655 1148 1726 dolore
1185 1653 1717 1727 esseaffectum
1756 1655 1972 1726 sciam
2022 1683 2038 1724 z
2087 1655 2213 1727 sed
2258 1684 2433 1757 pro-

316 1766 539 1852 fecto,
573 1770 631 1837 si
652 1822 672 1854 ‚
701 1780 1059 1863 quantum
1084 1789 1200 1835 me
1237 1788 1427 1836 amas
1451 1780 1527 1836 et
1553 1765 1836 1853 amasti,
1874 1779 2156 1837 tantum
2188 1791 2431 1841 amare

314 1874 618 1946 deberes
668 1898 750 1944 ac
798 1873 1205 1951 debuisses,
1264 1897 1660 1969 numquam
1719 1897 1906 1946 esses
1955 1899 2242 1972 passus,
2279 1903 2435 1966 me,

315 2010 466 2080 quo
503 1998 582 2054 tu
622 1980 1081 2070 abundabas,
1123 2005 1333 2076 egere
1382 1984 1721 2071 consilio;
1783 2009 1919 2055 nec
1961 2009 2149 2056 esses
2187 2009 2433 2082 passus

317 2093 496 2161 mihi
528 2090 975 2189 persuaderi,
1011 2091 1185 2160 utile
1223 2088 1434 2160 nobis
1470 2114 1658 2175 esse,
1686 2092 1915 2188 legem
1945 2092 2034 2164 de
2054 2105 2086 2150 9
2119 2096 2434 2193 collegiis

319 2201 642 2298 perferri.
708 2199 847 2271 Sed
897 2214 977 2270 tu
1034 2213 1314 2270 tantum
1365 2198 1713 2293 lacrymas
1773 2199 2142 2296 praebuisti
2200 2203 2433 2275 dolori

316 2336 514 2397 meo,
561 2308 764 2409 quod
818 2323 970 2379 erat
1024 2310 1320 2395 amoriS,
1378 2323 1740 2407 tamquam
1795 2312 1950 2406 ipse
2001 2334 2135 2408 ego
2174 2340 2191 2383 ε
2230 2314 2434 2411 quod

316 2423 589 2493 meritis
628 2422 808 2491 meis
859 2417 1258 2517 perfectum
1295 2442 1446 2489 esse
1480 2419 1832 2516 potuit¹⁰‚
1870 2433 1953 2489 ut
1989 2419 2138 2491 dies
2183 2436 2255 2492 et
2297 2447 2435 2494 no-

316 2548 502 2620 cteS,
534 2530 711 2628 quid
742 2530 921 2600 mihi
948 2528 1353 2600 faciendum
1383 2543 1608 2616 esset,
1642 2532 1989 2627 cogitares
2008 2584 2027 2618 ‚
2056 2531 2131 2600 id
2168 2531 2295 2604 abs
2325 2549 2433 2622 te,

316 2665 483 2713 meo
506 2695 524 2727 ‚
553 2666 701 2711 non
737 2656 865 2741 tuo
900 2641 1163 2712 scelere
1190 2643 1748 2737 praetermissum
1785 2653 1913 2710 est.
1950 2641 2168 2730 Quod
2194 2646 2252 2713 si
2282 2669 2435 2715 non

319 2751 540 2823 modo
558 2766 672 2839 tu,
692 2750 816 2823 sed
842 2752 1222 2849 quisquam
1250 2748 1500 2820 suisset
1521 2803 1540 2836 ,
1569 2750 1693 2846 qui
1715 2776 1828 2821 me
1851 2754 2173 2848 Pompeii
2196 2757 2435 2826 minus

318 2860 592 2965 liberali
618 2871 1030 2958 responso¹¹
1056 2862 1515 2959 perterritum
1534 2883 1575 2928 a
1607 2859 2022 2955 turpissimo
2044 2871 2105 2903 ¹²
2136 2864 2435 2933 consilio

319 3041 410 3071 cur
444 3025 585 3072 etism
617 3041 647 3072 a
683 3025 869 3072 Caesare
905 3040 1049 3089 opem
1084 3038 1332 3089 exspecte-

316 3120 443 3151 mus.
464 3105 674 3152 Mun-r.

1496 3043 1574 3075 10.
1600 3025 1775 3074 Potuit.
1812 3026 2079 3089 oportuit,
2106 3028 2290 3079 debuit.
2316 3031 2433 3081 Nou

1418 3106 1686 3169 perfectum
1709 3116 1780 3155 est
1797 3116 1983 3163 autem,
2012 3107 2125 3168 quia
2142 3110 2310 3157 merita
2329 3127 2434 3160 mea

390 3185 438 3230 8.
467 3183 584 3241 Alii,
609 3198 724 3246 quo.
745 3184 794 3231 J.
815 3184 881 3230 V.
910 3183 965 3231 1..

388 3278 437 3324 9.
464 3265 538 3309 De
562 3260 798 3325 collegiis.
833 3264 873 3309 1.
900 3277 945 3308 e.
971 3259 1032 3308 de
1065 3261 1330 3309 sodalitati-

315 3343 412 3390 bus
444 3342 617 3407 plebis.
656 3343 733 3389 Ex
766 3352 975 3403 quatuor
1009 3339 1195 3402 legibus
1226 3357 1330 3388 eam

316 3422 567 3479 nominat,
598 3436 707 3483 qus:
733 3420 939 3467 maxime
973 3429 1145 3466 contra
1172 3420 1328 3481 ipsum

316 3517 410 3565 pro
428 3500 607 3548 Clodio
622 3500 742 3557 suin
767 3499 880 3562 qui,
906 3497 1219 3561 collegiorum
1243 3514 1329 3544 no-

317 3582 448 3627 mine
462 3614 479 3638 ‚
513 3595 632 3643 opes
648 3611 662 3634 ,
699 3588 748 3625 et
776 3577 966 3624 servitia
998 3577 1052 3624 iu
1083 3576 1331 3625 Ciceronis

318 3658 580 3721 perniciem
610 3656 977 3720 conscripserat.
1012 3656 1085 3703 De
1118 3655 1193 3701 his
1230 3655 1329 3704 vid.

317 3739 451 3784 Suet.
470 3737 520 3782 in
539 3739 668 3796 Aug.
692 3744 738 3780 et
760 3745 881 3782 orat.
903 3750 995 3798 pro
1017 3737 1154 3783 Sext.
1173 3750 1217 3782 c.
1244 3734 1328 3783 15.

319 3816 413 3861 Eas
450 3813 578 3876 leges
628 3812 801 3860 Cicero
842 3813 1044 3876 perferri
1082 3829 1109 3860 a
1152 3812 1330 3861 Clodio

316 3909 488 3958 passus
511 3903 640 3950 erat,
675 3891 766 3939 hac
792 3892 1099 3951 conditione,
1126 3910 1187 3940 ue
1211 3893 1331 3956 quid

316 3973 401 4021 ille
430 3988 544 4020 mox
579 3983 749 4020 contra
783 3987 834 4018 se
863 3970 1130 4019 moliretur.
1173 3975 1333 4035 Quam

319 4055 592 4114 pactionem
613 4052 821 4102 Clodius
843 4068 943 4101 non
965 4053 1188 4102 servavit.
1211 4054 1332 4111 Dio,

320 4133 613 4184 XXXVIII.
646 4133 734 4180 En.

1419 3184 1549 3231 nulla
1581 3196 1737 3232 erant.
1771 3184 1889 3231 Tale
1921 3184 2046 3232 illud
2080 3201 2161 3249 ep.
2194 3202 2225 3249 9
2254 3188 2325 3236 lib
2351 3193 2433 3240 11:

1419 3283 1445 3304 ιι
1460 3263 1607 3309 Orbis
1625 3263 1705 3309 hic
1722 3264 1776 3309 in
1792 3263 2037 3326 republica
2059 3281 2322 3314 conversus
2338 3281 2436 3329 est,

1416 3339 1562 3388 citius
1576 3342 1803 3399 omuino,
1821 3358 1965 3405 quam
1985 3345 2148 3406 potuit
2165 3366 2208 3392 n.
2227 3347 2380 3396 Mur.

1494 3436 1574 3467 ιι.
1602 3422 1857 3483 Responsa.
1893 3424 2056 3485 Quum
2080 3422 2142 3469 ab
2171 3439 2234 3470 eo
2263 3437 2432 3474 contra

1418 3497 1580 3546 Clodii
1619 3499 1967 3560 iniquissimam
2003 3500 2158 3564 legem
2195 3502 2431 3552 auxilium

1417 3577 1552 3640 petii.
1590 3577 1724 3637 Quid
1748 3588 1908 3625 autem
1934 3580 1980 3625 ei
2007 3579 2256 3642 respondit
2285 3583 2431 3631 Pom-

1416 3655 1593 3718 peius?
1619 3654 1739 3702 nihil
1760 3671 1811 3702 se
1838 3667 2007 3702 contra
2034 3658 2231 3706 Cauris
2254 3662 2430 3710 volun-

1419 3744 1564 3781 tatem
1597 3750 1740 3798 posse
1771 3734 1946 3782 facere.
1985 3737 2059 3783 De
2092 3752 2193 3799 quo
2224 3740 2364 3803 epist.
2397 3743 2430 3801 4

1417 3812 1506 3859 lib.
1540 3814 1607 3859 X.
1644 3814 1778 3859 Orat.
1811 3813 1864 3858 in
1895 3812 2060 3860 Pison.
2100 3828 2147 3861 c.
2183 3816 2267 3864 31.
2302 3818 2428 3880 Dio,

1419 3892 1722 3948 xxxvm,
1755 3906 1835 3949 ¹7·
1865 3891 1960 3940 En.

1496 3985 1576 4019 η.
1620 3970 1662 4016 T
1658 3968 1909 4033 urp1‘ssim0
1942 3969 2158 4020 consiliu.
2205 3972 2432 4025 Abeundi

1420 4050 1474 4096 in
1506 4050 1764 4097 exsilium:
1793 4064 1942 4113 quum
1969 4051 2132 4113 potius
2163 4063 2318 4101 morte
2348 4070 2432 4108 oc-

1422 4130 1649 4177 cumbere
1671 4128 1909 4178 deberem.
1935 4129 2081 4177 Mau,
