3023 4773
866 425 1418 509 EPISToLAE,
1457 426 1681 511 xv1,
1722 428 1835 509 24.
2290 442 2447 497 201,

299 561 574 618 nostras
610 543 1022 643 explicares,
1060 542 1304 616 Ofillio
1343 558 1415 616 et
1439 545 1732 617 Aurelio
1752 544 1778 589 ³
1804 540 2057 641 utique
2091 540 2426 614 satisfiat.

296 662 353 727 A
380 656 697 727 Flamma
716 660 771 744 4,
813 657 873 726 si
918 681 1069 726 non
1108 669 1317 754 potes
1353 680 1610 745 omne,
1652 669 1932 755 partem
1966 655 2281 751 aliquam
2315 679 2430 724 ve-

291 766 414 836 lim
457 781 926 864 extorqueas3
957 770 1036 837 in
1064 769 1466 864 primisque
1490 822 1509 853 ‚
1551 784 1634 839 ut
1672 766 2006 866 expedita
2042 769 2132 837 sit
2175 766 2429 864 pensio

289 874 613 948 kalendis
649 878 805 972 jan.
830 874 858 920 5
896 872 1024 948 De*
1049 876 1569 950 attributione⁶
1605 877 1965 950 conficies.
2012 880 2123 946 De
2163 900 2428 973 reprae-

287 990 728 1058 sentatione⁷
761 984 1062 1058 videbis.
1100 989 1208 1058 De
1239 984 1651 1059 domesticis
1683 988 2055 1059 hactenus.

383 1101 500 1167 De
532 1094 846 1194 publicis
873 1097 1115 1168 omnia
1145 1097 1319 1167 mihi
1350 1112 1547 1170 certa
1566 1094 1632 1169 8:
1660 1098 1839 1197 quid
1857 1100 2225 1181 Octavius,
2251 1094 2429 1192 quid

285 1210 685 1294 Antonius;
714 1232 875 1305 quae
907 1206 1289 1279 hominum
1316 1209 1606 1307 opinio;
1634 1206 1812 1311 quid
1841 1206 2167 1279 futurum
2192 1217 2425 1302 putes.

285 1320 436 1412 Ego
471 1321 594 1386 vix
631 1331 911 1405 teneor,
945 1319 1127 1414 quin
1163 1342 1555 1389 accurram.
1601 1317 1742 1390 Sed
1780 1316 1927 1389 st9!
1991 1315 2231 1387 literas
2268 1327 2428 1383 tuas

282 1441 627 1522 exspecto
666 1454 682 1496 ε
721 1440 795 1497 et
840 1431 1021 1498 scito
1061 1425 1362 1498 Balbum
1405 1441 1561 1499 tum
1605 1426 2159 1525 fuissequuini,
2196 1449 2426 1521 quum

282 1526 420 1605 tibi
451 1550 563 1606 est
588 1535 861 1611 dictum
884 1590 904 1623 ,
944 1549 1016 1607 et
1055 1537 1402 1635 postridie
1440 1538 1776 1609 Hirtium.
1809 1542 1994 1609 Puto
2030 1551 2423 1630 utrumque

284 1644 373 1715 ad
408 1658 737 1744 aquas¹⁰.
780 1646 922 1718 Sed
958 1647 1160 1745 quod
1199 1649 1586 1747 egerint¹¹.
1635 1647 2027 1722 Dolabellae
2079 1670 2424 1745 procura-

283 1769 479 1828 tores
517 1754 629 1828 fac
678 1756 1208 1830 admoneantur
1243 1785 1264 1827 .·
1307 1758 1706 1858 appellabis
1751 1760 1967 1831 etiam
2019 1758 2309 1855 Papiam
2336 1766 2422 1824 ¹².

282 1867 480 1978 Vale.

276 2032 378 2083 vim
403 2031 678 2083 continent.
717 2031 864 2081 Unde
898 2042 1067 2083 natum
1106 2048 1307 2098 prover-

273 2110 414 2158 bium
438 2109 576 2175 apud
610 2111 814 2160 Grecos
830 2145 846 2169 ‚
867 2108 1047 2179 πρώρα.
1067 2109 1153 2161 καὶ
1179 2110 1302 2179 πρύ-

272 2205 384 2254 μνη.
405 2191 553 2239 Mu.

349 2269 398 2316 3.
421 2268 592 2331 Ofillio
606 2279 657 2316 et
666 2269 890 2319 Aurelio.
910 2269 1268 2320 creditoribus.

346 2355 397 2404 4.
438 2351 487 2396 A
522 2350 772 2399 Flamma.
803 2350 1056 2399 Debitore.
1094 2351 1190 2400 Hic
1229 2360 1301 2399 est

268 2427 539 2475 Flaminius
561 2428 797 2491 Flamma,
815 2430 1094 2479 nominatus
1109 2431 1173 2478 ad
1194 2432 1298 2479 An.

270 2509 419 2567 xlv,
449 2508 534 2566 16,
552 2519 603 2557 et
621 2511 761 2571 XVI,
788 2525 831 2568 1,
857 2525 909 2558 a.
935 2511 1087 2559 Inus.

343 2588 393 2635 5.
424 2587 543 2636 Sch.
576 2587 836 2652 legendum
873 2600 1016 2653 putat
1060 2611 1083 2632 ι
1100 2588 1296 2640 kalend.

263 2665 373 2726 jun.
395 2687 422 2707 ι-
462 2667 540 2715 vel
565 2667 693 2715 hanc
719 2669 864 2732 epist.
883 2669 937 2716 in
963 2685 1177 2718 mensem
1212 2671 1297 2719 de·

269 2745 514 2794 eembrem
535 2747 681 2808 hujus
692 2749 806 2796 anni
825 2749 1300 2815 rejiciendam‚quod

269 2825 468 2887 quidem
484 2824 592 2874 fieri
610 2843 712 2875 uon
733 2838 915 2892 potest.
935 2830 1028 2877 En.

340 2905 397 2953 6.
420 2907 497 2953 De
518 2906 854 2956 attributione.
879 2909 954 2955 De
976 2907 1299 2972 assignatione

269 2984 520 3047 pecuniae,
559 3002 705 3051 quam
748 2987 977 3035 Ciceroni
1019 2977 1297 3046 Dolabella,

271 3063 489 3118 divortio
509 3065 642 3114 sacto
662 3082 776 3116 cum
796 3067 1024 3125 Tulliola,
1047 3068 1153 3132 ejus
1177 3065 1298 3124 filia,

269 3141 493 3191 aehcha.
513 3144 644 3192 vide
671 3145 738 3193 ad
769 3135 920 3195 Attic'.
945 3145 1091 3206 m,
1125 3147 1218 3205 16,
1250 3156 1299 3193 et

273 3223 392 3269 xvl
408 3257 425 3282 ,
463 3223 515 3272 ³.
543 3225 697 3272 Mau.

337 3315 391 3365 7.
416 3303 493 3348 De
515 3303 958 3365 teproesentaeione.
991 3304 1066 3350 De
1094 3303 1300 3365 pecunia

270 3390 384 3427 aute
406 3378 540 3427 diem
564 3379 820 3430 solvenda.
842 3382 902 3429 Id
928 3383 1058 3429 enim
1086 3391 1157 3428 est
1183 3403 1208 3421 α
1224 3397 1300 3428 re-

270 3469 562 3520 presentare
579 3481 623 3508 a.
673 3459 818 3507 Unde
838 3494 854 3518 ‚
908 3482 930 3503 ι
951 3470 1297 3525 representare

271 3537 399 3584 diem
448 3538 800 3601 promissorum
820 3562 845 3582 a
865 3575 880 3598 ,
937 3543 1265 3608 μιταφορικῶς
1281 3574 1296 3597 ,

271 3616 412 3682 epist.
440 3627 523 3674 ιι.
552 3620 708 3667 Inna.

343 3698 396 3744 8.
420 3697 580 3746 Certa.
619 3697 884 3746 Pei-scribe.
906 3698 1125 3746 Verbum
1152 3700 1297 3746 omit-

275 3776 358 3838 tit,
388 3786 441 3824 ut
457 3777 615 3838 iufra,
641 3777 770 3826 «sed
793 3778 933 3842 quod
958 3778 1147 3842 egerint
1169 3799 1214 3826 ι.
1234 3779 1296 3826 Et

1393 2049 1523 2097 saepe
1544 2034 1597 2083 in
1622 2033 1841 2098 epistolis
1866 2032 1931 2083 ad
1948 2032 2102 2083 Attio.
2125 2032 2299 2093 Figura
2325 2039 2423 2085 est,

1394 2127 1505 2177 quse
1545 2128 1700 2175 graece
1742 2109 2066 2165 ἀποσιώπησις
2113 2110 2293 2157 dicitnr
2309 2143 2323 2165 ,
2370 2111 2423 2156 in

1393 2191 1634 2254 epistolis,
1654 2208 1765 2255 quoe
1792 2190 1854 2239 ad
1876 2191 2131 2238 familiares
2152 2190 2425 2247 mittantur,

1395 2281 1646 2335 usurpata.
1673 2272 1822 2319 Ῑυιιι.

1464 2366 1520 2414 9.
1548 2352 1618 2400 Se.
1651 2351 1983 2412 Vetustiores‚
2017 2348 2062 2398 si
2082 2365 2101 2396 .·
2126 2347 2259 2397 unde
2282 2349 2419 2397 Man.

1387 2440 1452 2487 se,
1470 2447 1580 2494 quae
1608 2442 1728 2479 nota
1755 2430 1935 2478 silentii
1953 2440 2043 2479 est.
2066 2432 2124 2476 In
2147 2430 2417 2492 fragmento

1388 2509 1549 2557 Naevii
1559 2509 1704 2575 ‘apud
1720 2509 2027 2558 Charisium:
2060 2503 2164 2557 «s'tl
2192 2507 2287 2555 tale
2314 2523 2419 2553 ver·

1387 2587 1504 2636 bum
1539 2605 1602 2636 ne
1625 2589 1749 2636 faxis
1764 2612 1806 2636 n.
1830 2590 1929 2636 En.

1463 2684 1541 2717 ιο.
1563 2668 1650 2714 Ad
1667 2684 1842 2732 aquas.
1865 2667 2088 2716 Baianas.
2112 2667 2207 2714 ffie
2231 2666 2420 2712 variant

1387 2749 1532 2795 Mss.
1545 2747 1674 2796 Vide
1699 2745 1917 2796 Turneb.
1941 2744 2420 2801 Advers.lib.V111,

1388 2843 1497 2893 cap.
1518 2828 1567 2875 5.

1464 2923 1485 2954 ι
1502 2922 1546 2955 1.
1578 2905 1726 2968 Quod
1762 2905 1968 2970 egerint.
2009 2909 2100 2953 Fac
2144 2913 2200 2951 ut
2236 2903 2415 2950 sciam:

1388 2986 1467 3034 vel
1483 2985 1687 3034 sciemus
1700 2983 2088 3032 subaudiendum
2104 3001 2118 3042 ;
2138 2992 2268 3030 amat
2287 2981 2414 3028 enim

1386 3066 1468 3113 hic
1487 3066 1661 3114 Cicero
1682 3063 1992 3120 brevitatem,
2006 3073 2061 3110 ut
2078 3061 2246 3126 paullo
2263 3071 2378 3107 ante
2401 3075 2413 3107 :

1387 3167 1413 3187 α
1430 3146 1505 3192 De
1559 3143 1770 3208 publicis
1817 3142 1985 3189 omnia
2038 3140 2158 3187 mihi
2211 3148 2341 3187 certa
2359 3155 2405 3188 a:

1386 3224 1596 3273 subaudi
1611 3258 1626 3282 ‚
1661 3218 1895 3287 significa.
1915 3220 2015 3268 Mei
2041 3231 2203 3268 tamen
2227 3229 2415 3265 veteres

1387 3303 1502 3351 libri
1540 3320 1623 3351 seu
1642 3337 1659 3359 ,
1711 3318 1815 3349 non
1851 3301 1964 3360 sed,
2011 3313 2180 3349 omnes
2215 3295 2413 3345 habent.

1389 3386 1561 3447 Itaque
1608 3398 1764 3447 cogor
1818 3381 1880 3430 de
1929 3380 2109 3428 mendo
2157 3378 2412 3441 suspicari.

1384 3462 1537 3510 Mu«.
1577 3488 1644 3498 -
1688 3460 1802 3508 Sch.
1833 3459 1969 3508 dedit
2004 3481 2028 3500 a
2048 3459 2255 3505 sciemus
2291 3456 2412 3520 quid

1385 3542 1574 3604 egerint
1593 3563 1633 3588 »-
1667 3541 1758 3587 En.

1463 3636 1542 3666 12.
1569 3619 1794 3682 Papiam.
1830 3615 2086 3663 Mulierem
2114 3616 2275 3678 Papia
2297 3629 2414 3678 gen-

1386 3700 1475 3755 tis,
1503 3713 1613 3762 quae
1643 3695 1872 3746 Ciceroni
1899 3696 2157 3759 pecuniam
2187 3693 2415 3742 debebat.

1384 3780 1604 3827 ΜΑιωτ.

1055 3967 1625 3998 —---oe-—-—-
