3023 4773
511 370 1056 441 EPISToLAE
1106 370 1243 438 An
1291 369 1801 456 ΑΤΤιουΜ,
1836 371 1926 456 V,
1971 370 2076 453 14.
2220 364 2353 437 565

235 507 445 592 potes
482 521 498 564 ε
541 492 677 562 nisi
713 504 954 562 tamen
996 488 1067 560 id
1119 492 1254 561 erit
1291 489 1469 560 mihi
1502 491 2018 586 gratissimum,
2065 491 2160 575 si,
2197 511 2357 584 quae

235 598 371 670 tibi
390 593 1208 682 mandavi,·confeceris;
1234 596 1310 665 in
1337 597 1731 693 primisque
1747 594 1927 666 illud
1960 585 2362 690 ἐνδόμυχονῧ,

235 734 390 805 quo
451 706 630 778 mihi
697 707 833 778 scis
891 705 1074 777 nihil
1145 730 1299 778 esse
1360 708 1614 777 carius.
1685 704 1923 779 Habes
1984 702 2363 802 epistolam

235 816 528 914 plenam
567 813 1043 888 festinationis
1094 829 1166 887 et
1212 815 1549 913 pulveris.
1594 813 1914 913 Reliquae
1951 813 2363 885 subtiliores

237 940 480 996 erunt·

309 1077 363 1127 3.
414 1065 708 1144 Ἐνδόμυχον.
756 1075 1021 1125 Arcanum.
1069 1077 1254 1139 Conin-
1339 1075 1477 1140 qnod
1505 1077 1559 1123 in
1589 1076 1764 1125 intimo
1804 1092 1995 1124 recessu
2028 1088 2098 1125 est
2121 1076 2362 1126 abditum.

235 1156 372 1221 gium
390 1190 406 1216 ,
432 1158 628 1223 opinor,
649 1155 849 1214 Tulliae,
875 1155 937 1203 de
963 1171 1065 1219 quo
1089 1173 1254 1221 supra.
1341 1157 1422 1203 Sic
1438 1155 1572 1220 apud
1587 1157 1827 1205 Musaeum
1846 1150 2104 1223 ἐνδόμυχον
2133 1161 2226 1226 πῦρ
2254 1173 2367 1206 ure·

232 1237 447 1286 Jnmns.
492 1264 562 1273 —
611 1225 886 1301 Ἐνδὸμυχον
932 1245 1005 1283 αι
1055 1234 1255 1300 proprie
1341 1234 1426 1281 bat
1442 1234 1733 1286 Leondrum.
1759 1237 1853 1284 En.

598 1393 1148 1413 mmmm
1151 1391 1424 1412 mm

1793 1394 2161 1417 mmm
2165 1394 2345 1414 mm

888 1570 1463 1650 EPISTOLA
1530 1573 1715 1651 XV.

231 1722 455 1779 Iterum
479 1722 738 1779 Atticum
772 1731 965 1798 rogat,
994 1731 1061 1777 ut
1093 1737 1164 1776 ne
1191 1718 1302 1776 sibi
1329 1721 1632 1798 provincia
1658 1721 1809 1779 ultra
1838 1741 2051 1781 annum
2078 1741 2366 1799 proroge-

315 1830 439 1890 tur-3
467 1816 666 1895 paucis
694 1815 819 1875 aliis
849 1814 1231 1893 interspersis.
1255 1815 1611 1893 (Laodiceae,
1637 1837 1790 1876 anno
1810 1823 1887 1879 U.
1913 1822 1976 1879 C.
2005 1839 2148 1892 702,
2171 1838 2365 1878 mense

316 1911 550 1989 sextili.)

915 2026 1229 2091 CICERO
1271 2027 1588 2092 ATTICO
1635 2031 1698 2094 S.

333 2159 763 2227 Laomcmu
792 2158 957 2228 veni
989 2155 1222 2253 pridie
1252 2155 1394 2228 kal.
1423 2173 1601 2230 sext.
1629 2162 1736 2229 Ex
1764 2158 1904 2232 hoc
1936 2162 2052 2232 die
2080 2161 2364 2232 clavum

230 2266 414 2337 anni
456 2264 785 2338 movebis
810 2276 857 2335 ¹.
895 2265 1089 2336 Nihil
1133 2268 1537 2364 exoptatius
1582 2266 1896 2360 adventu
1938 2294 2140 2357 meo,
2187 2270 2366 2340 nihil

232 2377 492 2449 carius.
529 2376 668 2450 Sed
703 2390 811 2448 est
854 2374 1312 2464 incredibile,
1370 2403 1589 2475 quam
1625 2403 1741 2451 me
1781 2381 2043 2477 negotii
2093 2380 2364 2451 taedeat.

229 2492 405 2560 Non
439 2484 704 2560 habet²
737 2490 903 2558 satis
929 2511 1274 2584 magnum
1300 2513 1632 2587 campum
1664 2489 1783 2562 ille
1820 2490 1951 2562 tibi
1980 2515 2128 2561 non
2161 2495 2365 2587 igno-

230 2611 354 2668 tus
397 2621 648 2669 cursus
683 2599 942 2685 animi,
992 2611 1066 2669 et
1117 2596 1484 2669 industriae
1535 2624 1710 2671 meae
1759 2601 2093 2699 praeclara
2142 2625 2366 2700 opera

230 2722 462 2779 cessat
479 2704 533 2777 ³.
552 2709 875 2806 Quippe,
887 2707 1007 2802 jus
1030 2704 1396 2781 Laodiceae
1422 2732 1541 2780 me
1563 2707 1834 2797 dicere,
1860 2735 2091 2807 quum
2120 2714 2366 2795 Romae

226 2822 319 2890 A.
358 2818 631 2888 Plotius
665 2818 900 2889 dicat?
942 2832 1015 2889 et
1057 2842 1289 2914 quum
1334 2820 1726 2893 exercitum
1769 2833 2016 2892 noster
2050 2818 2367 2891 amicus4

229 2923 500 2995 habeat
529 2918 841 3010 tantu‘m,
876 2950 993 2997 me
1018 2922 1333 2998 nomen⁵
1360 2926 1629 2999 habere
1658 2926 1968 3017 duarum
1995 2927 2366 3027 legionum

228 3035 584 3108 exilium?
623 3036 958 3130 Denique
995 3034 1146 3107 haec
1176 3061 1334 3107 non
1370 3035 1742 3123 desidero;
1775 3035 2010 3107 lucem
2030 3090 2049 3124 ,
2086 3035 2320 3107 forum
2348 3090 2369 3122 ,

230 3144 517 3217 Urbem
538 3199 558 3232 ,
587 3144 927 3232 domum,
958 3167 1088 3214 vos
1122 3144 1473 3217 desidero,
1514 3144 1653 3218 Sed
1676 3143 1930 3233 feram,
1960 3160 2042 3217 ut
2076 3161 2370 3243 potero:

232 3258 329 3328 sit
369 3255 591 3327 modo
629 3278 975 3326 annuum.
1015 3254 1086 3325 Si
1124 3270 1590 3353 prorogatur,
1633 3271 1876 3349 actum
1919 3273 2048 3331 est.
2092 3260 2363 3329 Verum

231 3364 577 3466 perfacile
613 3365 844 3437 resisti
884 3378 1122 3461 potest
1153 3392 1169 3434 ε
1207 3377 1287 3436 tu
1319 3365 1541 3436 modo
1582 3371 1827 3437 Romae
1868 3369 1978 3439 sis.

315 3561 359 3592 ι.
414 3545 612 3594 Clavum
655 3543 779 3593 anni
822 3541 1043 3591 movebis.
1097 3544 1258 3593 Vocat
1345 3545 1600 3594 adversum
1617 3558 1706 3596 est.
1725 3549 2000 3595 Bosms.—-
2015 3544 2166 3596 cnud
2177 3545 2367 3613 lfivium

231 3625 412 3676 Cicero
431 3623 619 3685 clavum
637 3624 753 3671 anni
778 3622 989 3689 indicem
1018 3632 1067 3669 et
1090 3632 1255 3669 notam
1346 3624 1433 3673 lib.
1454 3628 1553 3672 vn
1569 3660 1583 3682 ,
1609 3642 1718 3690 cap.
1739 3627 1789 3674 3.

232 3702 355 3751 anni
383 3703 659 3767 incipientis
688 3718 747 3750 ex
779 3718 838 3763 eo
867 3702 978 3761 die,
1010 3717 1110 3764 qno
1136 3718 1255 3766 pro-
1417 3720 1466 3751 2.
1489 3705 1591 3751 Alii
1608 3739 1623 3763 ,
1653 3704 1849 3755 habeat.
1879 3706 1928 3752 J.
1953 3706 2016 3751 V.
2044 3704 2099 3753 1..

232 3780 449 3829 vinciam
482 3782 722 3845 ingressus
747 3782 902 3829 fuerat
923 3797 937 3831 2
966 3792 1021 3829 nt
1052 3781 1146 3828 sibi
1171 3798 1257 3829 eo·
1417 3783 1465 3832 3.
1490 3781 1618 3842 Alii,
1637 3795 1798 3830 cesset.
1822 3783 1872 3829 J.
1901 3782 1967 3829 V.
1999 3782 2055 3828 L.

234 3859 353 3908 dem
377 3859 456 3908 die
482 3875 612 3908 anno
639 3871 852 3908 vertente
887 3861 1256 3918 succederetur,
1418 3870 1465 3917 4.
1509 3861 1724 3917 Amicus.
1769 3862 1944 3911 (ζων.
1978 3862 2252 3910 Mortuum
2297 3889 2366 3898 -
2453 3886 2463 3894 -

232 3949 388 4002 atque
407 3939 470 3986 ita
485 3939 649 4013 clavus
662 3950 949 3987 moveretur.
963 3940 1088 4002 Nam
1109 3940 1258 3989 clavis
1346 3939 1447 4003 Alii
1467 3940 1529 3989 de
1547 3939 1715 3995 Cassio
1739 3939 2020 4004 intelligunt
2033 3975 2048 3997 ,
2071 3941 2210 3989 male.
2236 3942 2330 3989 En.

234 4017 504 4083 parietibus
530 4018 754 4082 impactis
781 4020 897 4067 olim
923 4020 1056 4082 apud
1081 4022 1259 4068 Roma·
1418 4020 1467 4066 5.
1492 4020 1699 4067 Nomen.
1723 4018 2009 4082 significans
2032 4019 2245 4083 legiones
2264 4018 2369 4066 sine

231 4111 333 4145 nos
351 4100 467 4146 anni
492 4097 868 4157 notabantur,nt
883 4114 909 4145 a
926 4098 1090 4147 multis
1105 4100 1260 4147 anim-
1349 4098 1535 4147 viribus
1559 4113 1660 4146 cue
1683 4108 1730 4147 et
1757 4097 1948 4146 robore.
