3023 4773
589 346 728 418 556
1225 353 1320 418 Μ.
1375 352 1453 419 Τ.
1506 353 2074 422 CICERONIS

578 477 814 543 Aristo
833 526 851 558 ,
892 470 1087 570 apud
1111 497 1332 569 quem
1356 497 1573 545 eram.
1611 479 1793 545 Nam
1816 479 2196 544 Xenonem
2222 482 2278 514 ¹¹
2317 486 2526 543 tuum
2547 528 2567 561 ‚
2602 475 2725 545 vel

582 596 915 652 nostrum
942 584 1219 680 potiuS‚
1264 586 1540 672 Quinto
1577 608 2069 656 concesseram
2107 609 2123 651 τ
2163 598 2237 654 et
2272 598 2513 655 tamen
2543 610 2721 682 pro·

580 705 744 787 pter
811 692 1250 764 vicinitatem
1305 707 1498 764 totos
1556 693 1708 765 dies
1766 695 1982 766 simul
2042 719 2326 766 eramus
2381 696 2716 766 invicem.

582 803 829 889 Quum
877 804 1195 898 primurn
1234 804 1541 898 poteriS,
1598 819 1722 873 tua
1777 804 2070 875 consilia
2114 802 2204 874 ad
2248 829 2367 875 me
2408 803 2718 888 scribas;

584 927 666 981 ut
704 915 959 995 sciam,
995 911 1170 1008 quid
1191 936 1389 1008 agas,
1424 911 1868 1011 ubiquoque
1890 925 1975 1000 ¹²,
1997 929 2070 985 et
2091 909 2403 984 maxime
2422 911 2719 1009 quando

584 1024 831 1090 Romae
876 1018 1157 1092 futurus
1190 1023 1307 1091 sis„

582 1201 721 1264 gistri
760 1202 904 1250 verba
935 1202 1180 1267 jurarent,
1219 1203 1439 1268 nihilque
1481 1206 1605 1253 certi

584 1279 903 1340 affirmarent,
933 1281 1175 1346 eleganter
1216 1282 1388 1331 Cicero
1417 1283 1606 1332 duabus

582 1360 660 1407 his
684 1361 890 1409 vocibus
915 1377 1087 1409 eorum
1110 1373 1290 1410 sectam
1317 1362 1604 1427 designavit.

586 1439 765 1486 Sensus
786 1456 902 1504 ergo
916 1451 988 1488 eat
1008 1457 1021 1487 ι
1041 1437 1138 1488 ἄνω
1160 1438 1293 1489 κάτω
1313 1441 1491 1504 siquid
1510 1450 1604 1499 eat,

586 1520 682 1568 hoc
709 1532 804 1580 est,
831 1522 872 1567 ai
895 1521 1015 1585 quid
1042 1531 1112 1568 eat
1130 1521 1418 1569 academicae
1438 1521 1603 1585 philo·

587 1598 795 1662 sophiae,
836 1597 889 1645 id
914 1610 1074 1647 totum
1100 1610 1172 1647 eat
1199 1601 1252 1647 in
1295 1599 1491 1657 Aristo,
1520 1600 1609 1662 qni

588 1679 735 1726 frater
760 1678 855 1725 fuit
881 1679 1131 1726 Antiochi.
1156 1681 1351 1726 Bonus.
1379 1704 1449 1714 —
1474 1679 1608 1725 Bosii

584 1758 848 1806 lectionem
894 1774 1075 1822 aequor
1097 1792 1113 1819 ,
1159 1758 1609 1820 interpretationem

588 1837 801 1885 minime.
816 1838 944 1886 Nam
963 1835 1060 1884 ἄνω
1078 1834 1211 1884 κάτω
1226 1836 1410 1885 Graecia
1428 1835 1609 1884 dicitur

590 1913 809 1962 bifariam
848 1928 860 1962 :
887 1916 1100 1979 primum
1133 1913 1195 1962 de
1235 1915 1487 1962 eversione
1523 1925 1609 1963 aut

588 1994 877 2040 confusione
896 2010 1080 2050 rerum,
1103 2010 1153 2056 q.
1174 1993 1227 2043 d.
1249 1989 1314 2042 τὰ
1332 1992 1428 2042 ἅνω
1446 1992 1580 2043 κάτω
1593 2030 1608 2054 ,

1692 1222 1804 1253 sous
1819 1224 1840 1262 ,·
1864 1204 2080 1253 secundo
2108 1216 2269 1253 antem
2290 1205 2352 1252 de
2373 1203 2722 1262 universitate,

1694 1300 1745 1348 q.
1771 1282 1821 1331 d.
1842 1281 1938 1331 ἅνω
1951 1281 2035 1332 καὶ
2052 1280 2211 1342 κάτω,
2237 1283 2290 1330 id
2308 1294 2402 1341 est,
2428 1282 2615 1346 ubique
2631 1318 2647 1340 ,
2671 1284 2726 1331 in

1694 1362 1894 1425 singulis
1915 1362 2168 1426 partibus,
2196 1378 2223 1409 a
2247 1378 2438 1410 summo
2457 1361 2524 1410 ad
2549 1364 2724 1410 imum.

1694 1442 1807 1503 Quo
1822 1457 1964 1488 sensu
1974 1441 2138 1489 locum
2151 1442 2282 1488 hunc
2303 1441 2463 1506 placet
2481 1440 2729 1505 accipere,

1693 1530 1743 1566 et
1767 1518 1907 1567 locus
1924 1521 2168 1584 postulat,
2190 1521 2380 1568 ratlene
2398 1531 2731 1568 contestante.

1694 1601 1727 1646 J
1730 1601 1966 1647 uzu—Tu
1979 1634 1994 1657 ,
2009 1600 2049 1645 ai
2065 1615 2176 1646 cum
2195 1599 2342 1646 Boaio
2363 1599 2506 1660 facis,
2527 1616 2736 1663 appone

1698 1677 2028 1726 distinctionis
2039 1689 2207 1726 notam
2226 1690 2340 1742 post
2350 1695 2499 1726 voces
2517 1695 2706 1742 granas
2719 1694 2736 1727 :

1698 1772 1790 1820 ego
1815 1773 1953 1804 aecus
1972 1790 1989 1816 ,
2016 1758 2101 1821 qni
2122 1774 2236 1805 cum
2254 1758 2427 1806 Junio.
2459 1761 2618 1805 Onrv.

1774 1853 1793 1883 ι
1810 1854 1853 1883 1.
1885 1838 2150 1884 Xenonem.
2177 1837 2278 1899 Qui
2301 1853 2376 1884 res
2406 1837 2565 1885 Attici
2587 1853 2738 1884 cura·

1695 1917 1799 1965 bat.
1819 1915 1919 1963 Alfi
1940 1919 2190 1963 Zenonem
2213 1916 2401 1979 legunt.
2422 1916 2582 1964 Male.

1773 2010 1857 2042 ια.
1892 1997 2083 2044 Ειτιοεῑ.
2111 2005 2225 2060 post
2263 2010 2454 2058 quoque
2483 1992 2739 2042 excidi-ne

589 2088 733 2134 quam
754 2072 965 2136 phrasim
990 2072 1122 2120 Galli
1144 2074 1345 2120 verbum
1365 2073 1426 2121 de
1455 2075 1608 2122 verbo

589 2150 870 2214 expriununt
897 2150 1111 2200 dicente·
1126 2184 1142 2211 ,
1171 2168 1278 2200 sens
1302 2151 1464 2201 dessus
1495 2153 1605 2201 des—

1695 2084 1834 2138 putat
1902 2085 2129 2140 tempore.
2187 2070 2445 2122 Schiitzius
2508 2071 2739 2128 addidit.

1695 2154 1727 2201 J
1734 2186 1747 2201 .
1765 2154 1829 2202 V.
1860 2155 1915 2202 L·

591 2353 1048 2373 mmmm

1415 2352 1962 2372 mmmmm
1968 2353 2146 2373 mm
2150 2351 2716 2373 QOm

1183 2556 1199 2577 ⁸
1252 2568 1854 2659 EPISTOLA
1907 2581 2050 2658 xl.

596 2756 786 2831 Rogat
798 2754 1072 2822 Atticum,
1093 2765 1157 2811 ut
1173 2751 1501 2830 provideat,
1522 2772 1596 2810 ne
1618 2750 1729 2810 sibi
1754 2752 2054 2829 provincia
2075 2764 2445 2829 prorogetur.
2465 2752 2741 2809 Marcelli

676 2851 890 2907 factum
922 2848 996 2906 de
1024 2849 1293 2907 Comensi
1316 2848 1648 2927 improbat;
1675 2848 1749 2906 de
1771 2846 2051 2925 Pompeio
2079 2848 2141 2904 in
2168 2847 2511 2925 Hispaniam
2540 2848 2734 2918 ituro;

675 2945 749 3003 de
779 2965 881 3003 sua
908 2958 968 3003 et
993 2964 1230 3004 suorum
1260 2966 1396 3024 erga
1422 2944 1809 3023 provinciales
1834 2942 2211 3016 abstinentia3
2258 2942 2331 3001 de
2359 2943 2539 3002 Attici
2564 2962 2741 3000 man-

678 3043 858 3116 datis3
887 3044 947 3100 in
971 3044 1172 3122 primis
1197 3043 1270 3102 de
1292 3043 1559 3102 Patronis
1582 3042 1847 3120 negotio;
1873 3039 1945 3099 de
1963 3041 2121 3100 Piliae
2140 3040 2406 3120 epistola.
2435 3040 2737 3113 (Athenis,

635 3208 643 3221 ι
680 3160 832 3199 anno
860 3146 933 3201 U.
965 3145 1028 3199 C.
1066 3159 1209 3213 702,
1238 3160 1433 3197 mense
1464 3138 1743 3216 quintili.)

1268 3349 1586 3413 CICERO
1625 3348 1952 3413 ATTICO
1997 3348 2060 3411 S.

695 3499 837 3564 Hm
864 3490 879 3562 ἒ
906 3496 1211 3563 totiesne
1238 3514 1353 3560 me
1374 3489 1613 3559 literas
1635 3486 1915 3558 dedisse
1942 3490 2243 3557 Romam
2259 3540 2279 3573 ‚
2304 3510 2537 3583 quum
2556 3483 2647 3556 ad
2665 3500 2735 3556 te

602 3602 833 3675 nullas
874 3600 1168 3674 darem?
1206 3605 1297 3673 At
1335 3624 1507 3671 vero
1557 3598 1858 3697 posthac
1899 3594 2165 3668 frustra
2206 3599 2455 3694 potius
2508 3594 2739 3683 dabo,

600 3736 854 3809 quam,
872 3712 1141 3784 sirecte
1165 3710 1318 3782 dari
1338 3712 1749 3808 potuerint,
1771 3709 2211 3779 committam
2229 3762 2248 3796 ‚
2278 3721 2528 3778 utnon
2546 3705 2736 3776 dem.

603 3823 712 3892 Ne
754 3824 1125 3919 provincia
1174 3821 1386 3894 nobis
1436 3834 1906 3919 prorogetur,
1958 3841 2091 3915 per
2144 3815 2509 3889 fortunas!
2561 3816 2740 3887 dum

605 3929 803 4017 adeS‚
859 3932 1217 4029 quidquid
1267 3930 1628 4029 provideri
1677 3942 1954 4028 potest,
2008 3928 2326 4026 provide.
2387 3933 2450 4001 N
2455 3953 2552 3998 on
2595 3926 2742 3998 dici

610 4054 875 4138 potest,
921 4065 1140 4136 quam
1178 4041 1467 4137 flagrem
1506 4031 1860 4114 desiderio
1899 4039 2152 4125 Urbis,
2198 4064 2418 4136 quam
2457 4039 2575 4109 vix
2612 4036 2741 4107 ha·
