3023 4773
854 389 1408 473 EPISTOLAE,
1440 389 1680 472 XIII,
1712 387 1829 472 48.
2305 389 2390 459 61

263 533 499 607 spero,
526 506 807 579 facilius
834 532 1316 606 consequere,
1355 510 1415 579 si
1449 523 1521 580 et
1554 514 1620 579 P.
1645 508 1998 597 Lentuli2,
2019 514 2401 583 necessarii

258 622 405 706 tui,
444 619 684 718 legem
710 673 729 706 ,
770 633 843 689 et
879 642 999 706 ea,
1039 644 1199 717 quae
1236 645 1277 691 a
1313 616 1475 690 me³
1514 620 1900 690 constituta
1936 634 2145 710 sunt,
2189 625 2399 720 sequi

256 729 600 800 volueris.
625 731 862 818 Quam
889 751 1046 799 rem
1078 726 1212 800 tibi
1247 727 1541 800 confido
1584 752 1862 827 magnae
1895 729 2089 801 laudi
2131 731 2311 804 fore.

257 913 803 977 quatoreinCypmm
821 913 1021 961 minum
1038 916 1290 963 asesffl.
1453 916 1507 963 3.
1534 916 1582 961 A
1607 929 1700 962 me.
1724 915 1865 960 Tunc
1905 929 2103 977 procos.
2143 917 2195 963 in
2230 917 2400 965 cilici·

332 1008 382 1039 ει.
406 994 462 1040 Ρ.
481 991 691 1040 lentuli.
719 991 854 1040 Olim
872 992 1056 1041 Cilieiae
1082 1008 1290 1055 proeou·
1377 1010 1526 1055 quun
1565 993 1653 1055 qui
1692 992 1975 1052 obtinebat,
2001 995 2221 1055 Cyprum
2255 998 2399 1045 etiam

349 2126 444 2213 Q.
493 2127 902 2207 Pomm-nus,
954 2124 1143 2191 Sext.
1193 2125 1310 2208 F.,
1365 2121 1610 2191 multis
1661 2137 1735 2193 et
1771 2123 2136 2197 veteribus
2178 2131 2407 2200 causis

256 2229 817 2302 necessitudinis
872 2228 1052 2299 mihi
1097 2230 1533 2324 conjunctus
1584 2245 1713 2304 est.
1771 2237 1881 2317 Is,
1918 2258 2150 2330 quum
2197 2252 2406 2310 antea

253 2347 438 2415 meis
471 2339 1236 2414 commendationibus
1264 2354 1337 2412 et
1367 2365 1557 2428 rem,
1580 2353 1651 2413 et
1678 2344 1976 2439 gratiam
2001 2400 2020 2431 ,
2058 2360 2132 2418 et
2160 2364 2407 2421 aucto·

251 2456 551 2525 ritatem
585 2477 791 2523 suam
825 2453 1016 2523 tueri
1045 2452 1448 2538 consuerit;
1490 2477 1690 2523 nunc
1720 2451 2047 2551 profecto
2072 2511 2091 2542 ‚
2130 2472 2201 2529 te
2238 2483 2405 2558 pro-

251 2566 572 2635 vinciam
626 2560 1007 2633 obtinente
1032 2616 1052 2649 ,
1123 2563 1301 2632 meis
1356 2561 1580 2632 literis
1636 2566 1922 2661 assequi
1983 2566 2242 2654 debet,
2323 2586 2406 2642 ut

253 2676 535 2746 nemini
568 2698 645 2745 se
671 2672 1019 2769 intelligat
1049 2671 1737 2744 commendatiorem
1772 2699 2121 2772 umquam
2158 2675 2401 2751 fuisse.

252 2783 764 2875 Quamobrem
801 2808 843 2852 a
878 2797 950 2852 te
982 2782 1336 2876 majorem
1360 2784 1434 2851 in
1470 2781 1768 2852 modum
1793 2800 1967 2881 peto
1987 2841 2006 2875 ,
2031 2802 2143 2876 ut,
2170 2813 2403 2885 quum

256 2920 514 2966 omnes
545 2918 750 2965 meos
776 2917 983 2989 aeque
1018 2917 1101 2964 ac
1144 2907 1310 2964 tuos
1351 2888 1767 2980 observare,
1795 2917 1932 2990 pro
1976 2911 2223 2967 nostra
2263 2924 2394 2969 ne-

258 3003 732 3091 cessitudine,
758 3002 1056 3091 debeas,
1085 3003 1283 3074 hunc
1313 3006 1389 3073 in
1423 3003 1675 3100 primis
1706 3003 1805 3073 ita
1839 3005 1916 3073 in
1946 3020 2145 3076 tuam
2181 3005 2402 3079 fidem

260 3117 607 3214 recipias,
666 3128 751 3183 ut
789 3115 944 3211 ipse
997 3113 1377 3212 intelligat,
1430 3112 1707 3184 nullam
1758 3139 1914 3185 rem
1964 3115 2102 3187 sibi
2148 3118 2401 3211 majori

260 3230 458 3314 usui,
490 3240 623 3296 aut
662 3237 1127 3312 ornamento,
1164 3248 1388 3321 quam
1426 3247 1663 3295 meam
1690 3224 2396 3299 commendationem

257 3364 410 3412 esse
453 3337 809 3435 potuisse.

326 3544 374 3576 ι.
429 3524 586 3575 Curio
625 3542 772 3589 proc.
820 3522 948 3586 Quis
988 3523 1070 3571 hic
1113 3523 1293 3572 Curius
1380 3523 1507 3570 rium
1549 3524 1778 3587 gesserit,
1821 3524 2060 3572 incertum
2099 3538 2187 3575 est.
2227 3529 2399 3591 Itaque

254 3608 423 3665 berit,
459 3616 511 3654 et
559 3622 657 3669 qua
695 3605 750 3651 in
787 3602 1041 3668 provincia
1080 3617 1292 3666 procon·
1378 3618 1471 3649 nec
1508 3602 1740 3666 expedire
1780 3605 1944 3667 potuit
1979 3605 2092 3653 Sch.
2127 3622 2227 3669 quo
2266 3624 2399 3656 anno

257 3688 440 3744 nubre,
476 3703 518 3733 ι.
563 3686 725 3749 potius
761 3698 857 3748 pro
893 3692 1102 3747 praetore
1142 3679 1288 3745 (nam
1376 3679 1483 3728 haec
1505 3681 1707 3745 epistola
1735 3682 1798 3729 sit
1821 3682 2033 3748 scripta,
2054 3701 2144 3734 nec
2169 3687 2273 3752 ipse
2293 3691 2399 3739 Ma-

256 3766 509 3815 consulem
560 3780 664 3814 non
703 3764 854 3813 fuine
894 3761 1106 3829 constat)
1132 3761 1288 3826 impe-
1375 3761 1544 3810 nntius
1562 3762 1703 3809 eruit.

991 3986 1675 4016 -ῴ
