3023 4773
485 436 492 443 -
539 404 1047 473 EPISTOLAE
1097 403 1231 472 AD
1282 405 1774 489 ATTICUM,
1819 408 1887 490 1,
1950 404 2053 473 16.
2225 405 2349 474 311

233 614 505 633 mmm
509 613 781 634 mmm

1060 615 1240 633 mm

1611 615 2154 636 mmmm
2161 617 2338 636 mm

833 811 1446 891 EPISTOLA
1501 813 1734 899 XVL

234 983 432 1041 Attico
480 984 760 1060 quaerenti
812 981 886 1042 de
923 983 1148 1060 judicio
1196 983 1513 1057 Clodiano,
1572 985 1779 1043 Cicero
1841 984 2121 1041 rationem
2172 983 2364 1041 reddit

312 1099 550 1138 suarum
591 1081 651 1139 in
685 1100 755 1141 ea
786 1101 849 1139 re
892 1081 1215 1153 actionum3
1257 1080 1468 1140 deinde
1510 1082 1684 1159 quale
1723 1080 2008 1159 judicium
2050 1081 2257 1151 fuerit,
2308 1094 2365 1138 et

312 1198 488 1255 quem
515 1179 732 1238 exitum
765 1178 1069 1251 habuerit,
1111 1193 1324 1237 narrat.
1362 1184 1511 1239 Tum
1550 1181 1690 1257 reip.
1730 1193 1942 1238 statum
1981 1180 2192 1236 malum
2229 1179 2365 1255 qui-

312 1275 477 1346 dem,
499 1275 600 1333 sed
627 1295 743 1333 non
768 1296 1009 1355 prorsus
1033 1276 1460 1355 desperandum
1484 1296 1610 1336 esse
1636 1299 1649 1332 :
1693 1297 1754 1334 se
1781 1276 2051 1344 Clodium
2083 1277 2141 1332 in
2165 1289 2365 1334 senatu

313 1371 550 1448 fregisse
585 1371 856 1430 ostendit.
893 1375 1174 1430 Praeterea
1202 1392 1369 1430 suum
1409 1384 1621 1431 statum
1655 1373 1915 1450 exponit.
1960 1373 2207 1450 Reliqua
2233 1385 2368 1429 sunt

311 1466 388 1526 de
426 1468 674 1527 comitiis
720 1468 1146 1539 consularibus;
1198 1468 1272 1527 de
1314 1467 1492 1528 Attici
1538 1469 1812 1541 consili0,
1852 1468 2013 1547 quod
2066 1470 2125 1527 in
2166 1469 2360 1528 Asiam

313 1565 398 1622 ire
425 1563 589 1622 nolit.
619 1567 707 1623 De
730 1563 1240 1643 epigrammatibus
1261 1563 1320 1622 in
1347 1564 1653 1623 Amaltheo
1678 1562 1752 1622 ab
1783 1582 1854 1623 eo
1881 1564 2116 1643 positis;
2145 1564 2218 1622 dc
2245 1565 2365 1623 lite·

315 1661 392 1719 ris
419 1660 493 1718 ad
521 1662 844 1727 Antonium
877 1661 1059 1733 datis3
1095 1661 1169 1719 de
1194 1658 1376 1722 Cincii
1409 1662 1688 1741 negotiis3
1716 1661 1789 1721 de
1823 1662 1999 1720 Attici
2029 1661 2354 1724 Amaltheo.

313 1757 539 1835 (Romae
556 1802 573 1831 ,
598 1779 753 1817 anno
781 1762 853 1819 U.
877 1763 941 1823 C.
958 1762 1073 1836 692
1090 1804 1107 1833 ,
1136 1778 1330 1818 mense
1349 1754 1626 1837 quintili.)

895 1946 1210 2011 CICERO
1254 1945 1569 2010 ATTICO
1595 2011 1599 2015 ,
1621 1947 1683 2009 S.

332 2100 622 2183 Quffiius
676 2122 763 2166 ex
821 2116 974 2181 me,
1026 2092 1202 2190 quid
1253 2092 1592 2164 acciderit
1641 2092 1733 2163 de
1757 2093 2104 2188 judicio¹,
2166 2094 2362 2191 quod

236 2222 384 2277 tam
422 2222 676 2305 praeter
711 2206 1141 2303 opinionem
1193 2205 1524 2274 omnium
1562 2201 1828 2273 facturn
1869 2204 1999 2291 sit;
2043 2216 2115 2275 et
2156 2205 2367 2275 simul

238 2317 339 2388 vis
383 2317 600 2404 scire,
634 2340 784 2414 quo
821 2314 1043 2386 modo
1084 2338 1221 2413 ego
1257 2314 1537 2401 mium,
1567 2336 1791 2410 quam
1834 2313 2100 2384 soleam
2127 2368 2147 2400 ‚
2184 2340 2365 2413 prae-

239 2436 446 2507 liatus
469 2440 604 2507 sim
625 2462 641 2505 ε
662 2427 1125 2532 respondebo
1150 2427 1286 2504 tibi
1313 2439 1558 2529 ὕστερον
1580 2438 1869 2530 πρότερον
1888 2440 1943 2520 ²,
1971 2422 2366 2532 Ομηρικῶς3.

235 2552 387 2644 Ego
418 2551 652 2630 enim,
693 2567 911 2645 quam
956 2545 1084 2616 diu
1136 2558 1426 2616 senatus
1460 2545 1847 2615 auctoritas
1897 2545 2071 2615 mihi
2112 2544 2367 2617 defen-

237 2655 470 2728 denda
513 2658 684 2741 fuit,
731 2658 833 2728 sic
867 2657 1125 2727 acriter
1154 2668 1226 2726 et
1253 2653 1724 2740 vehementer
1753 2655 2120 2752 praeliatus
2163 2680 2323 2726 sum
2347 2712 2366 2736 ,

238 2783 315 2839 ut
366 2766 641 2839 clamor
666 2789 1209 2863 concursusque
1248 2766 1557 2834 maxima
1594 2786 1760 2833 cum
1805 2788 1965 2835 mea
2007 2764 2216 2836 laude
2246 2764 2372 2837 fie-

237 2892 421 2949 rent.
462 2874 677 2965 Quod
725 2880 778 2946 si
824 2876 954 2947 tibi
1012 2895 1360 2972 umquam
1414 2895 1575 2944 sum
1626 2875 1819 2944 visus
1872 2879 1946 2944 in
1998 2875 2370 2973 republica

235 2984 479 3069 forth,
522 2996 715 3054 certe
752 3006 866 3054 me
916 2989 990 3055 in
1034 2983 1153 3055 illa
1194 3009 1404 3056 causa
1441 2983 1835 3054 admiratus
1874 3007 2086 3056 esses.
2118 2988 2364 3074 Quum

233 3096 430 3166 enim
450 3093 570 3164 ille
597 3093 686 3163 ad
723 3095 1107 3164 conciones
1136 3093 1645 3192 confugisset⁴‚
1665 3092 1740 3162 in
1775 3093 2009 3189 iisque
2035 3116 2202 3164 meo
2232 3118 2366 3163 no·

307 3329 352 3373 ι’.
373 3323 657 3390 Dejudicio.
672 3322 917 3372 Clodiano
934 3333 1137 3388 propter
1153 3325 1255 3373 vio·
1345 3335 1484 3389 poeta
1516 3326 1579 3373 ab
1603 3341 1662 3373 eo
1692 3336 1929 3389 tempore,
1968 3341 2070 3389 quo
2091 3327 2292 3392 Ulysses
2315 3330 2365 3377 in

235 3403 324 3452 lata
351 3406 500 3452 Bouae
527 3405 644 3452 Deoe
670 3419 820 3451 sacra.
840 3403 1073 3452 Conna
1343 3404 1497 3452 insula
1526 3405 1739 3469 Calypso
1759 3404 2088 3463 detinebatur,
2106 3422 2207 3469 quo
2235 3422 2365 3456 anno

304 3499 353 3532 a.
398 3470 596 3550 impos
637 3479 885 3550 πρότερον.
912 3481 971 3530 ld
997 3492 1093 3542 est,
1134 3499 1256 3546 prae·
1346 3483 1499 3531 fatalis
1519 3483 1591 3530 illi
1613 3495 1715 3532 erat
1734 3484 1943 3532 reditus:
1965 3485 2075 3548 quis
2093 3484 2245 3548 igitur
2257 3503 2365 3551 spe-

237 3573 421 3626 postere
440 3598 457 3621 ‚
489 3561 755 3611 secundum
781 3597 796 3619 ,
840 3560 913 3609 vel
952 3561 1012 3609 de
1039 3564 1257 3611 wcundo
1347 3573 1500 3622 raret,
1524 3561 1606 3609 illa
1632 3562 1820 3626 legens,
1851 3572 2042 3625 poetam
2068 3564 2229 3611 omnis
2271 3576 2365 3615 tam

238 3643 387 3706 prius.
1347 3642 1629 3702 commode,
1651 3653 1747 3689 tam
1764 3641 2032 3704 eleganter,
2057 3659 2167 3706 quae
2187 3661 2363 3695 novem

305 3723 353 3770 3.
379 3709 645 3787 ὁμηρικῶς.
675 3723 916 3769 Homerus
945 3721 1142 3769 Iliadem
1174 3737 1253 3768 or·
1341 3722 1511 3785 primis
1535 3720 1676 3768 annis
1702 3737 1871 3784 passus
1893 3731 1996 3768 erat
2024 3721 2252 3785 myssa,
2288 3743 2363 3774 res

234 3817 314 3849 sus
333 3818 361 3848 a
381 3816 516 3847 nono
549 3815 679 3847 anno
695 3799 809 3847 belli
835 3801 1058 3861 Troiani,
1086 3798 1251 3847 mirili·
1340 3800 1549 3848 laturum
1565 3801 1588 3845 Ρ
1612 3810 1662 3846 et
1697 3809 1854 3846 tamen
1900 3799 2022 3850 nibil
2053 3801 2150 3849 fere
2197 3819 2364 3854 eornm

235 3896 337 3927 cam
378 3881 614 3927 rationem
657 3879 844 3928 invenit
872 3880 1019 3928 etiam
1055 3878 1251 3926 illorum
1342 3877 1665 3943 pretermisit.
1688 3878 1812 3926 Inde
1840 3879 1965 3926 dixit
1991 3867 2364 3948 ὀμηρικῶςβΑ-

233 3959 763 4007 comme-orandorum
786 3995 801 4019 ‚
848 3977 958 4023 quae
1003 3959 1252 4023 prioribus
1343 3974 1485 4008 uus.
1870 4007 1879 4014 κ

232 4041 368 4088 aunis
384 4039 678 4089 acciderant.
694 4041 790 4088 Sed
804 4041 1038 4088 illustrius
1060 4040 1112 4087 id
1128 4039 1250 4087 mul«
1414 4046 1438 4092 4
1453 4073 1463 4084 .
1489 4036 1574 4084 Ad
1592 4035 1845 4085 condones
1866 4039 2176 4104 confugisset.
2199 4047 2363 4106 Quum

233 4130 284 4166 to
323 4119 371 4167 in
416 4120 632 4182 Odyssea
677 4131 824 4182 patet.
874 4120 1079 4167 Ordimr
1123 4119 1252 4165 enim
1343 4119 1395 4166 P.
1445 4117 1648 4167 Clodius
1693 4119 1889 4166 unicum
1935 4119 2028 4167 sibi
2082 4122 2359 4184 pra-sidium
