3023 4773
646 428 779 515 146
1279 431 1374 498 M.
1426 431 1502 498 T.
1559 430 2126 503 cmmoms

632 614 2754 640 mmmmmmmmmmmmm

1310 802 1920 885 EPISTOLA
1989 807 2089 886 X.

625 978 1004 1039 Commendat
1051 977 1309 1038 studiose
1354 997 1520 1037 suam
1564 978 2051 1039 existimationem
2104 971 2330 1040 consuli
2376 984 2654 1043 Marcello
2700 985 2770 1043 in

700 1076 1123 1156 supplicatione
1150 1074 1533 1135 decernenda.
1573 1072 1683 1154 (Ex
1710 1076 1946 1150 Cilicia,
1991 1096 2146 1137 anno
2177 1082 2250 1138 U.
2276 1082 2340 1138 C.
2368 1099 2485 1152 7⁰²
2501 1123 2520 1156 ‚
2565 1100 2768 1143 mense

697 1171 1045 1251 decembri.)
2253 1189 2254 1196 κ

707 1340 799 1405 Μ.
826 1341 903 1404 Τ.
938 1341 1013 1405 C.
1049 1338 1229 1405 ΙΜΡ.
1265 1340 1339 1404 C.
1365 1336 1833 1505 MARgEIEJLO
1884 1339 1955 1404 C.
1987 1340 2060 1407 F.
2088 1339 2267 1408 COS.
2303 1341 2670 1410 DESIGN.¹

1601 1489 1615 1506 .
1712 1490 1727 1505 .
1766 1442 1844 1506 D.

715 1592 1035 1682 Qmmno
1075 1586 1151 1660 id
1194 1587 1487 1675 accidit,
1531 1585 1736 1685 quod
1781 1588 1960 1660 mihi
2001 1594 2311 1663 maxime
2356 1590 2494 1664 fuit
2542 1610 2766 1693 opta-

620 1717 779 1773 tum
801 1756 820 1789 ,
851 1715 937 1772 ut
963 1703 1288 1771 omnium
1314 1698 1854 1786 Marcellorum,
1883 1699 2508 1773 Marcellinorum²
2540 1708 2761 1776 etiam

620 1812 1008 1909 (mirificus
1035 1814 1228 1883 enim
1255 1811 1538 1908 generis
1574 1833 1657 1880 ac
1683 1810 1997 1880 nominis
2023 1814 2240 1881 vestri
2278 1809 2415 1883 fuit
2448 1837 2616 1911 erga
2640 1840 2767 1886 me

619 1947 906 2021 semper
940 1922 1291 2014 animus),
1329 1919 1625 2017 quando
1663 1943 1836 2016 ergo
1869 1921 1967 1990 ita
1996 1921 2257 1992 accidit
2277 1977 2296 2010 ,
2320 1937 2406 1994 ut
2431 1928 2770 1996 omnium

619 2049 942 2104 vestrum
984 2031 1225 2102 studio
1260 2045 1431 2103 tuus
1466 2027 1886 2103 consulatus
1923 2027 2334 2103 satisfacere
2361 2050 2643 2131 posset,
2684 2039 2771 2107 in

617 2168 842 2241 quem
883 2169 1059 2216 meae
1102 2167 1218 2216 res
1258 2157 1516 2240 gesur,
1574 2140 1878 2238 lausque
1925 2156 1998 2213 et
2057 2141 2294 2214 honos
2334 2168 2578 2216 earum
2628 2168 2770 2243 po-

619 2254 972 2325 tissimum
1031 2251 1385 2324 incideret
1424 2279 1440 2323 :
1491 2266 1666 2350 peto
1708 2276 1748 2323 a
1800 2267 1871 2324 te
1929 2252 2036 2340 id,
2084 2251 2287 2351 quod
2347 2252 2773 2328 facillimum

618 2361 814 2436 factu
835 2379 944 2437 est
961 2419 981 2453 ‚
1006 2390 1157 2437 non
1183 2376 1614 2462 aspernante
1631 2418 1652 2453 ‚
1672 2376 1756 2435 ut
1779 2361 2098 2451 confido,
2119 2379 2405 2454 senatu,
2432 2380 2516 2438 ut
2542 2393 2773 2465 quam

620 2475 1431 2548 honorificentissimum
1492 2475 2234 2564 senatusconsultum,
2303 2472 2526 2548 literis
2584 2480 2775 2551 meis
2851 2508 2856 2513 ·

621 2586 972 2674 recitatis,
1000 2581 1420 2656 faciundum
1449 2609 1683 2657 cures.
1718 2588 1789 2656 Si
1814 2581 1993 2654 mihi
2021 2598 2261 2656 tecum
2290 2587 2530 2658 minus
2553 2603 2774 2678 esset,

622 2720 843 2793 quam
881 2710 989 2767 est
1024 2719 1192 2765 cum
1229 2694 1372 2765 tuis
1400 2694 1744 2767 omnibus
1766 2749 1786 2783 ‚
1828 2693 2207 2790 allegarem
2247 2692 2338 2766 ad
2373 2709 2444 2767 te
2481 2696 2641 2770 illos
2665 2752 2686 2787 ‚
2722 2723 2777 2771 a

621 2804 891 2901 quibus
922 2804 1259 2901 intelligis
1302 2829 1418 2876 me
1456 2806 1815 2902 praecipue
1854 2802 2071 2902 diligi.
2127 2806 2351 2877 Patris
2387 2810 2492 2878 tui
2535 2807 2772 2880 bene-

622 2911 787 2983 ficia
823 2914 898 2982 in
939 2938 1056 2985 me
1090 2927 1262 2985 sunt
1298 2911 1755 3011 amplissima.
1793 2916 2050 3011 Neque
2080 2918 2276 2985 enim
2314 2916 2525 2986 saluti
2564 2943 2778 3005 meae,

625 3048 868 3121 neque
909 3022 1173 3094 honori
1217 3024 1515 3094 amicior
1554 3026 1942 3120 quisquam
1999 3024 2140 3095 dici
2195 3040 2456 3124 potest.
2514 3034 2774 3102 Frater

622 3148 791 3205 tuus
802 3135 1054 3230 quanti
1069 3157 1188 3205 me
1207 3131 1441 3219 faciat,
1459 3156 1891 3230 semperque
1901 3131 2177 3221 fecerit,
2193 3154 2345 3206 esse
2362 3134 2772 3226 hominem,

620 3245 750 3342 qui
800 3245 1126 3342 ignoret,
1164 3241 1478 3314 arbitror
1515 3243 1904 3314 neminem.
1953 3245 2233 3314 Domus
2278 3258 2401 3315 tua
2439 3244 2768 3343 denique

621 3368 772 3425 tota
785 3379 902 3427 me
917 3376 1200 3448 semper
1213 3349 1555 3423 omnibus
1575 3354 1873 3424 summis
1890 3349 2147 3454 officiis
2163 3371 2608 3452 prosequuta
2622 3372 2762 3429 est.

618 3468 871 3561 Neque
912 3487 1085 3535 vero
1137 3475 1221 3533 tu
1260 3462 1336 3532 in
1383 3485 1500 3532 me
1537 3460 1900 3559 diligendo
1944 3464 2285 3559 cuiquam
2333 3467 2766 3539 concessisti

624 3587 963 3644 tuorum&
978 3576 1219 3666 Quare
1250 3597 1291 3643 a
1328 3587 1399 3644 te
1432 3587 1604 3670 peto
1642 3573 1715 3642 in
1757 3571 2107 3666 majorem
2140 3568 2479 3662 modum,
2516 3589 2601 3646 ut
2634 3601 2765 3651 me

619 3705 754 3779 per
780 3695 852 3753 te
890 3707 1110 3779 quam
1149 3682 1684 3754 ornatissimum
1723 3680 1899 3753 velis
1922 3706 2119 3770 esse3
2152 3706 2538 3782 meamque
2576 3694 2764 3760 etin

697 3923 741 3955 1.
771 3904 973 3971 Design.
1007 3909 1118 3956 Hoc
1148 3909 1334 3959 omittit
1367 3909 1481 3959 seh.
1507 3911 1643 3959 Con·
1804 3925 1854 3958 a.
1893 3909 2310 3961 Marcellinorum.
2353 3913 2539 3959 Eorum
2580 3912 2762 3975 etiam,

616 3988 829 4036 sulatmn
851 3987 982 4035 enim
998 3986 1164 4036 iniisse
1182 4000 1323 4053 putat
1337 3989 1639 4040 Marcellum.
1731 3990 1817 4053 qui
1834 4006 1895 4036 ex
1921 3989 2099 4037 familia
2113 4001 2271 4038 vestra
2289 3991 2340 4037 in
2354 3990 2473 4038 alias
2485 3991 2762 4057 adoptione

615 4067 884 4133 Epistulam
909 4077 1071 4113 autem
1098 4084 1262 4118 mense
1282 4069 1508 4130 januario
1541 4069 1636 4130 703
1731 4070 2037 4118 transierant.
2057 4070 2289 4134 Designat
2303 4070 2512 4117 maxime
2526 4071 2623 4121 Cn.
2637 4073 2759 4121 Cor-

613 4151 842 4212 scriptam
868 4157 1027 4213 putat.
1060 4147 1154 4195 En.
1729 4148 1910 4196 nelium
1936 4150 2192 4199 Lentulum
2219 4149 2577 4199 Marcellinum.
2612 4155 2708 4202 En.
