3023 4773
621 426 758 501 290
1247 399 1340 470 M.
1393 403 1468 467 T.
1527 392 2105 468 cicERole

614 550 832 622 quam
885 520 1373 620 despondeaS‚
1427 523 1752 617 quamvis
1806 542 2043 589 acrem
2097 533 2488 591 amatorem
2543 522 2744 592 inve-

612 638 802 706 neris
841 662 856 703 :
905 657 1069 702 nam
1126 655 1261 728 ego
1321 654 1576 701 omnes
1635 652 1827 699 meas
1888 627 2357 699 vindemiolas
2383 640 2443 674 ¹⁰
2496 655 2585 702 eo
2630 657 2744 704 re-

610 771 853 833 servo,
881 760 962 815 ut
994 742 1174 814 illud
1211 740 1615 813 subsidium
1658 741 2013 811 senectuti
2049 762 2316 834 parem.
2348 744 2458 810 De
2486 738 2744 825 fratre,

610 855 902 929 confido
946 858 1044 925 ita
1082 876 1274 939 esse,
1309 868 1392 922 ut
1428 876 1717 948 semper
1752 850 1951 919 volui
1981 864 2053 919 et
2092 848 2469 920 elaboravi.
2514 850 2745 920 Multa

610 973 805 1065 signa
844 979 1015 1036 sunt
1052 965 1209 1058 ejus
1243 966 1391 1049 rei,
1434 985 1587 1031 non
1626 963 2008 1030 minimum
2033 1014 2053 1045 ‚
2097 960 2299 1056 quod
2333 986 2539 1032 soror
2568 986 2747 1059 prae-

604 1085 912 1174 gnans¹¹
959 1087 1085 1144 est.
1125 1076 1232 1143 De
1267 1072 1573 1142 comitiis
1609 1071 1785 1141 meis
1809 1125 1828 1156 ‚
1862 1084 1933 1141 et
1957 1067 2092 1140 tibi
2119 1096 2234 1141 me
2257 1072 2738 1169 permisisse¹²

531 1250 544 1273 ,
608 1186 943 1268 memini,
980 1197 1051 1253 et
1090 1207 1222 1279 ego
1260 1180 1690 1278 jampridem
1730 1180 1868 1252 hoc
1910 1181 2431 1261 communibus
2460 1182 2741 1268 amicis,

609 1299 735 1392 qui
765 1308 835 1363 te
865 1305 1321 1388 exspectant,
1358 1289 1692 1388 proedico.
1730 1294 1828 1362 Te
1861 1315 2011 1360 non
2047 1290 2266 1362 modo
2298 1318 2450 1363 non
2486 1299 2741 1365 arcessi

605 1430 645 1475 a
674 1429 829 1491 me,
864 1402 990 1474 sed
1020 1400 1394 1499 prohiberi
1424 1398 1525 1488 ¹3;
1564 1399 1764 1497 quod
1793 1401 2219 1496 intelligam,
2259 1403 2491 1473 multo
2516 1406 2742 1499 magis

605 1521 948 1586 interesse
989 1528 1112 1583 tua
1135 1568 1154 1600 ‚
1192 1527 1266 1583 te
1303 1536 1551 1609 agere,
1596 1510 1795 1612 quod
1843 1511 2205 1609 agendum
2243 1527 2352 1583 est
2389 1512 2529 1583 hoc
2565 1527 2742 1583 tem-

603 1649 782 1722 pore
801 1678 820 1711 ,
848 1648 1067 1719 quam
1096 1647 1254 1693 mea
1271 1677 1290 1707 ‚
1317 1636 1389 1693 te
1417 1620 1660 1693 adesse
1686 1622 2015 1692 comitiis,
2044 1622 2355 1693 Proinde
2382 1647 2469 1693 eo
2498 1623 2740 1692 animo

605 1748 679 1803 te
728 1733 941 1803 velim
1002 1755 1197 1815 esse,
1248 1734 1454 1826 quasi
1515 1733 1656 1801 mei
1713 1734 1984 1827 negotii
2034 1754 2246 1801 causa
2290 1732 2362 1800 in
2413 1734 2543 1802 ista
2586 1731 2743 1804 loca

606 1845 865 1915 missus
911 1865 1119 1912 esses.
1167 1845 1286 1911 Me
1323 1856 1566 1911 autem
1604 1865 1772 1912 eum
1826 1855 1896 1911 et
1947 1839 2275 1913 offendes
2318 1866 2487 1939 erga
2522 1859 2629 1928 te,
2668 1859 2742 1919 et

605 1951 893 2035 audies,
936 1952 1138 2045 quasi
1180 1950 1400 2036 mihi,
1437 1953 1490 2021 si
1529 1975 1670 2046 qua
1704 1966 1905 2048 parta
1943 1967 2193 2037 erunt,
2229 1977 2374 2023 non
2414 1953 2638 2025 modo
2668 1969 2742 2026 te

606 2075 1004 2158 praesente,
1055 2058 1178 2130 sed
1234 2083 1365 2156 per
1421 2072 1492 2130 te
1544 2075 1748 2156 parta
1801 2064 1963 2131 sint.
2020 2061 2323 2133 Tulliola
2374 2061 2501 2133 tibi
2545 2061 2741 2134 diem

610 2171 732 2240 dat
757 2172 846 2255 ¹4,
880 2192 1310 2266 sponsorem
1348 2168 1666 2266 appellat
1692 2167 1772 2238 ¹⁵.

606 2373 733 2420 enim
770 2372 961 2419 Atticus
995 2369 1221 2418 librarios
1255 2369 1455 2432 habuit,
1491 2364 1626 2417 unde

606 2454 816 2499 {ructum
831 2450 1118 2514 perciperet.
1135 2450 1304 2513 Nepos
1318 2449 1370 2497 in
1388 2449 1492 2514 ejus
1506 2451 1623 2497 vita.

605 2528 832 2580 Maus».

683 2625 764 2657 ιο.
810 2605 1155 2655 vindemiolas.
1213 2607 1419 2655 Reditus
1460 2622 1596 2655 meos
1611 2641 1625 2665 ‚

606 2701 656 2737 ot
687 2685 932 2752 quidquid
966 2685 1187 2748 pecunie
1218 2701 1475 2750 possumus
1508 2686 1626 2734 hine

611 2767 725 2815 inde
754 2759 1220 2813 contubernium.

686 2863 706 2894 1
721 2863 762 2894 ι.
791 2849 1075 2909 Proegnam.
1101 2843 1229 2902 Alii,
1240 2859 1493 2908 proegnas.
1515 2847 1630 2892 Vox

598 2943 830 2992 pragu-as
855 2936 905 2973 et
933 2924 1168 2978 damam,
1196 2939 1305 2987 qun
1326 2924 1458 2987 apud
1480 2925 1627 2984 juris-

608 3006 857 3055 consultos
893 3018 1022 3067 σερε
1057 3002 1267 3066 legitur,
1305 3013 1421 3050 sunt
1454 3004 1631 3051 veteris

604 3086 786 3149 lingum
821 3084 1054 3147 reliquie.
1084 3084 1164 3131 Sic
1197 3097 1373 3139 sanas,
1397 3081 1528 3129 unde
1553 3098 1635 3128 sa-

607 3179 745 3214 nates
782 3164 971 3220 Gellio,
995 3163 1154 3222 XVI,
1198 3176 1274 3208 ιο.
1310 3159 1525 3208 Caseus.
1565 3187 1636 3197 —

609 3247 836 3312 Fra-guas
861 3280 877 3305 ,
913 3244 951 3290 si
991 3241 1156 3289 Probo
1195 3239 1438 3288 eredimus
1453 3275 1469 3300 ‚
1510 3242 1632 3288 seri-

607 3323 822 3372 bendum
846 3332 937 3369 est.
956 3325 1003 3370 Is
1027 3319 1227 3369 enimin
1247 3321 1347 3367 suis
1366 3320 1632 3369 Catholicis

607 3403 673 3452 its
691 3402 862 3450 scribit
882 3416 895 3450 :
923 3424 948 3442 «-
970 3403 1133 3458 Gneo,
1156 3401 1309 3448 tertia
1337 3411 1451 3448 sunt
1479 3400 1631 3448 decli-

606 3482 849 3530 nationis:
871 3481 934 3528 τὰ
966 3481 1150 3529 faciunt
1169 3481 1383 3542 genitivo
1399 3515 1414 3538 ,
1433 3490 1490 3528 ut
1502 3497 1631 3544 prae·

601 3576 763 3622 guas,
802 3561 1060 3625 praegmtis
1085 3581 1127 3607 ι.
1164 3558 1265 3607 Ubi
1303 3558 1353 3605 in
1389 3560 1630 3622 scripturn

607 3637 832 3686 mendum
850 3654 955 3686 esse
977 3653 1080 3686 non
1101 3647 1280 3702 potest.
1304 3639 1542 3686 Mssssr.

683 3732 761 3764 ω,
783 3718 1155 3765 Permisisse-Ut
1174 3732 1342 3765 eorum
1363 3732 1502 3765 causa
1530 3720 1632 3765 Ro·

605 3811 730 3844 mam
763 3812 825 3843 ne
852 3799 1034 3846 venias.
1057 3797 1119 3843 Et
1147 3796 1208 3844 de
1226 3797 1438 3845 comitiis
1455 3797 1623 3861 accipe

606 3890 707 3921 nou
727 3875 1063 3923 consularibus
1074 3910 1088 3933 ‚
1105 3875 1189 3924 nd
1201 3876 1461 3941 praetoriis.
1476 3876 1619 3924 Man.

1794 2370 1872 2418 13.
1924 2369 2051 2427 Alii,
2098 2384 2413 2433 «arcessam,
2453 2372 2539 2421 sed
2580 2373 2744 2438 prohi-

1716 2449 1843 2497 bebo
1865 2472 1913 2499 κ.
1948 2452 2003 2499 J.
2022 2451 2085 2501 V.
2118 2454 2174 2499 L.

1791 2539 1871 2585 14.
1899 2528 2039 2577 Diem
2065 2531 2174 2579 dat.
2202 2533 2338 2578 Dm
2363 2532 2492 2580 diem
2521 2546 2594 2600 est
2622 2551 2746 2583 eon-

1714 2610 1913 2656 stituere
1950 2609 2079 2656 diem
2116 2608 2377 2671 solutioni,
2412 2627 2523 2675 quoe
2556 2613 2599 2660 si
2633 2623 2742 2662 tum

1717 2704 1818 2735 non
1846 2701 2233 2753 representatur,
2256 2700 2418 2755 potest
2448 2691 2508 2750 is,
2534 2694 2615 2740 eni
2638 2693 2744 2742 dies

1719 2768 1862 2816 datus
1887 2779 1958 2816 est
1978 2802 1993 2828 ‚
2017 2786 2044 2817 a
2079 2768 2324 2817 creditore
2358 2770 2411 2818 in
2439 2772 2522 2831 jus
2555 2769 2741 2821 vomi-i.

1721 2849 1893 2896 anv.
1948 2855 1951 2858 '

1796 2942 1816 2972 r
1829 2927 1878 2973 5.
1907 2928 2193 2990 Sponsor-em
2214 2927 2447 2991 appellat.
2485 2927 2611 2978 Edd.
2625 2938 2742 2978 vett.

1722 3005 1912 3052 addunt
1930 3011 2066 3061 'nom
2098 3015 2148 3054 et
2170 3018 2464 3054 revocarunt
2481 3010 2675 3058 Manat.
2692 3020 2743 3057 et

1723 3085 1854 3132 vict.
1882 3085 1979 3132 hoc
2004 3100 2147 3133 sensu
2178 3098 2191 3132 ε
2215 3088 2370 3134 Antea
2389 3119 2405 3143 ‚
2431 3087 2567 3150 quod
2603 3101 2658 3137 tu
2694 3092 2741 3137 ei

1721 3165 2013 3227 promissum
2031 3164 2371 3213 munusculum
2388 3181 2490 3213 non
2506 3167 2739 3226 mitteres,

1721 3259 1799 3291 me
1816 3259 2100 3308 sponsorem
2123 3244 2398 3310 appellabat
2411 3279 2425 3303 ‚
2438 3261 2568 3293 nunc
2586 3262 2740 3310 spon·

1720 3339 1875 3371 sorem
1913 3324 2124 3385 omittit3
2160 3335 2207 3372 te
2238 3325 2395 3389 ipsum
2420 3325 2472 3371 in
2489 3323 2736 3384 judicium

1721 3414 1867 3450 vocnt
1891 3416 1905 3452 2
1934 3404 2096 3466 itaque
2122 3403 2398 3451 faciundum
2424 3403 2512 3451 tibi
2539 3414 2635 3464 est,
2678 3417 2738 3454 ut

1720 3483 2018 3547 promissum
2058 3483 2260 3532 omnino
2306 3483 2475 3531 solvas.
2511 3482 2608 3530 Sed
2635 3484 2740 3531 boe

1711 3562 1822 3622 jure
1869 3572 2014 3624 negat
2062 3563 2312 3611 Ernestins
2349 3577 2363 3609 :
2396 3578 2570 3628 nempe
2604 3562 2654 3611 h.
2696 3564 2740 3613 l.

1718 3641 1845 3688 idem
1876 3641 1998 3689 dicit
2027 3642 2200 3691 Cicero
2228 3643 2363 3706 quod
2402 3658 2546 3708 supra
2582 3655 2666 3707 ep.
2708 3645 2740 3691 8

1718 3723 1789 3768 sie
1817 3733 2145 3786 expresserat:
2174 3745 2199 3764 ·=
2218 3722 2433 3771 Tulliola
2472 3733 2608 3770 tunm
2636 3738 2746 3770 mn-

1712 3800 1968 3849 unsculum
1994 3798 2201 3864 flagitat,
2220 3813 2267 3849 et
2284 3818 2363 3848 me
2382 3813 2437 3850 ut
2455 3818 2745 3866 sponsorem

1712 3880 1924 3944 appellat
1943 3902 1985 3928 -.
2011 3881 2126 3928 Sca.

1390 4039 1961 4068 —W—
