3023 4773
636 390 773 477 348
1093 474 1096 479 .
1258 397 1355 464 M.
1404 398 1481 464 T.
1537 396 2128 467 CICERONIS

626 584 2731 611 mmmmmmmmmmmmmmmmmm

1281 760 1875 840 EPISTOLA
1927 762 2112 840 XX.

624 924 818 993 Quum
861 919 1086 980 Atticus
1133 922 1302 1000 epist.
1338 944 1402 996 17
1449 922 1877 1001 respondisset,
1917 924 2121 983 Cicero
2164 924 2415 1002 primum
2456 923 2634 982 laetari
2684 944 2748 981 sc

697 1016 930 1088 scribit,
959 1019 1154 1081 Attico
1172 1038 1340 1076 suum
1371 1018 1445 1077 de
1476 1019 1605 1098 ipso
1624 1019 1909 1097 judicium
1930 1033 2297 1099 perspectum
2310 1039 2466 1091 esse,
2493 1039 2745 1096 eumque

699 1116 760 1171 in
797 1113 1111 1191 judicanda
1151 1115 1352 1188 Quinti
1401 1116 1595 1174 fratris
1638 1117 1958 1175 offensione
1998 1115 2519 1174 moderatissimum
2551 1115 2747 1173 fuisse.

699 1210 924 1269 Deinde
961 1231 1022 1269 se
1056 1213 1115 1269 in
1155 1231 1278 1290 rep.
1310 1214 1391 1271 sic
1421 1226 1687 1271 acturum
1727 1214 2051 1293 profitetur,
2096 1228 2159 1271 ut
2184 1232 2364 1290 quum
2397 1232 2515 1271 suae
2552 1210 2748 1289 digni-

698 1305 803 1365 tati
823 1319 882 1365 et
903 1308 1196 1367 securitati
1222 1311 1517 1383 consulat,
1556 1329 1869 1387 numquam
1910 1323 2101 1367 tamen
2135 1323 2363 1368 senatus
2396 1321 2456 1366 et
2495 1308 2751 1386 optima-

699 1417 820 1461 tum
851 1424 1081 1463 causam
1108 1404 1438 1465 deserturus
1474 1406 1569 1465 sit.
1607 1412 1758 1465 Tum
1784 1406 1858 1464 de
1886 1406 2161 1485 Sicyonio
2190 1405 2424 1483 negotio
2459 1405 2520 1462 in
2548 1417 2750 1461 senatu

697 1502 821 1579 spei
851 1502 995 1560 nihil
1023 1523 1146 1562 esse
1176 1503 1407 1563 scribit:
1445 1504 1749 1562 consulum
1775 1506 2021 1563 alterum
2046 1503 2243 1562 iaudat
2262 1547 2281 1575 ,
2315 1503 2562 1561 alterum
2586 1501 2745 1558 vitu-

698 1612 881 1676 perat.
909 1606 1175 1659 Graecum
1201 1600 1275 1659 de
1302 1603 1604 1661 consulatu
1631 1601 2106 1661 commentarium
2131 1620 2166 1659 a
2190 1621 2251 1659 se
2281 1620 2387 1678 per
2426 1598 2748 1659 Cossinium

699 1696 933 1755 missum
962 1717 1085 1756 esse
1125 1699 1320 1757 refert.
1358 1704 1428 1757 L.
1464 1700 1760 1777 Papirium
1796 1702 2012 1758 Paetum
2046 1697 2155 1757 sibi
2202 1696 2383 1756 libros
2411 1716 2558 1773 quos
2586 1699 2746 1754 Serv.

695 1790 970 1850 Claudius
1010 1793 1614 1871 reliquerat‚donasse
1650 1807 1847 1852 narrat
1869 1837 1886 1863 ,
1927 1813 2143 1872 eosque
2175 1792 2349 1852 Attici
2379 1812 2541 1850 curae
2585 1810 2749 1849 com—

699 1888 952 1947 mendat.
978 1890 1231 1968 (Romae,
1262 1910 1415 1948 anno
1443 1895 1517 1951 U.
1536 1894 1601 1949 C.
1622 1891 1769 1966 693,
1793 1911 1988 1949 mense
2011 1888 2217 1967 maio.)

1309 2051 1625 2115 CICERO
1668 2051 1986 2115 ATTICO
2031 2051 2093 2114 S.

715 2183 940 2271 Qumis
966 2208 1005 2254 e
1033 2186 1511 2282 Pompeiano¹
1539 2211 1654 2257 me
1674 2190 1974 2257 Romam
2009 2186 2436 2282 recepissem
2472 2209 2533 2254 a.
2551 2182 2620 2253 d.
2639 2208 2745 2253 1111

621 2292 783 2365 idus
815 2296 1019 2382 maii,
1073 2296 1364 2367 Cincius
1413 2310 1664 2367 noster
1703 2320 1858 2366 eam
1893 2294 2069 2364 mihi
2102 2293 2229 2365 abs
2258 2309 2326 2366 te
2365 2292 2745 2391 epistolam

618 2402 960 2489 reddidit,
993 2429 1213 2501 quam
1236 2420 1319 2476 tu
1338 2404 1513 2477 idib.
1535 2405 1712 2477 febr.
1745 2405 2063 2477 dederas.
2090 2405 2172 2477 Ei
2197 2429 2395 2475 nunc
2425 2403 2745 2501 epistolae

616 2511 837 2585 literis
883 2512 993 2584 his
1037 2514 1517 2613 respondebo,
1560 2524 1661 2586 Ac
1699 2516 2048 2612 primum,
2101 2513 2234 2586 tibi
2287 2529 2746 2612 perspectum

618 2646 770 2693 esse
818 2619 1165 2716 judicium
1219 2624 1310 2696 de
1357 2639 1428 2696 te
1464 2649 1740 2713 meum,
1793 2625 2033 2712 laetor3
2090 2624 2385 2713 deinde,
2429 2639 2502 2695 te
2539 2627 2617 2694 in
2661 2625 2746 2694 iis

614 2730 865 2820 rebuS‚
902 2758 1060 2830 quae
1097 2734 1269 2804 mihi
1310 2736 1636 2831 asperius
1670 2759 1711 2805 a
1749 2734 1999 2821 nobis,
2039 2748 2259 2831 atque
2300 2734 2561 2804 nostris
2582 2743 2639 2819 ²,
2675 2747 2746 2802 et

618 2835 1086 2938 injucundius
1122 2859 1294 2916 aetae
1321 2844 1777 2932 videbantur,
1817 2845 2465 2938 moderatissimum
2498 2840 2745 2928 fuisse,

614 2953 1238 3025 vehementissime
1270 2954 1588 3052 gaudeo;
1627 2953 1848 3051 idque
1887 2977 2127 3051 neque
2160 2954 2428 3023 amoris
2469 2951 2743 3023 medio·

620 3063 797 3151 cris,
835 3063 907 3135 et
932 3060 1242 3161 ingenii³
1283 3065 1586 3150 summi,
1631 3089 1714 3134 ac
1751 3065 2112 3160 sapientiae
2145 3061 2416 3157 judicO.
2451 3063 2612 3151 Qua
2656 3060 2745 3132 de

620 3199 700 3244 re
742 3199 972 3272 quum
1011 3201 1060 3264 a
1098 3199 1212 3245 me
1265 3178 1360 3244 ita
1398 3175 1743 3259 suaviter,
1784 3173 2208 3271 diligenter,
2261 3171 2615 3257 officiose,
2669 3186 2743 3242 et

618 3284 1029 3356 humaniter
1065 3286 1467 3381 scripseris,
1493 3299 1574 3354 ut
1611 3309 1760 3356 non
1791 3284 2011 3356 modo
2032 3299 2100 3355 te
2135 3283 2405 3355 hortari
2432 3281 2741 3379 amplius

618 3420 766 3466 non
798 3381 1138 3481 debeam,
1170 3391 1295 3465 sed
1323 3419 1416 3465 ne
1444 3409 1858 3491 exspectare
1895 3394 2189 3491 quidem
2219 3392 2347 3463 abs
2388 3405 2455 3461 te
2495 3403 2620 3461 aut
2645 3387 2742 3460 ab

619 3506 771 3577 ulio
800 3507 1095 3577 homine
1123 3519 1400 3576 tantum
1424 3503 1780 3576 facilitatis
1801 3530 1882 3576 ac
1903 3502 2469 3576 mansuetudinis
2491 3515 2745 3598 potue-

693 3716 741 3749 ι.
778 3701 1095 3764 Pompeiano.
1125 3700 1235 3747 Fuit
1268 3699 1531 3765 oppidum,
1556 3699 1636 3747 cui
1724 3698 1822 3746 hoe
1860 3698 2040 3757 modo,
2074 3714 2141 3745 «a
2178 3696 2345 3755 nobis,
2381 3706 2525 3760 atque
2564 3693 2678 3743 ideo
2717 3712 2743 3742 a

619 3793 797 3826 nomen
815 3779 1062 3843 Pompeii,
1079 3780 1212 3843 quod
1233 3779 1387 3826 Sarno
1409 3795 1550 3827 amne
1567 3778 1635 3825 nl·
1723 3780 1899 3826 nostris
1917 3800 1942 3820 a
1968 3792 1983 3827 :
2010 3777 2085 3825 vel
2109 3799 2133 3818 οι
2154 3793 2180 3824 a
2205 3777 2351 3825 nobis
2371 3798 2396 3818 a·
2417 3813 2432 3836 ,
2456 3774 2509 3823 id
2538 3785 2612 3822 est
2626 3809 2643 3832 ,
2668 3797 2690 3818 ι
2717 3792 2744 3822 ι

616 3857 856 3906 tuebatur.
876 3859 1021 3906 Nunc
1053 3859 1241 3907 rudera.
1268 3860 1394 3908 Plin.
1418 3858 1505 3907 lib.
1531 3859 1634 3914 111,
1724 3858 1905 3904 nostris
1939 3879 1980 3904 n.
2016 3854 2264 3920 Significat
2303 3867 2467 3903 autem
2490 3857 2554 3918 Q.
2581 3855 2659 3901 Fr.
2696 3864 2745 3900 et

617 3953 724 4000 cap.
743 3952 802 3999 9,
831 3948 949 3985 tom.
970 3939 1018 3985 11
1045 3938 1273 3987 editionis
1300 3949 1493 3986 nostre.
1517 3939 1607 3985 En.
1722 3937 2060 4000 Pomponiam.
2090 3937 2185 3999 Ep.
2220 3952 2274 3996 ¹7
2303 3933 2413 3982 h.1.
2442 3935 2606 3983 Coun.

690 4030 739 4062 a.
787 4018 945 4079 Atque
983 4033 1018 4062 a
1056 4019 1250 4066 nostris.
1289 4017 1496 4065 Videtur
1533 4034 1634 4064 esse
1794 4018 1845 4063 3.
1864 4016 1932 4062 Ee
1958 4013 2155 4079 ingenii.
2187 4016 2440 4072 Fortasse,
2461 4023 2517 4059 at
2534 4011 2743 4077 ingenii,

614 4095 836 4159 quedam
860 4092 1197 4160 ἐπανόρθωσις,
1241 4097 1316 4146 vel
1338 4092 1633 4164 ἐπιξὴγησις,
1723 4112 1785 4143 ex
1813 4095 2092 4154 conjectura
2120 4093 2321 4141 Mureti.
2352 4093 2442 4140 Eu.
