3023 4773
827 432 1378 518 EPISTOLAE,
1410 430 1643 517 XIII,
1680 455 1793 502 21.
2282 436 2372 509 33

252 555 481 642 Quem
522 557 581 623 si
624 551 1008 624 arbitrarer
1044 577 1197 625 esse
1241 556 1591 649 Sicyone,
1631 566 1704 623 et
1739 554 1877 625 nisi
1910 553 2234 627 audirem
2274 558 2379 630 ibi

247 688 409 737 eum
438 664 653 734 etiam
684 686 910 750 nunc,
942 661 1069 733 ubi
1098 687 1233 759 ego
1264 663 1567 758 reliqui,
1595 659 1875 758 Cibyrae
1906 672 2374 755 commorari,

244 773 422 843 nihil
467 788 658 845 esset
699 796 1024 860 necesse,
1083 772 1293 871 plura
1334 796 1451 843 me
1496 770 1589 843 ad
1636 786 1707 843 te
1751 770 1841 843 de
1887 798 1974 845 eo
2035 775 2369 848 scribere.

241 882 629 954 Perficeret
685 886 880 954 enim
927 884 1079 980 ipse
1123 880 1452 982 profecto
1497 883 1645 953 suis
1686 882 2053 974 moribuS,
2098 911 2374 985 suaque

240 992 722 1078 humanitate,
772 1003 855 1063 ut
903 994 1059 1064 sine
1111 991 1540 1091 cujusquam
1592 994 2222 1068 commendatione
2263 997 2372 1069 di-

237 1103 583 1200 ligeretur
608 1102 736 1173 abs
761 1116 833 1174 te
866 1126 1025 1181 non¹
1047 1107 1292 1173 minus
1309 1156 1329 1190 ,
1356 1127 1578 1199 quam
1602 1118 1676 1173 et
1702 1127 1744 1173 a
1767 1128 1884 1175 me
1901 1158 1921 1192 ,
1958 1119 2031 1176 et
2050 1130 2092 1176 a
2120 1109 2374 1179 ceteris

241 1218 390 1282 suis
415 1210 902 1283 familiaribus.
939 1211 1082 1283 Sed
1106 1236 1335 1310 quum
1368 1213 1576 1283 illum
1599 1211 1850 1285 abesse
1868 1229 2147 1312 putem,
2173 1241 2373 1288 com-

238 1321 512 1393 mendo
545 1320 677 1392 tibi
712 1326 790 1393 in
828 1323 1171 1418 majorem
1200 1321 1503 1393 modum
1533 1321 1836 1394 domum
1861 1324 2054 1420 ejus,
2083 1351 2244 1423 quae
2272 1343 2380 1401 est

239 1434 574 1525 Sicyone,
590 1454 891 1528 remque
920 1430 1374 1519 familiarem,
1396 1433 1708 1504 maxime
1743 1435 1994 1506 Caium
2025 1438 2380 1509 Avianum

239 1524 1182 1630 Hammonium²,libertu1f1
1207 1542 1396 1638 ejus:
1425 1567 1646 1640 quem
1670 1542 1969 1639 quidem
1998 1545 2131 1616 tibi
2161 1552 2380 1619 etiam

238 1678 372 1723 suo
414 1654 719 1722 nomine
766 1651 1226 1724 commendo.
1268 1655 1452 1724 Nam
1492 1676 1725 1750 quum
1766 1669 2154 1751 propterea
2199 1656 2380 1728 mihi

240 1778 347 1833 est
376 1760 774 1860 probatus,
814 1761 1013 1859 quod
1058 1777 1166 1833 est
1205 1766 1282 1833 in
1318 1776 1714 1861 patronum
1760 1788 1976 1834 suum
2019 1762 2263 1839 officio
2307 1782 2379 1839 et

241 1869 379 1944 fide
426 1872 808 1969 singulari,
846 1886 1001 1942 tum
1045 1873 1263 1945 etiam
1302 1876 1379 1942 in
1422 1896 1539 1943 me
1577 1873 1812 1970 ipsum
1850 1898 2110 1972 magna
2141 1874 2380 1949 officia

240 1981 587 2068 contulit,
629 1978 952 2075 mihique
1000 1982 1521 2053 molestissimis
1562 1981 2018 2081 temporibus
2065 1990 2162 2057 ita
2198 1985 2380 2059 fide-

236 2090 401 2164 liter
431 2090 928 2189 benivoleque
955 2107 1215 2192 praesto
1255 2089 1431 2176 fuit,
1465 2107 1548 2163 ut
1583 2093 1641 2163 si
1673 2118 1714 2163 a
1744 2119 1861 2165 me
1896 2099 2380 2170 manumissus

186 2268 195 2277 .
237 2217 445 2274 esset.
492 2209 749 2299 Itaque
792 2217 966 2300 peto
1011 2227 1053 2273 a
1096 2216 1204 2288 te,
1248 2217 1331 2274 ut
1372 2226 1542 2274 eum
1575 2208 2130 2293 Hammonium,
2180 2221 2252 2278 et
2300 2208 2379 2279 in

236 2315 530 2411 patroni
561 2314 719 2409 ejus
754 2316 1051 2411 negotio
1079 2316 1179 2383 sic
1209 2325 1485 2395 tueare,
1526 2326 1609 2384 ut
1636 2311 1792 2408 ejus
1827 2330 2375 2413 procuratorem

234 2422 509 2522 [quem
561 2422 697 2494 tibi
748 2418 1257 2523 commendo]‚
1319 2437 1390 2496 et
1446 2427 1682 2523 ipsum
1731 2449 1867 2496 suo
1924 2429 2221 2499 nomine
2263 2428 2375 2500 di-

236 2536 453 2632 ligaS,
489 2533 906 2631 habeasque
949 2535 1025 2605 in
1072 2558 1380 2634 numero
1423 2550 1744 2606 tuorum.
1802 2529 2374 2637 Hominem'pu-

233 2645 534 2718 dentem
568 2659 642 2717 et
677 2642 1080 2717 officiosum
1115 2668 1546 2743 cognosces»,
1584 2658 1656 2716 et
1684 2645 2022 2745 dignum,
2056 2648 2185 2744 qui
2222 2672 2264 2718 a
2303 2663 2374 2719 te

236 2755 601 2853 diligatur.

236 2928 351 2976 nihi
370 2927 569 2992 plaeere
582 2925 789 2993 diligens
807 2941 951 2990 qnam
967 2924 1267 2990 dib’gendus:

238 3020 293 3056 ut
334 3007 525 3056 mentio
569 3005 657 3054 flat
697 3008 750 3054 in
794 3005 961 3054 officio
1006 3004 1268 3069 diligentiae

235 3089 402 3152 potins
432 3103 580 3150 quam
603 3086 807 3143 amoris,
833 3102 894 3133 ex
915 3084 1268 3134 cousuetudine

237 3168 491 3216 aaronis
517 3182 531 3214 ε
573 3181 719 3229 quam
750 3165 792 3212 si
824 3166 934 3228 quis
972 3163 1265 3221 contemnit,

230 3263 343 3294 eum
379 3261 410 3292 a
450 3261 530 3292 me
569 3243 823 3292 dissentire
856 3259 947 3290 nec
977 3243 1145 3300 miror,
1174 3257 1266 3289 nec

233 3324 441 3372 melate
486 3325 614 3373 sero.
668 3321 920 3371 Ciceronis
971 3321 1078 3368 haec
1123 3331 1265 3381 tunt,

230 3421 324 3469 pro
352 3403 601 3451 Plancio:
644 3424 669 3443 ιι
688 3404 751 3448 In
776 3401 911 3448 omni
942 3398 1109 3448 officio
1150 3400 1265 3446 dili-

232 3483 550 3548 gentissimus
564 3502 603 3529 ι.
634 3482 730 3527 Pro
750 3479 940 3528 Coelio:
974 3478 1136 3526 «Viro
1155 3493 1265 3525 om-

232 3564 307 3610 nis
324 3561 490 3610 officii
503 3558 876 3621 diligentissimo
893 3578 934 3607 ι.
948 3559 1045 3604 Pro
1069 3556 1262 3607 eluunt.

230 3645 331 3690 -In
367 3640 608 3690 omnibns
643 3636 819 3686 officiis
852 3636 1118 3685 retinendis
1154 3635 1262 3684 dili·

229 3723 431 3784 gentior
454 3735 561 3767 eae
587 3733 733 3765 nemo
762 3726 924 3781 potest
945 3737 987 3763 ο.
1022 3718 1164 3765 Mur.
1192 3742 1267 3755 -

230 3801 400 3849 Edidit
426 3802 595 3848 θην.
621 3807 673 3845 ee
696 3794 853 3854 omni,
889 3795 1052 3844 deleto
1078 3795 1144 3843 in.
1179 3796 1265 3842 Er-

233 3894 358 3930 nat.
372 3879 592 3929 malebat
610 3875 1021 3943 diligentissimus.

1429 2941 1480 2975 a.
1501 2926 1871 2976 Hammonium.
1897 2924 2096 2976 Preme
2112 2938 2160 2976 et
2184 2928 2266 2976 alii
2300 2928 2377 2976 di·

1354 3016 1531 3053 xerunt
1547 3005 1680 3053 hunc
1702 3021 1803 3053 esne
1821 3006 2042 3054 eumdem
2060 3022 2117 3054 ac
2134 3008 2377 3056 Avianum

1354 3085 1652 3141 Evandrum,
1690 3082 1750 3131 de
1770 3100 1871 3148 quo
1893 3086 2051 3148 agitur
2065 3102 2211 3150 supra
2225 3120 2240 3143 ,
2266 3084 2320 3134 h.
2336 3085 2373 3134 l.

1356 3164 1499 3228 epist.
1526 3180 1578 3212 a.
1607 3162 1788 3212 Schiitz
1815 3172 1972 3211 antem
2001 3174 2158 3226 negat.
2186 3164 2376 3226 Quidni

1354 3245 1480 3293 enim
1502 3246 1575 3292 M.
1588 3242 1808 3291 AEmilius
1819 3243 2037 3291 Avinnns
2050 3243 2213 3307 plures
2230 3243 2378 3291 liber-

1356 3333 1431 3371 tos
1444 3323 1704 3372 habuerit?
1724 3322 1820 3371 Sed
1840 3323 1954 3385 quin
1982 3322 2177 3385 utrique
2197 3321 2373 3371 liberto

1352 3419 1636 3467 prenomen
1656 3402 1799 3451 Caius
1816 3403 1932 3459 fuit,
1956 3400 2181 3466 qumivit
2197 3389 2372 3450 Manu:-

1353 3482 1473 3539 tius,
1499 3497 1588 3530 cur
1613 3497 1641 3528 a
1666 3483 1863 3544 patroni
1898 3479 2096 3527 nornine
2135 3478 2368 3529 discesse-

1352 3560 1470 3609 rint.
1500 3561 1671 3623 Itnque
1701 3574 1853 3623 quum
1884 3557 1988 3606 duo
2020 3558 2186 3607 fratres
2212 3568 2374 3607 essent

1352 3638 1535 3687 AEmilii
1555 3639 1760 3695 Aviani,
1778 3637 1900 3685 alter
1919 3638 1992 3686 M.
2010 3637 2131 3685 alter
2150 3638 2204 3687 C.
2219 3638 2374 3703 suspi-

1355 3731 1492 3767 catur
1509 3720 1605 3768 hos
1621 3718 1825 3766 liberto·
1844 3717 2122 3766 Evandrum
2149 3728 2198 3766 et
2221 3722 2372 3767 Ham·

1352 3799 1574 3846 monium
1608 3795 1669 3844 ab
1705 3795 1900 3843 illorum
1938 3806 2077 3861 petre
2103 3797 2164 3847 C.
2178 3797 2374 3846 Aviano

1355 3875 1531 3925 Flacco
1551 3873 1869 3925 manumissos
1885 3891 2004 3925 oue.
2024 3877 2122 3926 En.

1055 4043 1536 4071 ι*

437 4206 526 4272 II,
585 4215 681 4263 Cic.
702 4232 813 4279 pars
846 4226 1022 4279 quarta.
