3023 4773
559 388 1097 458 EPISTOLAE
1147 389 1281 457 AD
1329 390 1826 473 ATTICUM‚
1877 393 1948 474 1,
2000 392 2063 473 4.
2231 413 2366 482 279

255 512 678 597 Peducaeus,
735 524 815 579 ut
861 508 950 579 ad
1001 524 1070 579 te
1121 508 1545 596 scriberem,
1587 507 1982 587 admonuit.
2031 515 2371 580 Putamus

259 624 450 691 enim
477 621 650 691 utile
675 636 878 705 esse.
898 633 969 688 te
997 618 1383 715 aliquando
1411 621 1561 714 jam
1588 645 1742 695 rem
1765 623 2178 718 transigere.
2211 624 2371 690 Mea

255 732 715 807 intercessio'*
757 743 1001 827 parata
1043 745 1115 799 et
1154 744 1299 814 est,
1339 744 1410 801 et
1446 729 1605 807 fuit.

349 846 498 913 Nos
530 840 648 910 hic
680 838 1081 910 incredibili
1112 863 1195 909 ac
1222 841 1562 936 singulari
1593 838 1842 937 populi
1871 838 2246 933 ,voluntate
2282 837 2373 909 de

251 955 333 1021 C.
380 946 674 1020 Macro⁵
718 950 1209 1045 transegimus.
1247 952 1385 1027 Cui,
1420 973 1649 1056 quum
1686 950 1874 1045 aequi
1914 947 2294 1027 fuissemus
2317 945 2373 1033 ⁶,

255 1074 499 1133 tamen
549 1058 774 1128 multo
826 1058 1167 1151 majorem
1217 1057 1536 1143 fructum
1590 1086 1678 1136 ex
1718 1057 1969 1157 populi
2018 1059 2376 1133 existima-

253 1172 453 1239 tione
473 1222 507 1268 ,Β
527 1168 650 1237 illo
687 1166 1063 1253 damnato,
1100 1168 1460 1264 cepimuS‚
1502 1193 1722 1264 quam
1756 1192 1844 1237 ex
1876 1167 2131 1264 ipsius,
2165 1166 2222 1234 si
2257 1163 2378 1234 ab·

253 1282 534 1353 solutus
571 1295 791 1365 esset,
827 1282 1050 1376 gratia
1086 1272 1543 1377 cepissemus

354 1389 572 1479 Quod
612 1390 703 1459 ad
738 1414 853 1459 me
890 1387 982 1459 de
1016 1388 1499 1460 Hermathena
1536 1387 1822 1471 scribiS,
1859 1410 1990 1484 per
2024 1384 2199 1455 mihi
2228 1407 2379 1479 gra·

259 1515 419 1570 tum
453 1513 594 1583 est,
636 1513 708 1569 et
743 1513 1248 1570 ornamentum
1283 1496 1720 1573 Academiae⁷
1763 1495 2139 1592 proprium
2170 1515 2383 1577 meae,

253 1605 462 1704 quod
501 1621 575 1677 et
608 1611 907 1677 Hermes
941 1631 1328 1677 commune
1368 1600 1740 1676 omnium8
1779 1618 1853 1674 et
1890 1607 2214 1673 Minerva
2247 1603 2382 1671 sin·

254 1714 502 1811 gulare
566 1730 672 1784 est
724 1717 1004 1812 insigne
1058 1718 1213 1811 ejus
1264 1718 1633 1813 gymnasii.
1699 1715 1940 1802 Quare
1995 1711 2248 1796 velim,
2302 1724 2384 1779 ut

253 1822 550 1909 scribis,
606 1825 859 1894 ceteris
929 1850 1222 1921 quoque
1278 1824 1498 1896 rebus
1552 1847 1769 1920 quam
1831 1822 2160 1919 plurimis
2218 1843 2382 1889 eum

258 1932 501 2001 locum
547 1956 783 2001 ornes.
829 1934 1006 2021 Quae
1043 1933 1217 2002 mihi
1260 1949 1465 2004 antea
1506 1937 1710 2030 signa
1753 1933 2038 2016 misisti,
2082 1954 2164 1999 ea
2195 1954 2381 1999 non-

256 2039 433 2110 dum
463 2039 631 2110 vidi.
669 2049 754 2112 ln
785 2028 1164 2117 Formiano
1204 2059 1406 2126 sunt;
1441 2068 1590 2139 quo
1626 2067 1759 2137 ego
1794 2067 1989 2113 nunc
2026 2039 2378 2138 proficisci

255 2150 680 2246 cogitabam.
754 2150 880 2220 llla
957 2153 1197 2221 omnia
1268 2155 1342 2220 in
1409 2152 1889 2221 Tusculanum
1959 2147 2378 2246 deportabo
2418 2134 2457 2153 *⁸

258 2264 574 2343 Caietam
594 2272 651 2347 9,
696 2261 755 2331 si
797 2260 1091 2356 quando
1134 2259 1503 2331 abundare
1540 2285 1873 2358 coepere,
1919 2257 2215 2329 ornabo.
2260 2261 2375 2326 Li-

256 2368 432 2441 bros
458 2385 623 2441 tuos
655 2394 998 2442 conserva
1019 2382 1114 2460 ¹⁰3
1154 2370 1400 2448 et,uoli
1432 2369 1806 2468 desperare
1829 2425 1848 2457 ‚
1878 2395 2001 2442 eos
2033 2396 2148 2442 me
2183 2394 2379 2442 meos

255 2616 404 2671 garet.
441 2606 580 2652 Hauc
615 2617 739 2670 puto
761 2606 906 2654 fuisse
952 2607 1275 2656 Acutilianam
1363 2617 1440 2654 cat
1465 2622 1515 2653 se
1536 2621 1648 2653 eum
1682 2606 1851 2652 Macro
1889 2605 2039 2668 egisse
2079 2619 2180 2651 uon
2209 2602 2378 2649 stricto

261 2684 663 2733 controversiam.
684 2687 885 2734 Bostus.
903 2713 969 2722 —
987 2689 1169 2733 Verum
1186 2702 1277 2750 ego
1359 2681 1493 2741 jure,
1535 2683 1619 2730 sed
1654 2685 1876 2746 aequitate
1900 2672 2084 2731 summa
2123 2697 2289 2739 usum,
2325 2689 2380 2727 ut

256 2775 413 2827 puto,
437 2764 477 2810 si
500 2780 556 2810 en
585 2779 724 2811 causa
747 2775 933 2812 tantum
954 2765 1150 2822 fuisset,
1178 2780 1279 2814 nnn
1367 2764 1613 2828 duplicem
1639 2763 1811 2810 merito
1829 2763 2018 2810 laudem
2053 2764 2116 2810 sit
2150 2777 2380 2809 consecu-

258 2843 475 2890 futurum
499 2842 665 2890 locum
693 2853 768 2890 tot
797 2846 1110 2906 querimoniis
1149 2846 1280 2906 Acu-
1371 2855 1478 2904 tus,
1500 2842 1765 2890 severitatis
1780 2852 1829 2889 et
1854 2842 2111 2904 aequitatis.
2136 2844 2288 2888 lou.

260 2922 354 2969 tilii
378 2921 554 2982 hujus,
584 2922 644 2968 de
671 2923 847 2986 quibus
872 2924 975 2983 Cic.
1007 2924 1145 2988 epist.
1182 2939 1282 2986 seq·
1445 2940 1492 2982 7.
1517 2919 1814 2969 Academt‘ae.
1861 2919 2113 2982 Gymnasii
2140 2917 2382 2965 insederis

257 3003 422 3062 Quare
442 3001 503 3048 de
529 3001 604 3048 bis
632 3000 752 3048 nihil
772 3002 891 3049 certi
924 3004 1070 3049 statui
1097 3012 1274 3066 potest.

258 3079 555 3129 Caumes-

327 3167 376 3213 4.
405 3160 522 3204 Mea
543 3157 832 3206 intercessio.
853 3161 1053 3206 Paratus
1071 3175 1176 3206 sum
1192 3175 1278 3206 vo-

257 3235 333 3283 bis
375 3235 567 3283 medius
600 3246 648 3284 et
673 3248 976 3300 proxenetes.
1012 3239 1279 3286 Gnaevms.

327 3317 378 3364 5.
408 3318 483 3362 De
502 3316 553 3363 C.
575 3317 769 3364 Macro.
791 3317 882 3364 Hic
900 3327 971 3363 est
991 3317 1046 3365 C.
1067 3316 1283 3365 Licinius

259 3396 458 3454 Macer,
498 3396 679 3441 amicus
716 3405 767 3442 et
809 3394 1051 3441 familiaris
1091 3393 1281 3442 Crassi:

259 3474 362 3520 imo
374 3508 391 3532 ‚
407 3484 463 3520 ut
475 3484 600 3536 puto
612 3507 627 3531 ,
651 3483 901 3536 cognatus.
916 3475 1058 3524 Certe
1067 3489 1124 3521 ex
1140 3483 1283 3536 gente

261 3551 443 3598 Licinia
470 3562 521 3599 et
539 3552 698 3600 Macri
720 3563 769 3598 et
791 3552 947 3600 Crassi
970 3564 1082 3600 sunt
1101 3568 1279 3616 propa·

260 3631 373 3692 gui.
411 3629 754 3677 Postulabntur
790 3642 949 3679 autem
991 3630 1278 3694 repetunda·

262 3725 393 3768 rum,
433 3710 574 3769 cujus
613 3709 830 3757 criminis
875 3726 1014 3773 poena
1050 3720 1152 3757 erat
1181 3709 1281 3757 litis

262 3788 521 3834 aestimatio
554 3797 604 3834 et
629 3788 869 3835 exsilium.
906 3790 980 3835 Ex
1002 3789 1097 3836 hoc
1123 3799 1281 3835 autem

261 3865 376 3913 loeo
402 3865 675 3928 colligimus
709 3867 990 3914 Ciceronem
1015 3883 1126 3913 eum
1164 3882 1283 3930 prae·
1317 3881 1320 3884 ·

266 3957 374 3992 tura
401 3945 544 3991 etiam
568 3945 883 4006 quaestionem
908 3945 1281 4009 repetundarum

268 4023 554 4070 exercuisse.
595 4024 813 4072 Canus.

340 4100 392 4148 6.
421 4100 511 4149 Cui
534 4116 683 4166 quum
701 4099 1119 4166 oequifieissemus.
1145 4100 1283 4149 Indi-

1363 3003 1412 3048 in
1439 2999 1739 3048 Tusculum.
1759 2999 1905 3044 Tuse.
1933 2998 1974 3044 Ι.
2000 3001 2151 3045 Ῑοιι.
2180 3023 2249 3035 -
2283 2995 2384 3043 Alii

1364 3081 1445 3127 hie
1467 3079 1673 3134 haereut;
1693 3075 1837 3123 uobis
1859 3075 1979 3123 nihil
2007 3074 2290 3122 mutandum
2315 3075 2388 3126 vi-

1368 3159 1528 3207 detur.
1549 3160 1580 3206 J
1585 3158 1672 3205 Ν.
1692 3158 1746 3204 L.

1440 3239 1493 3286 8.
1524 3238 1722 3284 Hermes
1745 3250 1994 3282 commune
2020 3233 2249 3281 omnium.
2282 3236 2386 3295 Ap-

1370 3328 1508 3381 paret
1531 3333 1593 3363 ex
1613 3316 1717 3380 lege
1734 3314 1929 3363 Solonis
1943 3349 1957 3371 ,
1977 3329 2120 3377 quam
2143 3311 2389 3376 profer-tin

1371 3395 1659 3442 Timar-chen
1682 3394 1959 3453 AEschiues‚
1989 3396 2039 3441 in
2061 3391 2290 3442 omnibus
2304 3407 2389 3454 pa-

1370 3474 1546 3521 loestris
1580 3474 1878 3522 Mercurium
1902 3473 1968 3520 ita
2004 3472 2189 3522 cultum
2213 3471 2354 3518 fuisse
2370 3503 2387 3529 ‚

1370 3561 1426 3599 ut
1451 3554 1502 3598 in
1532 3547 1886 3609 διδασκαλείοις
1913 3550 2197 3600 colebantur
2217 3552 2387 3597 Musae.

1367 3633 1585 3679 Castus.
1603 3657 1665 3667 —
1678 3633 1794 3690 Ejus
1816 3632 1957 3695 signo
1974 3628 2389 3680 subscribebatur:

1369 3699 1502 3777 Ἐρμῇ
1529 3714 1596 3775 τῷ
1623 3708 1765 3777 λόγου
1792 3713 2072 3775 προεστῶτι.
2099 3709 2216 3757 vid.
2239 3711 2393 3758 Athe·

1368 3805 1533 3845 uatus,
1552 3787 1639 3835 lib.
1661 3789 1803 3838 xm.
1825 3787 2099 3838 Mercurius
2124 3788 2391 3854 palaestram

1373 3869 1641 3916 invenerat.
1662 3868 1763 3916 En.

1445 3962 1493 4009 9.
1527 3945 1764 3996 Caietam.
1783 3945 1843 3997 Id
1865 3956 1938 3995 est
1952 3978 1967 4001 ‚
1992 3946 2161 4016 villam
2176 3965 2319 4012 quam
2341 3950 2393 3999 in

1373 4025 1609 4078 Caietano
1633 4025 1861 4074 habebat.
1882 4027 1973 4074 En.
2062 4061 2067 4070 .

1451 4120 1530 4154 ιο.
1562 4105 1821 4155 Censet-va.
1844 4108 1969 4174 Quia
2002 4124 2053 4166 se
2080 4107 2407 4162 venditurum
