3023 4773
547 364 1059 433 EPISTOLAE
1111 364 1236 430 AD
1286 364 1778 448 ATTICUM‚
1824 365 1958 449 IV,
2022 365 2123 436 16.
2259 363 2392 464 527

279 492 556 584 Negant
606 488 796 557 enim
840 484 1064 555 latum
1115 484 1204 555 de
1247 486 1552 582 imperio
1574 482 1641 542 ⁶9
1670 511 1687 554 ε
1720 500 1790 556 et
1832 501 1939 557 est
1982 487 2203 559 latum
2238 488 2402 562 her-

279 598 441 668 cule
461 596 727 666 insulse
739 607 828 663 7⁰.
851 593 989 666 Sed
1005 598 1140 664 erit
1155 620 1320 665 cum
1336 597 1747 693 Pomptinio
1762 598 2031 694 Appius
2051 602 2300 671 consul
2313 612 2398 671 ⁷¹.

278 711 460 776 Cato
489 721 729 776 tamen
758 703 1105 792 affirmat,
1134 728 1209 776 se
1240 708 1404 774 vivo
1434 704 1637 775 illum
1664 730 1812 775 non
1849 709 2293 805 triumphare
2306 720 2393 779 ⁷².

281 815 364 885 Id
393 841 525 911 ego
562 831 781 914 puto,
826 828 907 884 ut
949 815 1172 884 multa
1206 813 1534 908 ejusdem
1559 868 1578 902 ,
1614 813 1701 884 ad
1740 815 1921 885 nihil
1957 841 2394 890 recasurum.

282 929 562 1021 Appius
593 926 745 995 sine
776 923 931 1020 lege
951 920 1036 1006 7³,
1071 950 1202 994 suo
1231 939 1562 1022 sumptu,
1603 925 1677 994 in
1717 925 2033 996 Ciliciam
2072 931 2354 1023 cogitat.

374 1037 731 1105 Paccianae
769 1034 1085 1130 epistolae
1105 1037 1165 1091 74
1201 1035 1544 1132 respondi
1576 1061 1592 1103 τ
1626 1059 1981 1131 cognosce
2008 1051 2259 1107 cetera.
2296 1044 2401 1110 Ex

277 1141 510 1215 fratris
554 1145 771 1215 literis
827 1144 1270 1236 incredibilia
1317 1143 1643 1240 quaedam
1688 1144 1778 1215 de
1820 1147 2109 1216 Caesaris
2165 1149 2239 1217 in
2282 1172 2399 1219 me

275 1278 520 1324 amore
558 1256 903 1351 cognovi;
940 1279 1170 1351 eaque
1220 1268 1392 1324 sunt
1427 1255 1650 1351 ipsius
1692 1257 1981 1325 Caesaris
2013 1254 2399 1327 uberrimis

275 1363 493 1434 literis
536 1363 975 1435 confirmata.
1012 1365 1399 1434 Britannici
1441 1360 1614 1433 belli
1657 1355 1887 1434 exitiis
1923 1380 2395 1461 exspectatur.

274 1477 570 1545 Constat
627 1475 849 1559 enim,
907 1474 1142 1545 aditus
1192 1473 1438 1543 insulae
1501 1497 1654 1544 esse
1709 1476 2028 1543 munitos
2074 1474 2396 1548 mirificis

273 1583 607 1654 molibuS.
648 1586 874 1653 Etiam
912 1582 1090 1652 illud
1112 1584 1257 1677 jam
1292 1586 1661 1679 cognitum
1691 1597 1823 1670 est,
1858 1605 2094 1678 neque
2122 1587 2399 1682 argenti

273 1694 669 1789 scripulum
702 1717 854 1763 esse
884 1692 1112 1762 ullum
1136 1693 1209 1760 in
1235 1691 1351 1762 illa
1375 1693 1645 1777 insula,
1685 1717 1922 1789 neque
1955 1692 2174 1763 ullam
2194 1719 2398 1791 spem

275 1801 557 1896 praedae,
596 1803 732 1872 nisi
771 1827 860 1871 ex
911 1803 1283 1897 mancipiis
1319 1827 1333 1868 ε
1380 1827 1466 1871 ex
1513 1801 1780 1897 quibus
1827 1802 2066 1872 nullos
2111 1817 2290 1899 puto
2326 1819 2398 1876 te

270 1909 496 1978 literis
548 1923 672 1978 aut
714 1911 1003 1979 musicis
1048 1908 1371 1980 eruditos
1416 1926 1845 2006 exspectare.
1903 1913 2189 1983 Paullus
2208 1911 2272 1969 ⁷⁵
2324 1916 2399 1984 in

213 2041 219 2047 ·
270 2017 513 2086 medio
542 2015 701 2087 foro
738 2015 1095 2087 basilicam
1123 2018 1271 2111 jam
1307 2042 1510 2115 paene
1544 2024 1773 2090 texuit
1801 2021 2050 2092 iisdem
2083 2024 2399 2120 antiquis

273 2124 659 2212 columnis;
701 2126 893 2195 illam
935 2141 1211 2213 autem,
1256 2151 1472 2222 quam
1521 2128 1808 2216 locavit,
1859 2130 2024 2202 facit
2071 2133 2397 2230 magnifi-

271 2237 774 2306 centissimam.
830 2234 1027 2325 Quid
1075 2237 1380 2332 quaeris?
1417 2236 1594 2306 nihil
1643 2243 1912 2333 gratius
1963 2240 2084 2309 illo
2135 2267 2397 2313 monu-

272 2360 554 2430 mento,
592 2346 770 2416 nihil
800 2347 1199 2443 gloriosius,
1224 2353 1476 2443 Itaque
1507 2350 1795 2418 Caesaris
1819 2351 2029 2420 amici
2052 2351 2205 2447 (me
2234 2351 2395 2426 dico

272 2575 553 2637 majestatis.
579 2576 798 2624 Omnino
821 2576 984 2625 deesse
1004 2576 1194 2639 aliquid
1216 2577 1288 2624 vi-

273 2653 427 2701 detur.

341 2734 426 2795 69.
453 2735 624 2780 Latum
647 2733 709 2781 de
734 2733 949 2797 imperio.
978 2734 1134 2782 Unius
1160 2734 1285 2796 diei,

269 2826 371 2873 quo
400 2812 640 2874 ingressus
658 2812 859 2871 Urbem,
878 2812 1176 2876 triumphum
1199 2814 1286 2861 du·

269 2900 437 2936 cturus
457 2901 574 2937 erat.
601 2890 803 2953 Alioqui
822 2892 1082 2956 imperinm
1108 2891 1287 2940 babere

270 2970 395 3015 iutra
419 2967 585 3015 urbem
609 2968 784 3015 licebat
802 2971 1000 3018 nemini.
1028 2973 1188 3032 Huius
1209 2988 1287 3033 ge-

269 3047 399 3094 neris
419 3046 691 3108 exemplum
719 3047 849 3110 apud
870 3049 1057 3095 Livium
1077 3049 1111 3095 l.
1131 3052 1285 3108 XLV,

268 3125 346 3172 his
377 3126 568 3172 verbis:
599 3148 623 3166 ιι
641 3123 818 3172 Tribus
841 3125 918 3172 his
951 3127 1176 3175 omuibus
1203 3127 1286 3175 de·

269 3216 426 3252 cretus
460 3204 522 3250 ab
568 3213 735 3252 senatu
777 3202 1054 3267 triumphus
1084 3219 1099 3252 τ
1148 3222 1285 3253 mnn-

268 3283 528 3346 datumque
577 3284 643 3344 Q.
684 3283 850 3331 Cassio
894 3283 1092 3346 praetori
1109 3320 1125 3345 ‚
1176 3300 1285 3332 cum

268 3363 473 3409 tribunis
509 3361 665 3426 plebis
691 3379 753 3409 ex
781 3361 1066 3409 auctoritate
1090 3374 1282 3425 patrum

266 3452 452 3502 ageret,
468 3441 766 3503 rogationem
785 3440 848 3488 ad
865 3439 1055 3504 plebem
1080 3443 1281 3501 ferrent,

268 3528 323 3563 ut
353 3519 411 3564 iis
428 3552 442 3576 ,
475 3535 575 3585 quo
614 3519 691 3567 die
725 3519 895 3567 urbem
932 3520 1281 3584 triumphantes

266 3597 620 3656 inveherentur,
645 3600 901 3664 imperium
923 3613 1047 3648 esset
1065 3622 1110 3646 n.
1138 3602 1279 3649 Man.

343 3691 425 3736 70.
445 3678 642 3727 Insulse.
669 3679 796 3740 Quia
813 3677 968 3742 legem
989 3678 1049 3727 de
1074 3679 1280 3743 imperio

266 3756 529 3819 Pomptinii
538 3760 669 3805 Serv.
680 3758 835 3805 Galba
848 3768 1027 3822 praetot
1034 3758 1157 3806 clam
1169 3772 1281 3807 ante

262 3835 419 3884 lucem
442 3835 640 3885 tulerat:
663 3836 799 3901 quod
820 3854 847 3885 a
870 3838 1029 3886 Dione
1050 3838 1281 3887 traditum

263 3926 335 3960 est
362 3929 375 3962 t
417 3926 490 3972 et,
524 3915 601 3977 agi
643 3915 909 3978 quidquam
946 3932 1057 3964 cum
1091 3916 1279 3982 populo

261 4004 371 4039 ante
398 3994 569 4040 boram
607 3995 840 4056 primam,
880 3995 1004 4057 leges
1034 3997 1275 4046 vetabant.

263 4071 406 4116 Ioum.

1451 2594 1536 2637 7¹·
1574 2577 1760 2641 Appius
1787 2580 1973 2627 consul.
2016 2581 2133 2641 Ejus
2166 2583 2400 2630 amicissi-

1377 2671 1505 2715 mus,
1528 2666 1582 2702 ut
1599 2669 1797 2719 apparet
1816 2675 1877 2706 ex
1901 2674 1982 2723 ep.
2010 2676 2042 2721 9
2061 2693 2076 2718 ,
2095 2660 2184 2708 lib.
2210 2664 2311 2722 111,
2331 2661 2394 2709 ud

1373 2734 1488 2782 Div.
1517 2736 1668 2782 Inna.

1448 2829 1534 2875 72.
1559 2812 1902 2877 Triumphum.
1933 2817 2227 2865 Bessariouis
2254 2818 2400 2877 liber,

1384 2891 1821 2953 Tn'umphaeurum.
1895 2896 2170 2959 Utrumque
2247 2909 2397 2947 recte.

1374 2972 1528 3017 Inna.

1447 3052 1530 3110 73.
1548 3047 1662 3095 Sine
1679 3048 1797 3113 Iege.
1817 3049 2013 3097 Curiata
2032 3063 2044 3096 ε
2065 3066 2160 3112 qua
2179 3052 2394 3116 populus

1371 3125 1791 3190 proficiscentibus
1835 3128 1885 3175 in
1918 3128 2193 3190 provincias
2231 3132 2389 3196 impe-

1372 3208 1499 3254 rium
1526 3207 1689 3255 dabat.
1719 3208 1813 3271 Ep.
1844 3223 1908 3269 9,
1927 3207 2014 3256 lib.
2044 3211 2097 3266 1,
2122 3206 2185 3254 ud
2214 3210 2392 3258 Lentu-

1370 3285 1498 3344 lum,
1518 3298 1567 3334 et
1583 3304 1661 3351 ep.
1678 3303 1706 3335 a
1725 3319 1741 3346 ‚
1759 3286 1847 3334 lib.
1865 3289 1966 3343 111,
1984 3286 2047 3334 nd
2063 3289 2125 3349 Q.
2145 3291 2222 3335 Fr.
2241 3290 2390 3339 Inu-

1445 3374 1528 3425 74.
1544 3365 1803 3413 Paccianoe
1816 3366 2047 3430 epistoloe.
2065 3368 2160 3413 Hic
2172 3379 2391 3431 apparet,

1368 3442 1556 3491 divulsa
1587 3461 1688 3491 esse
1703 3479 1717 3502 ‚
1756 3455 1804 3492 et
1841 3445 2001 3493 alieno
2039 3445 2153 3493 loco
2182 3446 2389 3510 aggluti-

1368 3533 1477 3569 nata
1495 3523 1662 3570 harum
1677 3524 1991 3586 epistolarum
2008 3523 2234 3572 membra.
2261 3524 2386 3573 Nam

1367 3601 1616 3648 Paccianae
1642 3602 1862 3663 epistolae
1893 3602 2066 3665 incipit
2093 3603 2387 3667 respondere
2426 3598 2438 3608 ”

1368 3681 1421 3726 in
1444 3679 1649 3744 epistola
1673 3680 1890 3743 proxima
1917 3680 2195 3743 superiore,
2222 3694 2280 3730 ut
2294 3716 2309 3739 ,
2330 3684 2388 3731 in

1367 3759 1458 3806 hac
1481 3774 1583 3822 quo
1603 3758 1756 3806 modo
1775 3759 2066 3824 respondere
2082 3761 2263 3825 possit,
2282 3776 2387 3809 non

1368 3838 1579 3886 videam.
1607 3840 1761 3885 Innu-

1444 3918 1528 3977 75.
1557 3917 1775 3964 Paullus.
1820 3918 1873 3963 L.
1901 3917 2121 3965 AEmilius
2163 3918 2383 3978 Paullus,

1365 3996 1451 4058 qui
1485 3996 1605 4042 duas
1632 3994 1876 4052 basilicas,
1911 4006 2117 4044 veterem
2146 3996 2387 4056 restituit,

1366 4090 1540 4121 novam
1577 4073 1829 4123 exstruxit.
1855 4075 2000 4121 lou.
