3023 4773
682 440 827 524 640
1337 440 1434 505 Μ.
1485 439 1565 506 Τ.
1611 438 2163 508 clcssaoms

678 561 805 634 sed
840 556 1229 656 aliquando
1267 571 1511 628 tamen
1546 558 1996 654 persuasisti,
2032 571 2114 629 ut
2144 557 2456 629 alterum
2490 559 2800 658 comple·

678 685 929 758 cterer,
986 668 1158 765 quia
1210 665 1300 738 de
1354 691 1472 738 me
1533 680 1685 739 erat
1738 670 2015 765 optime
2072 673 2408 756 meritus;
2464 669 2799 757 alterum,

679 783 849 879 quia
897 794 1180 850 tantum
1232 777 1532 878 valebat.
1583 780 1746 848 Feci
1786 779 2026 874 igitur.
2069 781 2326 875 Itaque
2367 776 2576 849 effeci
2613 784 2801 850 omni

678 892 1078 988 obsequio,
1125 905 1208 961 ut
1263 890 1501 961 neutri
1545 888 1836 960 illorum
1885 894 2271 988 quisquam
2315 906 2501 963 esset
2538 918 2656 962 me
2691 917 2800 963 ca-

675 1004 845 1074 rior.
901 1007 1063 1071 Haec
1114 1002 1306 1071 enim
1362 998 1899 1097 cogitabamus»,
1959 1025 2093 1071 nec
2147 1001 2367 1086 mihi,
2415 1003 2801 1097 conjuncto

676 1136 845 1185 cum
882 1112 1226 1209 Pompeio
1248 1164 1267 1197 ,
1307 1110 1461 1180 fore
1510 1133 1805 1182 necesse
1838 1133 2136 1208 peccare
2172 1113 2248 1180 in
2278 1110 2656 1208 republica
2689 1111 2800 1181 ali·

674 1220 1011 1319 quand03
1040 1245 1209 1308 nec,
1235 1242 1402 1290 curn
1433 1221 1708 1291 Caesare
1741 1221 2121 1307 sentienti,
2153 1220 2630 1318 pugnandum
2658 1246 2802 1293 esse

675 1355 844 1402 cum
893 1330 1243 1428 Pompeio
1276 1357 1292 1399 :
1336 1343 1537 1400 tanta
1580 1343 1732 1401 erat
1763 1330 2055 1401 illorum
2099 1331 2546 1426 conjunctio.
2597 1335 2804 1405 Nunc

675 1439 1090 1537 impendet,
1130 1453 1217 1509 ut
1262 1454 1336 1510 et
1377 1454 1462 1510 tu
1510 1439 1874 1522 ostendis»,
1923 1454 1996 1510 et
2040 1465 2180 1537 ego
2227 1441 2484 1528 video,
2528 1467 2806 1513 summa

672 1554 862 1621 inter
882 1573 1008 1621 eos
1035 1551 1429 1621 contentio.
1454 1553 1573 1620 Me
1593 1564 1834 1622 autern
1862 1565 2174 1647 uterque
2201 1567 2536 1624 numerat
2560 1578 2805 1643 suum,

672 1661 808 1732 nisi
858 1657 1049 1731 forte
1101 1659 1391 1731 simulat
1435 1659 1634 1730 alter.
1678 1662 1861 1729 Nam
1902 1661 2287 1758 Pompeius
2333 1685 2483 1732 non
2524 1660 2809 1733 dubitat

673 1771 883 1866 (vere
920 1771 1114 1843 enim
1140 1767 1505 1866 judicat),
1535 1793 1667 1860 fea,
1700 1794 1864 1866 quae
1892 1768 1984 1841 de
2013 1770 2387 1868 republioe
2419 1798 2621 1843 nunc
2654 1799 2810 1844 sen-

675 1884 802 1952 tiat
822 1935 843 1968 ‚
868 1880 1049 1950 mihi
1076 1878 1280 1950 valde
1308 1876 1624 1974 probari.
1656 1880 2051 1976 Utriusque
2082 1894 2323 1951 autem
2356 1882 2604 1979 accepi
2631 1883 2813 1975 ejus-

671 1990 871 2062 modi
922 1991 1159 2061 literas
1215 1987 1473 2059 eodem
1538 2004 1906 2087 tempore,
1963 2016 2114 2087 quo
2171 2005 2372 2080 tuas;
2429 2005 2513 2062 ut
2553 2007 2814 2067 neuter

672 2123 1116 2198 quemquam
1147 2099 1477 2168 omniurn
1515 2098 1745 2196 pluris
1781 2098 2053 2188 facere,
2085 2126 2300 2198 quam
2340 2125 2498 2188 me,
2536 2100 2815 2173 videre·

669 2226 810 2282 tur.
860 2213 1130 2281 Verum
1196 2207 1375 2304 quid
1433 2208 1684 2306 agam?
1742 2234 1893 2280 non
1948 2235 2193 2308 quaero
2239 2211 2360 2281 illa
2405 2210 2661 2281 ultima
2699 2213 2814 2307 (si

670 2322 867 2393 enim
896 2321 1144 2391 castris
1171 2343 1286 2390 res
1317 2334 1630 2416 geretur,
1663 2318 1876 2391 video
1907 2345 2070 2392 cum
2101 2321 2328 2393 altero
2362 2323 2555 2392 vinci
2587 2325 2817 2393 satius

671 2456 821 2505 esse
844 2486 863 2519 ‚
896 2455 1115 2527 quam
1153 2454 1320 2501 cum
1359 2429 1586 2501 altero
1625 2429 2050 2524 vincere⁸)‚
2089 2430 2216 2503 sed
2253 2431 2411 2521 illa,
2453 2457 2620 2528 quae
2656 2447 2818 2503 tum

668 2554 1010 2639 agentur,
1057 2564 1286 2636 quum
1339 2563 1649 2610 venero:
1696 2566 1788 2611 ne
1840 2542 2022 2612 ratio
2073 2541 2390 2614 absentis
2430 2541 2824 2629 habeatur,

669 2667 751 2723 ut
787 2651 1180 2721 exercitum
1219 2648 1553 2720 dimittat.
1595 2653 1734 2721 D1c
1758 2662 1812 2738 9,
1864 2656 1961 2721 M.
2008 2655 2247 2723 Tum.
2290 2651 2487 2745 Quid
2526 2651 2827 2724 dicam?

666 2769 1053 2859 Exspecta,
1093 2756 1353 2830 amabo
1393 2773 1507 2847 te,
1546 2758 1720 2831 dum
1764 2761 2082 2831 Atticum
2129 2765 2606 2834 conveniam?
2645 2767 2823 2834 Non

660 2964 943 3029 persuasisti
957 2961 1127 3027 patria
1167 2962 1433 3027 quidquam
1471 2963 1562 3012 ulli
1598 2979 1693 3010 sua
1783 2979 1842 3010 ne
1876 2963 2088 3012 absentis
2117 2967 2242 3014 ratio
2278 2964 2514 3014 habeatur
2527 3002 2541 3025 ,
2581 2968 2666 3014 cui
2707 2968 2830 3016 dex-

665 3043 855 3091 dulcius
897 3058 1011 3089 esse.
1050 3041 1230 3107 odyss.
1258 3045 1309 3101 1,
1342 3042 1425 3099 34.
1453 3044 1573 3090 Haec
1597 3043 1693 3090 im-
1781 3053 1932 3090 teram
1971 3043 2211 3104 dederim,
2254 3043 2500 3108 fidemque
2531 3063 2695 3094 meam
2725 3049 2822 3095 ob-

666 3131 935 3172 mutnntur.
960 3121 1088 3169 Nam
1123 3121 1178 3168 in
1205 3123 1421 3168 Homero
1446 3133 1547 3170 est:
1567 3120 1692 3170 ἔπει·
1781 3122 2059 3170 strinxerim
2082 3124 2106 3170 Ρ
2129 3124 2245 3172 Non
2269 3139 2492 3187 possum.
2528 3125 2658 3173 Nam
2687 3137 2751 3174 ut
2779 3129 2825 3173 ei

666 3203 759 3252 θον·
802 3189 865 3257 ὸς
884 3194 1022 3249 οὐδὲν
1045 3197 1232 3267 γλύκιον
1245 3189 1300 3255 ἧς
1316 3193 1569 3265 πατρίδος.
1589 3201 1694 3247 Pri·
1781 3198 1979 3262 liceret,
1998 3201 2164 3262 adjuvi
2184 3210 2382 3265 rogatus
2397 3202 2461 3249 ab
2481 3202 2594 3266 ipso
2617 3206 2829 3252 Raven-

669 3298 777 3329 mus
799 3294 966 3328 versus
984 3278 1189 3326 recurrit
1214 3277 1394 3343 odyss.
1420 3280 1544 3338 vn,
1571 3281 1690 3328 258.
1782 3296 1859 3327 me
1886 3296 1900 3328 ε
1923 3280 1986 3328 ab
2028 3282 2139 3345 ipso
2180 3293 2344 3329 autem
2360 3283 2383 3329 ?
2410 3282 2558 3330 etiam
2586 3300 2615 3330 ι
2657 3286 2830 3333 Cnaeo

664 3364 836 3413 Cicero
874 3374 984 3407 eum
1036 3357 1230 3406 reducit
1270 3359 1323 3406 in
1374 3358 1581 3423 epistola
1629 3357 1692 3405 ud
1781 3370 1955 3407 nostro
1974 3361 2026 3407 in
2051 3362 2139 3409 illo
2162 3361 2333 3409 divino
2353 3362 2629 3411 consulatu.
2655 3363 2832 3410 Aliter

670 3444 934 3495 Caesarem,
983 3435 1046 3483 ad
1085 3438 1203 3485 Div.
1233 3436 1322 3485 lib.
1348 3440 1472 3486 xm
1489 3471 1504 3496 ,
1541 3437 1691 3501 epist.
1784 3454 2016 3500 seueer03
2043 3450 2095 3486 et
2119 3455 2272 3502 quum
2293 3455 2396 3489 nou
2421 3442 2606 3505 possim
2632 3442 2836 3489 tacitus

678 3538 695 3567 ι
710 3523 760 3569 5.
791 3521 887 3566 En.
1783 3520 2029 3581 praeterire
2045 3552 2058 3575 ,
2075 3535 2162 3566 nec
2183 3517 2340 3566 dicere
2360 3531 2530 3567 contra
2556 3522 2838 3579 Caurum,

742 3602 790 3647 8.
817 3598 936 3644 Cum
956 3596 1116 3643 altero
1134 3595 1357 3644 vincere.
1382 3596 1588 3654 Caesam,
1607 3595 1692 3660 qui

669 3677 872 3743 patriam
898 3674 1017 3722 velit
1034 3690 1338 3739 oppugnare.
1366 3676 1530 3723 Coun.

740 3772 794 3818 9.
820 3754 930 3802 Dic.
956 3754 1134 3801 Sensus
1160 3763 1231 3801 est
1252 3770 1264 3801 :
1286 3755 1450 3816 Quum
1477 3753 1691 3815 rognbor

664 3833 950 3883 sententiam
970 3867 985 3892 ,
1020 3833 1270 3892 dicamne,
1313 3844 1368 3881 ut
1407 3848 1484 3880 me
1521 3848 1690 3896 exspe-

664 3924 822 3968 ctent,
849 3911 965 3958 dum
990 3922 1038 3959 te
1065 3911 1357 3961 consulam?
1383 3913 1553 3975 Nugae.
1573 3912 1689 3959 Non

665 3993 794 4043 enim
831 3991 925 4037 erit
965 3990 1105 4039 locus
1144 3992 1207 4039 ad
1251 3991 1688 4056 tergiversandum.

668 4071 841 4122 statim
868 4067 997 4114 euim
1036 4086 1184 4133 cogar
1219 4072 1402 4130 dicere,
1431 4071 1553 4134 quid
1585 4087 1691 4118 seu-

672 4154 803 4201 tiam.
845 4148 1014 4195 Dicam
1044 4148 1190 4211 igitur
1216 4160 1384 4197 contre
1414 4153 1650 4199 caesarem
1671 4185 1688 4208 ,

1782 3613 1876 3660 pro
1898 3596 2089 3646 Caesare
2113 3598 2351 3662 loquutus
2378 3601 2554 3661 fuero?
2577 3594 2840 3667 αἰδέῡμιι

1782 3692 1885 3723 non
1923 3678 2082 3725 solum
2111 3677 2431 3743 Pompeium,
2468 3680 2555 3727 sed
2594 3680 2844 3743 reliquos

1780 3755 1924 3804 etiam
1961 3756 2120 3816 cives,
2174 3769 2316 3821 teque
2352 3760 2512 3823 ipsum
2551 3759 2606 3805 in
2644 3760 2846 3823 primis

1778 3834 2077 3882 laudatorem
2132 3836 2373 3884 factorum
2420 3847 2470 3884 et
2511 3840 2844 3901 scriptorum

1776 3929 2011 3960 meorum.
2041 3916 2274 3963 Mamur.
2295 3943 2362 3952 —
2382 3915 2501 3973 Dic,
2533 3918 2607 3965 M.
2649 3917 2804 3965 Tum
2824 3951 2844 3975 ‚

1782 4003 1854 4040 est
1871 3992 2102 4041 solemnis
2121 3994 2327 4042 formula
2347 4012 2442 4059 qua
2460 3996 2709 4045 consules
2723 4007 2844 4043 ute-

1779 4070 1958 4118 bantur
2003 4073 2055 4119 in
2097 4073 2325 4137 rogandis
2368 4076 2648 4125 sententiis.
2697 4075 2845 4122 Vide

1784 4151 1995 4198 Brisson.
2026 4152 2087 4199 de
2108 4155 2265 4200 Form.
2291 4153 2481 4211 lib.,11.=
