3023 4773
520 418 1046 486 EPISTOLAE
1098 419 1236 486 AD
1284 417 1795 502 ATTICUM‚
1827 416 2011 500 VII,
2058 413 2163 484 16.
2266 413 2398 486 681

280 537 505 606 rentia
558 551 631 607 et
681 535 909 606 Tullia
956 535 1090 607 tibi
1133 540 1527 624 assentior;
1583 536 1674 608 ad
1726 561 1908 635 quas
1946 539 2402 634 scripseram,

274 646 363 720 ad
419 661 487 717 te
534 661 618 717 ut
650 645 1003 718 referrent
1045 677 1062 719 ε
1103 651 1163 720 si
1204 649 1535 721 nondum
1577 646 1920 746 profectae
1965 661 2171 736 sunt,
2219 647 2403 717 nihil

277 770 386 827 est
427 755 622 853 quod
655 781 732 828 se
786 772 1152 848 moveant,
1192 759 1435 857 quoad
1470 760 2026 857 perspiciamuS‚
2077 781 2227 854 quo
2265 757 2404 830 loci

280 868 369 938 sit
398 891 533 938 res,

276 1068 1194 1091 mmmmmmmm
1200 1067 2298 1090 mmssmmmmmmm
2305 1059 2394 1086 m

850 1242 1455 1355 EP‘ISTQLA
1532 1242 1835 1320 XVII.

279 1396 368 1450 De
394 1391 676 1450 mandatis
707 1393 967 1471 Pompeii
996 1393 1069 1452 ad
1101 1399 1384 1453 Caesarem
1417 1394 1680 1472 perlatis3
1705 1392 1779 1451 de
1800 1390 2059 1450 Trebatii
2085 1388 2265 1448 literis
2289 1390 2412 1447 Cae-

357 1490 503 1548 saris
542 1502 750 1565 rogatu
790 1489 864 1546 ad
905 1492 1248 1549 Ciceronem
1289 1491 1549 1570 scriptiS,
1592 1503 1650 1549 et
1688 1490 1804 1549 suis
1849 1488 1923 1546 ad
1966 1508 2061 1546 eas
2099 1485 2407 1564 responsis·

358 1585 450 1664 (In
486 1584 823 1656 Formiano,
860 1604 1011 1644 anno
1042 1592 1117 1647 U.
1147 1593 1208 1647 C.
1241 1598 1386 1665 704,
1412 1608 1607 1646 mense
1637 1583 1977 1661 februaria)

959 1758 1261 1822 CICERO
1306 1761 1621 1825 ATTICO
1666 1761 1728 1825 S.

380 1909 402 1939 ¹
422 1900 590 1968 TuAE
624 1875 841 1974 literae
867 1895 1044 1965 mihi
1072 1911 1288 1993 gratae
1311 1896 1798 1998 jucundaeque
1817 1914 2007 1970 sunt.
2030 1903 2140 1970 De
2166 1897 2411 1995 pueris

280 2013 356 2078 in
414 2009 761 2080 Graeciam
830 2006 1399 2104 transportandis
1455 2023 1615 2078 tum
1684 2008 2126 2107 cogitabam,
2183 2030 2411 2103 quum

284 2116 452 2212 fuga
496 2141 583 2187 ex
612 2117 830 2188 ‘ltalia
863 2117 1090 2213 quaeri
1133 2115 1531 2188 videbatur.
1574 2121 1724 2190 Nos
1765 2122 1958 2190 enim
1996 2118 2413 2216 Hispaniam

280 2241 732 2325 peteremus:
775 2225 911 2296 illis
962 2226 1106 2297 hoc
1154 2252 1357 2325 aeque
1407 2226 1875 2298 commodum
1917 2252 2064 2297 nou
2108 2241 2277 2302 erat.
2305 2230 2438 2296 Tu.
2519 2309 2522 2312 ,

280 2340 434 2436 ipse
464 2361 625 2408 cum
658 2340 914 2408 Sexto²
959 2337 1170 2408 etiam
1206 2361 1403 2409 nunc
1438 2336 1616 2408 mihi
1644 2335 1904 2408 videris
1939 2340 2180 2406 Romae
2215 2348 2410 2406 recte

284 2473 439 2519 esse
505 2473 734 2545 posse.
793 2447 1077 2518 Etenim
1138 2450 1430 2521 minime
1494 2448 1704 2518 amici
1755 2448 2103 2543 Pompeio
2163 2458 2412 2514 nostro

283 2582 435 2629 esse
467 2556 782 2646 debetis:
814 2582 1030 2637 nemo
1060 2560 1254 2627 enim
1285 2581 1631 2654 umquam
1675 2571 1959 2627 tantum
1998 2555 2088 2627 de
2117 2552 2413 2625 urbanis

282 2666 627 2764 praesidiis
660 2666 987 2757 detraxit.
1018 2667 1329 2738 Videsne
1360 2692 1475 2737 me
1504 2669 1719 2737 etiam
1741 2666 2012 2760 jocari?
2052 2665 2244 2737 Scire
2263 2664 2409 2757 jam

283 2788 356 2846 te
398 2789 720 2873 oportet,
749 2781 829 2846 L.
861 2779 1093 2847 Caesar
1120 2801 1281 2872 quae
1310 2801 1656 2874 responsa
1684 2775 1942 2847 referat
1970 2801 2012 2847 a
2038 2776 2411 2872 Pompeio,

283 2910 463 2982 quas
496 2883 586 2955 ab
612 2885 868 2957 eodem
906 2886 997 2958 ad
1025 2890 1368 2959 Caesarem
1398 2884 1577 2957 ferat
1613 2886 1872 2959 literas,
1901 2889 2191 2982 Scriptae
2219 2888 2414 2956 enim

284 3009 358 3066 et
393 2994 573 3067 datae
609 2999 708 3066 ita
733 3012 938 3085 sunt,
968 3012 1051 3068 ut
1077 3011 1666 3095 proponerentur
1691 2999 1766 3066 in
1793 2997 2129 3095 publico:
2160 3000 2235 3065 in
2264 3020 2414 3091 quo

284 3107 611 3177 accusavi
645 3130 929 3176 mecum
972 3107 1123 3204 ipse
1151 3109 1606 3203 Pompeium,
1647 3109 1811 3204 qui,
1849 3131 2075 3205 quum
2108 3109 2418 3202 scriptor

284 3215 694 3286 luculentus
739 3231 964 3304 esset,
1006 3229 1239 3287 tantas
1282 3242 1434 3302 res,
1478 3232 1696 3314 atque
1741 3242 1897 3305 eaS,
1949 3242 2107 3315 quae
2145 3216 2223 3284 in
2265 3238 2415 3284 om-

285 3327 489 3396 nium
521 3350 776 3396 manus
801 3341 1118 3397 venturae
1148 3342 1384 3397 essent
1403 3382 1423 3414 ,
1449 3331 1695 3398 Sextio
1719 3343 1970 3398 nostro
2001 3322 2417 3397 scribendas

285 3431 588 3502 dederit.
638 3435 894 3528 Itaque
950 3431 1126 3502 nihil
1180 3458 1530 3530 umquam
1575 3434 1713 3531 legi
1757 3438 2105 3531 scriptum
2143 3459 2415 3509 σηστιω-

287 3532 568 3651 δέστςρον
590 3535 641 3607 ³.
701 3540 1014 3635 Perspici
1067 3553 1310 3611 tamen
1358 3565 1445 3610 ex
1497 3541 1717 3611 literis
1767 3542 2089 3638 Pompeii
2139 3551 2420 3641 potest,

364 3761 409 3792 ι.
434 3744 594 3811 Epist.
630 3744 734 3791 haec
770 3747 886 3794 oum
912 3763 1022 3794 cum
1053 3748 1302 3811 superiore
1389 3743 1515 3796 nuile
1545 3746 1866 3802 consuluerit,
1896 3745 2018 3793 urbe
2045 3743 2149 3793 sine
2187 3743 2417 3808 prasidio

282 3824 452 3882 juncta
476 3833 591 3871 erat.
624 3824 676 3873 J.
696 3826 760 3871 V.
785 3828 841 3872 L.
1391 3827 1575 3875 relicta.
1602 3829 1742 3875 Μλιτ.

360 3919 408 3950 2.
453 3905 622 3952 Sexto.
649 3902 908 3951 Peducaeo.
950 3905 1050 3966 Qui
1086 3905 1303 3967 Pompeii
1467 3907 1516 3954 3.
1565 3905 1708 3954 Nihil
1744 3921 1975 3970 umquam
2005 3904 2195 3970 legi-..⁰
2224 3920 2423 3957 σηστιω·

289 3997 431 4030 causa
454 3981 699 4031 discedere
718 3999 781 4030 ex
806 3983 936 4030 Urbe
963 4000 1063 4031 non
1092 3983 1307 4041 debetis,
1401 3980 1639 4050 δέοι-ερον.
1710 3984 1872 4049 Magis
1934 3982 2166 4031 Sextiam
2188 4020 2204 4045 ,
2269 3981 2420 4043 magis

289 4077 347 4107 ac
364 4077 425 4107 ne
450 4060 587 4109 illum
616 4062 812 4125 quidem
848 4078 1032 4121 amare;
1062 4064 1147 4125 qni
1173 4062 1313 4110 vobis
1400 4064 1579 4111 insulse
1595 4098 1609 4119 ‚
1633 4063 1768 4126 quod
1787 4063 1852 4110 ita
1872 4062 2050 4110 scribat
2075 4063 2266 4110 Sextius
2282 4095 2298 4122 ,
2315 4059 2417 4107 sive

289 4136 640 4201 locupletibus,
680 4156 737 4188 ac
782 4141 906 4189 bene
928 4142 1183 4189 nummatis
1219 4152 1313 4189 tam
1406 4144 1605 4201 Sestius,
1633 4159 1741 4191 nam
1767 4143 1895 4191 idem
1921 4153 1990 4191 est
2018 4158 2207 4191 nomen.
