3023 4773
712 381 851 453 602
1354 383 1450 450 Μ.
1501 383 1580 450 Τ.
1634 383 2191 455 CICERONIS

712 519 867 574 tum
890 557 910 591 ‚
968 525 1194 600 quum
1267 524 1435 573 cum
1496 505 1917 574 Democrito
1931 502 1991 554 ⁵⁴
2054 520 2187 575 tuo
2241 504 2578 601 loquutus
2623 529 2763 576 sum.

713 615 1061 685 Rhosiaca
1077 608 1141 655 ⁵⁵
1172 636 1339 684 vasa
1371 612 1726 684 mandavi.
1766 612 1907 685 Sed
1943 613 2121 685 heus
2155 629 2236 684 tu
2260 668 2281 702 ‚
2316 613 2489 710 quid
2521 616 2767 710 cogitas?

712 727 789 794 in
848 722 1144 796 felicatis
1197 722 1525 795 lancibus
1552 719 1616 768 ⁵⁶
1685 739 1759 796 et
1824 721 2415 822 splendidissimis
2472 725 2765 809 canistris,

711 833 1052 906 olusculis
1083 859 1218 905 nos
1255 834 1439 907 soles
1473 857 1806 931 pascere3
1853 833 2031 931 quid
2071 849 2143 907 te
2178 835 2252 904 in
2288 835 2468 906 vasis
2496 831 2765 905 fictilibus

712 943 1212 1038 appositurum
1245 941 1545 1037 putem?
1579 945 1782 1035 Κέρας
1806 937 1868 997 57
1907 940 2201 1013 Phemio
2230 938 2631 1010 mandatum
2658 952 2762 1008 est:

711 1052 1153 1148 reperietur-3
1197 1049 1415 1120 modo
1466 1049 1738 1146 aliquid
1787 1049 1912 1121 illo
1952 1051 2252 1147 dignum
2289 1063 2512 1121 canat.
2553 1047 2763 1118 Parthi·

711 1183 878 1230 cum
932 1159 1207 1233 bellum
1253 1158 1650 1256 impendet.
1690 1162 1971 1232 Cassius
2018 1162 2298 1257 ineptas
2334 1160 2566 1229 literas
2604 1159 2760 1228 misit.

711 1267 1039 1339 Necdum
1093 1267 1330 1339 Bibuli
1385 1284 1590 1340 erant
1628 1267 1852 1340 allatae
1887 1298 1902 1340 ε
1948 1268 2218 1365 quibus
2264 1270 2595 1354 recitatis,
2639 1281 2765 1364 puto

709 1374 902 1464 fore,
937 1392 1021 1447 ut
1054 1375 1445 1473 aliquando
1480 1394 2019 1450 commoveatur
2035 1373 2099 1423 ⁵⁸
2137 1393 2451 1449 senatus.
2480 1376 2767 1472 Equidem

710 1509 868 1555 sum
892 1483 957 1543 ⁵9
1003 1511 1262 1585 magna
1301 1492 1526 1559 animi
1569 1486 2135 1586 perturbatione.
2174 1489 2293 1575 Si,
2329 1504 2407 1559 ut
2435 1502 2628 1584 opto,
2657 1509 2765 1555 nou

709 1612 1144 1693 prorogatur
1213 1613 1544 1670 nostrum
1616 1599 2034 1693 negotium3
2114 1597 2355 1670 habeo
2420 1598 2677 1692 junium
2719 1608 2769 1664 et

711 1706 1091 1802 quintilem
1140 1708 1214 1776 in
1263 1722 1484 1779 metu.
1521 1711 1735 1793 Esto;
1780 1706 1926 1777 duo
1962 1705 2259 1802 quidem
2310 1730 2578 1777 menses
2614 1703 2770 1774 susti-

710 1814 914 1887 nebit
959 1815 1274 1888 Bibulus.
1327 1816 1520 1907 Quid
1570 1816 1694 1887 illo
1745 1814 1901 1904 fiet,
1946 1841 2165 1912 quem
2210 1815 2602 1912 reliquerO‚
2637 1836 2768 1910 prae·

615 1921 625 1930 ’
707 1927 953 1996 sertim
998 1930 1053 1997 si
1099 1924 1436 1997 fratrem?
1490 1925 1668 2023 quid
1711 1950 1828 2017 me
1870 1941 2145 2010 autem,
2186 1928 2245 1996 si
2301 1951 2451 1996 non
2500 1940 2627 1995 tam
2667 1923 2770 1992 cito

706 2032 1029 2108 decedo?
1063 2060 1319 2132 magna
1360 2036 1575 2107 turba
1614 2050 1741 2109 est.
1796 2036 1975 2108 Mihi
2012 2051 2256 2107 tamen
2294 2062 2460 2107 cum
2494 2035 2769 2129 Dejotaro

708 2148 1048 2216 convenit
1070 2199 1090 2233 ‚
1130 2161 1212 2217 ut
1244 2147 1365 2219 ille
1396 2148 1471 2217 in
1507 2149 1687 2220 meis
1729 2149 1973 2218 castris
2005 2160 2192 2218 esset
2224 2171 2396 2216 cum
2429 2148 2567 2217 suis
2599 2143 2772 2237 copiis

706 2255 1066 2328 omnibus.
1127 2255 1362 2329 Habet
1416 2272 1658 2329 autem
1711 2257 2050 2329 cohortes
2108 2247 2770 2353 quadringenarias⁶0

704 2446 779 2493 vel
806 2445 965 2504 caede,
992 2461 1093 2493 non
1121 2447 1180 2494 de
1206 2463 1256 2494 re
1278 2446 1498 2493 familiari
1520 2445 1719 2493 decocta
1809 2444 2024 2491 oluscula
2038 2442 2514 2507 apponebas,iisqne
2530 2456 2612 2487 nos
2625 2450 2771 2502 pascere

704 2536 754 2573 et
780 2526 966 2588 perdita
989 2527 1344 2590 accipiendum.
1384 2529 1540 2572 Porro
1574 2531 1720 2576 Mon·
1810 2523 1979 2570 solitus
2007 2540 2056 2570 es
2072 2556 2087 2581 ‚
2110 2538 2260 2585 quum
2289 2532 2517 2585 praeteoea
2542 2518 2699 2566 nullum
2714 2529 2768 2560 es·

702 2604 877 2667 galtius
904 2605 1202 2663 Terentium,
1234 2606 1370 2665 cujus
1395 2604 1478 2651 hic
1504 2601 1566 2651 fit
1586 2619 1720 2650 meu·
1809 2614 1882 2650 set
1899 2602 2156 2649 obsonium
2182 2616 2196 2649 τ
2223 2600 2275 2647 in
2297 2602 2426 2648 vasis
2447 2597 2677 2668 fictilibus,
2692 2607 2771 2655 «1¹²2

705 2683 801 2739 tio,
828 2683 963 2731 illum
990 2686 1151 2748 ipsum
1174 2700 1365 2731 servum
1396 2683 1546 2730 fuisse
1576 2699 1720 2746 quem
1809 2681 2066 2729 humiliora
2092 2690 2204 2727 sunt
2221 2714 2235 2739 ,
2267 2681 2391 2742 quid
2427 2676 2655 2743 appones?
2677 2681 2771 2719 certe

703 2763 895 2815 Atticus
931 2780 959 2809 a
998 2765 1274 2825 Moeragene
1313 2779 1597 2827 recuperare
1637 2779 1722 2810 cu·
1809 2761 1980 2807 viliora
1999 2759 2496 2807 esculentn.MAn.—
2514 2753 2768 2802 Festnstt'e·

702 2840 896 2903 piebat,
921 2841 1165 2904 probabili
1214 2841 1496 2907 conjectura
1541 2853 1721 2890 censet.
1811 2840 1955 2888 licata
1994 2852 2158 2903 patera
2206 2839 2334 2886 dicta
2353 2873 2367 2897 ‚
2405 2836 2536 2902 quod
2573 2834 2628 2882 ad
2659 2828 2772 2878 felir-3⁸

710 2922 924 2967 Setun-z.
1785 2982 1790 2989 ι
1811 2918 1973 2967 herbae
2026 2919 2237 2982 speciem
2307 2920 2372 2966 sit
2442 2916 2611 2964 caelata.
2655 2912 2773 2971 Caper

776 2994 858 3053 54.
888 2995 1064 3046 Multae
1100 2999 1213 3047 edd.
1262 3011 1380 3047 vett.
1421 3001 1721 3065 simpliciter,
1810 2998 2165 3045 Grammaticus
2191 2994 2424 3059 «felicem
2443 2991 2707 3060 nonfilieem
2727 2984 2772 3030 δί

701 3099 725 3117 0·
742 3091 890 3139 quum
922 3077 1202 3126 Democrito
1221 3102 1262 3125 n.
1288 3081 1350 3126 Et
1366 3078 1460 3136 sic,
1498 3080 1720 3127 Ernestio
1810 3076 2015 3123 cendum
2038 3098 2079 3122 n.
2107 3077 2200 3122 En.
2228 3103 2299 3111 —
2315 3075 2447 3124 Olim
2476 3080 2699 3134 corrupt&
2721 3064 2772 3111 ὦ·

702 3165 822 3202 teste
836 3189 850 3213 ‚
866 3156 961 3203 dici
981 3168 1155 3220 potest.
1175 3157 1380 3220 Vulgata
1399 3169 1561 3221 autem
1572 3158 1721 3206 lectio
1795 3154 2069 3220 felicitatis.
2088 3158 2140 3203 J.
2164 3157 2225 3200 V.
2252 3156 2306 3201 L.

699 3234 823 3282 male
850 3235 1047 3283 auribus
1063 3247 1221 3284 sonat.
1252 3236 1299 3284 J.
1314 3237 1377 3282 V.
1397 3238 1452 3283 L.
1883 3235 1968 3295 57.
1995 3234 2169 3301 Κέρας.
2195 3234 2321 3282 Vide
2338 3234 2425 3281 lib.
2445 3234 2511 3292 V,
2530 3246 2604 3293 ep.
2623 3240 2694 3273 ²1·

774 3314 856 3361 55.
884 3313 1142 3362 mosiaco.
1158 3315 1350 3362 libosus
1368 3315 1485 3361 urbs
1508 3324 1612 3362 erat
1630 3314 1718 3361 sita
1880 3314 1964 3361 58.
1999 3313 2286 3377 Aliquando
2320 3318 2665 3359 commoveatur.
2700 3298 2774 3348 ΔΕ·

701 3394 751 3439 in
771 3393 880 3440 sinu
903 3392 1083 3439 Issico:
1120 3392 1180 3440 de
1214 3409 1309 3457 qua
1336 3393 1513 3441 Strabo
1547 3405 1597 3441 et
1627 3393 1722 3440 Pli-
1807 3393 2006 3455 quando
2019 3391 2232 3440 Parthici
2250 3393 2367 3440 belli
2399 3405 2556 3438 curam
2575 3380 2772 3445 suscipi*

702 3472 829 3520 nius.
859 3471 916 3518 1d
948 3471 1184 3536 oppidum
1225 3470 1588 3519 celeberrimum
1618 3483 1718 3519 erat
1806 3470 1955 3532 Quod
1981 3488 2083 3520 nou
2108 3470 2210 3520 esse
2243 3473 2547 3529 consectum,
2573 3479 2627 3513 ex
2649 3455 2775 3510 Bibuli

704 3551 829 3597 vasis
852 3549 1114 3611 fictilibus,
1146 3568 1254 3617 quae
1280 3552 1347 3599 ibi
1374 3550 1573 3599 fiebant.
1598 3550 1716 3600 Ideo
1805 3551 1957 3598 literis
1975 3551 2246 3614 intelliget3
2274 3562 2442 3597 contra
2470 3562 2601 3612 quam
2624 3539 2774 3591 01κίῦὸ

701 3622 894 3677 Atticus
925 3631 1123 3679 volebat
1156 3630 1345 3696 aliquot
1372 3631 1486 3678 inde
1513 3631 1606 3679 sibi
1634 3647 1720 3678 cu·
1769 3638 1772 3641 '
1807 3630 2016 3693 scripsit.
2043 3630 2201 3693 Epist.
2227 3629 2481 3688 21‚1tb.v.
2503 3627 2625 3674 Mm-

703 3709 797 3755 rari
814 3744 829 3768 ,
855 3726 964 3773 quae
983 3712 1155 3760 Cicero
1176 3711 1345 3759 scribit
1376 3728 1425 3758 se
1450 3711 1718 3759 mandasse.
1883 3710 1966 3771 59.
2004 3711 2192 3757 Ernest.
2224 3708 2361 3755 aoldit
2387 3707 2462 3762 in,
2492 3701 2617 3768 quod
2644 3698 2774 3745 ‘W‘

701 3789 897 3837 Bosms.
1811 3800 1948 3855 ptum
1976 3800 2116 3852 putat
2140 3805 2166 3836 a
2186 3789 2322 3836 litera
2342 3806 2388 3835 m
2406 3782 2627 3850 sequenti.
2651 3769 2775 3824 Nobss

773 3866 856 3913 56.
883 3868 1135 3918 Lancibus.
1163 3869 1314 3917 Jocus
1328 3902 1343 3927 ,
1375 3868 1487 3931 quin
1514 3868 1724 3932 scripse·
1810 3885 1927 3917 vcro
1946 3868 2069 3915 nihil
2086 3867 2364 3915 addendum
2388 3866 2582 3913 videtur.
2598 3862 2627 3907 J
2633 3892 2645 3905 ·
2664 3856 2715 3901 V·
2731 3853 2774 3895 ι·

703 3956 779 3992 rat
826 3946 1042 4003 Atticus,
1080 3951 1206 3996 vasis
1250 3946 1484 3996 fictilibus
1531 3945 1582 3995 οὲ
1622 3965 1724 3995 etse
1777 3942 1780 3945 “
1880 3948 1963 3996 60.
1985 3948 2450 4013 quadringenarias.
2469 3947 2581 4007 Quae
2592 3932 2774 4001 qffldffl'·

702 4037 918 4073 usurum.
967 4025 1128 4086 Quid,
1177 4028 1359 4089 inquit,
1412 4028 1629 4091 cogitas?
1675 4029 1724 4075 in
1812 4043 1963 4091 genos
1977 4027 2152 4074 milites
2172 4028 2579 4086 continuantia·
2595 4010 2773 4063 exutio·

704 4100 949 4165 lancibus,
983 4115 1030 4149 et
1068 4105 1457 4167 splendidissimis
1500 4108 1724 4155 canistris
1812 4123 1873 4154 nc
1919 4108 1983 4154 30
2031 4107 2285 4167 cohortes,
2327 4116 2462 4153 erunt
2504 4115 2557 4147 ¹²
2593 4092 2766 4160 peditum
