3023 4773
625 425 760 497 288

1250 414 1346 490 M.
1397 424 1475 490 T.
1529 422 2111 493 CICERONIS

618 573 698 619 ea
736 569 1000 642 quaero.
1054 540 1458 639 Lentulus?
1502 568 1717 613 naves
1753 568 1916 614 suas
1956 512 2355 640 pollicetur.
2402 542 2575 614 Peto
2610 540 2740 617 abs

619 673 729 743 te,
779 669 857 726 ut
906 654 1055 724 haec
1107 676 1314 723 cures
1354 651 1754 747 diligenter.
1799 652 2072 723 Chilius
2115 668 2184 723 te
2223 665 2458 748 rogat,
2499 666 2571 722 et
2603 676 2738 748 ego

618 773 772 865 ejus
808 783 1102 864 rogata,
1139 762 1549 863 Εὐμολπιδῶν
1595 772 1829 864 πάτρια
1880 818 1896 835 .

685 962 729 1008 3.
755 961 1001 1008 Leuetdm.
1039 948 1162 1021 Quis
1191 959 1363 1015 suerit,
1390 957 1635 1007 incertum

612 1053 685 1089 est
709 1055 722 1090 :
748 1039 831 1087 sed
857 1038 1100 1088 Corradus
1135 1035 1342 1083 affirmat
1363 1048 1633 1085 senatorem

616 1136 717 1167 nou
745 1118 921 1175 fuisse,
949 1132 1071 1179 quos
1108 1116 1341 1178 negotiari
1371 1126 1514 1179 turpe
1542 1132 1636 1179 pn-

619 1198 826 1246 tabstnr.
848 1199 954 1243 Imo
988 1204 1036 1241 et
1070 1195 1174 1258 lege
1208 1193 1406 1242 Claudia
1440 1206 1635 1241 cnutum

617 1287 717 1323 erat
757 1291 818 1323 ne
848 1275 959 1337 qni!
988 1284 1207 1332 senator,
1234 1274 1378 1336 quive
1400 1275 1635 1322 senatoris

616 1365 752 1419 pater
777 1351 968 1410 fuisset,
993 1347 1278 1399 maritimam
1307 1368 1500 1410 navem,
1525 1369 1634 1415 quae

615 1435 727 1497 plus
763 1448 905 1496 quam
938 1442 1255 1479 trecentarum
1294 1431 1629 1494 amphorarum

614 1524 762 1570 esset,
777 1511 994 1559 haberet.
1013 1513 1103 1559 En.

687 1601 737 1646 4.
765 1585 1078 1657 Εὐμολπιδῶν
1097 1587 1295 1656 πάτριαι.
1322 1588 1630 1657 Eumolpida-

615 1686 724 1717 rum
755 1671 876 1717 ritus
899 1670 1097 1734 patrios.
1132 1670 1245 1718 Non
1273 1678 1342 1716 est
1363 1678 1421 1715 ut
1447 1667 1528 1715 hic
1561 1668 1630 1714 in·

1843 761 1872 808 4

1722 966 1911 1005 tantum
1940 957 2112 1022 mystis
2136 958 2240 1004 noti
2275 966 2437 1016 emm,
2465 968 2511 1011 et
2528 959 2629 1004 sine
2649 974 2735 1006 αι-

1723 1038 1838 1101 pitis
1873 1036 2091 1099 periculo
2124 1037 2312 1099 vulgari
2347 1052 2448 1084 nou
2481 1047 2736 1099 poterant,

1723 1117 1811 1163 sed
1846 1116 1927 1163 illa
1960 1132 2091 1163 sacra
2125 1128 2175 1164 et
2202 1117 2524 1173 cni-imorum,
2559 1116 2737 1178 quibus

1722 1196 1774 1243 iu
1800 1194 2039 1243 Eleusinis
2066 1195 2364 1243 celebrandis
2398 1195 2657 1243 utebantur
2681 1195 2736 1240 in

1723 1275 1939 1321 omnium
1976 1273 2130 1321 oculis
2163 1272 2496 1337 Eumolpidae‚
2523 1288 2738 1336 quasque

1720 1364 1879 1416 poetae
1912 1365 1962 1400 et
2001 1354 2148 1417 prisci
2185 1354 2444 1416 scriptores
2481 1353 2561 1399 alii
2599 1367 2737 1399 com-

1721 1444 1989 1479 memorant
2021 1434 2223 1495 passim3
2250 1445 2334 1480 aut
2365 1434 2492 1480 forte
2526 1448 2615 1496 per
2635 1433 2738 1477 Eu-

1719 1511 1959 1574 molpidas
2002 1511 2227 1575 intelligit
2263 1522 2388 1559 tecte
2424 1512 2556 1575 ipsos
2589 1510 2738 1558 Athe-

1716 1590 1908 1636 nienses
1924 1624 1938 1649 ,
1974 1600 2029 1637 nt
2052 1591 2246 1653 petierit
2273 1590 2459 1639 Chilius
2477 1590 2736 1637 Athenien-

1718 1669 1842 1717 sium
1864 1668 1992 1731 leges
2020 1679 2069 1716 et
2087 1669 2390 1732 disciplinam
2414 1668 2507 1716 sibi
2527 1668 2738 1715 describi

615 1749 893 1813 telligantnr
933 1749 1051 1794 ritus
1090 1747 1162 1793 illi
1202 1747 1505 1803 secretiores,
1546 1747 1631 1808 qui
1718 1758 1768 1794 et
1794 1747 1935 1796 mitti.
1958 1750 2132 1797 (ἔμεν.

616 1930 705 1953 m
710 1932 977 1955 mmm·-
985 1928 1445 1955 vammum
1450 1926 1716 1949 mmm
1721 1929 2637 1951 mmmmmmmmm
2642 1922 2733 1949 Μ

1293 2095 1897 2175 EPISTOLA
1968 2098 2067 2174 X.

614 2260 956 2318 Brevitatem
983 2260 1239 2338 epistolae
1272 2271 1525 2315 excusat.
1570 2263 1657 2316 De
1687 2260 1937 2317 Lucceio
1979 2259 2263 2336 placando
2296 2259 2622 2336 pollicetur.
2651 2264 2731 2319 Ut

691 2358 871 2433 signa,
896 2357 1122 2435 aliaque
1147 2366 1481 2413 ornamenta
1505 2355 1820 2414 Tusculani
1853 2356 2060 2427 mittat,
2082 2355 2374 2433 librosque
2403 2355 2513 2414 sihi
2545 2376 2733 2416 reser-

697 2466 822 2523 vet,
878 2454 1040 2529 petit.
1099 2451 1375 2523 Quintum
1432 2450 1669 2510 fratrem
1714 2452 1884 2509 uxori
1929 2454 2261 2529 Pomponiae
2304 2453 2733 2511 reconciliatum

693 2553 919 2618 nuntiat
944 2574 956 2607 :
1007 2552 1080 2610 ad
1109 2550 1336 2612 comitia
1371 2570 1475 2608 sua
1503 2551 1755 2609 Atticum
1781 2552 1983 2610 venire
2015 2551 2158 2610 nihil
2189 2572 2336 2628 opus
2371 2572 2493 2611 esse
2517 2565 2731 2612 monet.

689 2647 936 2707 Tulliam
975 2646 1374 2704 munusculum
1422 2646 1633 2704 iterum
1670 2648 1984 2726 appellare.
2032 2649 2133 2724 (In
2165 2649 2527 2718 Tusculano,
2580 2669 2732 2706 anno

693 2751 761 2805 U.
789 2748 851 2802 c.
881 2743 1041 2821 686.)

1267 2881 1583 2945 CICERO
1632 2879 1954 2947 ATTICO
2001 2885 2061 2948 S.

707 3026 934 3113 QUUM
977 3047 1200 3093 essem
1249 3023 1323 3089 in
1367 3019 1773 3091 Tusculano
1802 3033 1818 3064 ¹
1875 3022 2057 3116 (erit
2092 3022 2231 3093 hoc
2268 3024 2397 3095 tibi
2436 3049 2569 3123 pro
2606 3028 2732 3099 illo

611 3149 771 3222 tu0,
812 3135 1052 3221 Quum
1089 3155 1317 3201 essem
1345 3134 1417 3199 in
1451 3131 1941 3226 Ceramico2)‚
1978 3148 2467 3204 verumtamen
2497 3161 2727 3231 quum

610 3244 711 3314 ibi
750 3267 976 3314 essem
995 3296 1014 3326 ‚
1049 3245 1274 3309 Roma
1307 3264 1510 3335 puer,
1537 3264 1574 3309 a
1604 3265 1854 3311 sorore
1883 3256 2003 3310 tua
2034 3243 2324 3329 missus,
2354 3244 2723 3339 epistolam

612 3355 787 3426 mihi
825 3352 951 3423 abs
988 3366 1058 3420 te
1094 3350 1373 3419 allatam
1408 3348 1643 3439 dedit,
1688 3355 2192 3449 nuntiavitque
2216 3408 2234 3440 ‚
2286 3379 2370 3423 eo
2415 3356 2565 3449 ipso
2604 3354 2727 3425 die

611 3479 776 3560 post
802 3459 1174 3532 meridiem
1198 3462 1467 3530 iturum
1501 3486 1665 3531 eum
1687 3459 1740 3549 ³,
1761 3466 1888 3558 qui
1915 3460 2005 3532 ad
2034 3477 2104 3532 te
2136 3463 2725 3560 proficisceretur.

687 3675 734 3707 1.
767 3659 922 3720 Quum
948 3673 1094 3704 essem
1116 3654 1166 3702 ἰιι
1190 3656 1480 3702 Tusculano.
1501 3656 1627 3703 Atli-
1791 3672 1837 3703 2.
1868 3658 1927 3703 In
1962 3657 2224 3705 Ceramico.
2264 3658 2466 3706 Athenis
2508 3659 2694 3707 scilicet
2718 3697 2733 3720 ‚

608 3755 694 3786 eus
723 3736 819 3784 hoc
852 3735 1066 3799 epistolae
1088 3735 1333 3798 principio
1354 3751 1466 3788 usus
1493 3744 1621 3794 erat,
1712 3734 1795 3782 ubi
1822 3735 1909 3783 illo
1933 3747 2152 3799 Jempore
2172 3737 2369 3785 Atticus
2398 3739 2735 3786 commoraba-

609 3840 634 3858 ιι
658 3818 820 3877 Quum
845 3831 996 3863 essem
1029 3814 1082 3861 in
1109 3815 1355 3862 Ceramico
1370 3837 1392 3855 ι»
1413 3828 1425 3862 :
1474 3830 1617 3877 quem
1706 3825 1802 3863 tur.
1824 3817 1937 3863 Sca.
2069 3864 2079 3874 ,

606 3896 778 3944 Cicero
815 3893 1062 3953 imitatus,
1101 3903 1149 3941 et
1192 3894 1296 3957 ipse
1334 3895 1401 3940 ita
1438 3893 1617 3957 coepit,
1780 3894 1827 3940 3.
1858 3895 1983 3940 Eum
2010 3892 2298 3942 delendum:
2331 3912 2420 3943 nec
2438 3896 2553 3944 addi
2574 3897 2730 3956 solet,

606 3998 630 4015 «
649 3975 812 4036 Quum
839 3988 987 4020 essem
1013 3973 1062 4018 in
1088 3974 1363 4026 Tusculano
1387 3995 1427 4022 ι.
1472 3975 1618 4022 Mur.
1706 3984 1752 4019 et
1777 3972 1855 4018 hic
1883 3973 1934 4019 in
1964 3973 2137 4019 vicinia
2170 3990 2224 4020 eo
2262 3974 2337 4022 bis
2372 3977 2521 4040 positi
2559 3977 2727 4041 friget.

604 4049 801 4098 -vide
830 4051 891 4097 de
919 4049 1103 4113 duplici
1131 4052 1382 4100 Ceramico
1401 4052 1618 4101 libellum
1707 4052 1923 4098 Eunus-r.
1944 4079 1999 4087 ——
2024 4054 2149 4098 Eum
2179 4063 2337 4101 tamen
2360 4056 2477 4104 sch.
2497 4059 2729 4115 servavit,

602 4133 676 4182 Cl.
698 4130 902 4178 ,Ioannis
924 4128 1142 4176 Mem-sii.
1174 4131 1341 4177 (ἷκεν.
1708 4129 1838 4177 nulla
1867 4129 2031 4177 addita
2059 4147 2215 4181 causa.
2247 4134 2336 4182 En.
