3023 4773
669 395 811 484 434
1304 398 1400 463 M.
1453 397 1529 462 T.
1584 393 2142 466 CICERONIS

662 521 1086 615 Pompeium
1123 517 1403 612 scripsi,
1454 517 1615 585 misi
1661 512 1812 585 tibi.
1852 518 2012 585 Dat.
2044 538 2152 583 1111
2187 511 2326 583 kal.
2362 512 2520 608 jun.
2558 510 2774 586 Thes-

667 627 1014 700 salonicae.

664 819 1026 841 mmmm
1030 817 2001 839 mmmmmmm
2008 818 2679 838 §mmmmmm
2684 820 2771 838 m

1309 992 1903 1071 EPISTOLA
1971 994 2120 1071 IX.

657 1154 745 1208 De
773 1147 964 1206 fratris
991 1144 1224 1203 videndi
1263 1145 1565 1203 occasione
1593 1146 1858 1203 consulto
1891 1144 2086 1202 vitata.
2113 1148 2202 1203 De
2240 1163 2343 1222 spe
2371 1143 2620 1203 melioris
2650 1144 2772 1203 for-

738 1259 889 1302 tunae
912 1241 984 1300 ab
1000 1242 1193 1301 Attico
1215 1241 1395 1312 sacta3
1424 1239 1496 1298 de
1521 1241 1704 1298 causis
1722 1260 1851 1318 quae
1871 1239 2059 1318 ipsum
2082 1240 2506 1298 Thessalonicae
2526 1253 2770 1299 teneant.

734 1337 1173 1410 (Thessalonicae
1188 1381 1205 1410 ,
1230 1356 1381 1394 anno
1403 1341 1475 1396 U.
1496 1340 1557 1395 C.
1581 1335 1726 1412 695,
1759 1355 1953 1392 mense
1970 1333 2184 1413 junio.)

1315 1513 1629 1579 CICERO
1676 1513 1998 1578 ATTICO
2046 1513 2111 1578 S.

676 1647 691 1662 ⁸
745 1660 1071 1746 anwrus
1112 1650 1331 1746 frater
1369 1674 1599 1747 quum
1640 1676 1726 1721 ex
1767 1653 1930 1722 Asia
1968 1651 2400 1725 discessisset
2434 1670 2604 1726 ante
2630 1655 2758 1728 kal.

651 1769 813 1837 mai.
857 1780 928 1836 et
962 1764 1273 1834 Athenas
1310 1763 1614 1832 venisset
1651 1759 1819 1831 idib.
1847 1761 2051 1833 valde
2084 1761 2221 1834 fuit
2258 1767 2326 1835 ei
2371 1789 2760 1862 properan-

650 1874 866 1962 dum,
910 1898 1001 1943 ne
1047 1871 1224 1968 quid
1261 1870 1519 1941 absens
1545 1882 1564 1912 ¹
1608 1874 1959 1969 acciperet
2001 1872 2415 1944 calamitatis
2440 1929 2459 1961 ‚
2503 1878 2561 1945 si
2605 1880 2763 1972 quis

647 1983 832 2054 forte
881 1981 1167 2067 fuisset,
1220 1982 1348 2077 qui
1394 1996 1780 2050 contentus
1824 1983 2086 2051 nostris
2131 1982 2333 2053 malis
2371 2007 2522 2053 non
2562 2000 2760 2056 esset.

648 2098 899 2188 Itaque
937 2113 1102 2161 eum
1158 2089 1375 2159 malui
1432 2114 1820 2187 properare
1862 2096 2203 2180 Romam,
2245 2116 2463 2189 quam
2517 2093 2605 2164 ad
2649 2119 2761 2166 me

642 2203 927 2271 venire:
970 2213 1042 2269 et
1082 2199 1292 2270 simul
1334 2198 1613 2295 (dicam
1657 2203 1890 2286 enim,
1926 2201 2125 2297 quod
2174 2227 2424 2274 verum
2476 2217 2584 2274 est
2613 2259 2632 2291 ‚
2677 2230 2760 2275 ex

643 2335 793 2408 quo
844 2308 1412 2407 magnitudinem
1460 2310 1909 2379 miseriarum
1967 2335 2291 2381 mearum
2350 2315 2760 2411 perspicere

643 2422 923 2518 possis)
977 2421 1295 2489 animum
1346 2417 1689 2490 inducere
1732 2444 1878 2489 non
1919 2423 2171 2516 potui,
2223 2436 2306 2491 ut
2352 2436 2478 2491 aut
2519 2421 2759 2503 illum,

641 2530 1206 2601 amantissimum
1246 2533 1428 2615 mei,
1457 2528 1881 2599 mollissimo
1919 2532 2195 2610 anime.
2231 2544 2438 2601 tanto
2470 2534 2547 2601 in
2580 2556 2759 2601 moe·

642 2664 807 2710 rore
836 2638 1276 2735 adspicerem
1301 2664 1320 2723 3
1350 2653 1472 2708 aut
1504 2662 1695 2709 meas
1725 2641 2078 2728 miseria5‚
2112 2640 2312 2711 luctu
2345 2638 2666 2724 afflictas,
2691 2655 2762 2711 et

637 2748 987 2846 perditam
1019 2743 1381 2816 fortunam
1408 2802 1426 2835 ‚
1469 2747 1568 2817 illi
1621 2745 1992 2836 offerrem,
2033 2764 2158 2820 aut
2197 2747 2290 2820 ab
2328 2749 2452 2820 illo
2490 2749 2757 2848 adspici

636 2873 941 2956 paterer.
986 2859 1223 2953 Atque
1269 2858 1480 2927 etiam
1520 2855 1699 2926 illud
1741 2856 2077 2928 timebam
2110 2912 2129 2943 ‚
2187 2857 2387 2953 quod
2433 2856 2761 2954 profecto

634 2966 1043 3049 accidisset,
1096 2991 1188 3036 ne
1239 2990 1278 3036 a
1324 2991 1438 3036 me
1475 2964 1750 3062 digredi
1817 2992 1964 3038 non
2018 2983 2276 3065 posset.
2328 2966 2764 3039 Versabatur

637 3075 812 3146 mihi
839 3090 1127 3172 tempus
1154 3074 1331 3145 illud
1360 3090 1526 3145 ante
1556 3077 1843 3164 ocuIOS,
1887 3102 2114 3174 quum
2157 3077 2276 3148 ille
2316 3091 2439 3147 aut
2472 3079 2762 3149 lictores

634 3187 1093 3271 dimitteret&
1116 3198 1241 3255 aut
1257 3185 1327 3252 vi
1352 3184 1779 3256 avelleretur
1797 3210 1886 3257 ex
1911 3186 2293 3284 complexu
2312 3210 2500 3257 meo,
2524 3188 2761 3282 Hujus

633 3295 1034 3367 acerbitatis
1067 3307 1406 3364 eventum
1437 3293 1657 3365 altera
1697 3295 2084 3367 acerbitate
2109 3321 2257 3366 non
2296 3294 2586 3366 videndi
2620 3295 2762 3366 fra-

635 3400 759 3476 tris
793 3404 1030 3475 vitavi.
1068 3402 1169 3487 In,
1193 3400 1391 3473 hunc
1423 3425 1540 3474 me
1576 3429 1817 3475 casum
1850 3431 2015 3492 vos,
2057 3403 2342 3475 vivendi
2383 3420 2716 3475 auctores
2737 3459 2760 3491 ‚

632 3514 1017 3610 impulistis
1051 3538 1066 3580 ε
1109 3515 1348 3607 itaque
1378 3514 1519 3583 mei
1550 3516 1819 3610 peccati
1846 3514 1969 3585 luo
1996 3538 2266 3611 poenas,
2296 3517 2756 3609 Quamquam

633 3645 746 3690 me
793 3635 930 3691 tuae
974 3619 1193 3689 literae
1241 3635 1645 3692 sustentant
1703 3650 1718 3691 ε
1763 3648 1850 3693 ex
1909 3622 2217 3720 quibu5‚
2276 3637 2628 3718 quantum
2671 3637 2757 3693 tu

703 3855 751 3893 ι.
782 3840 858 3886 Ne
887 3840 1010 3904 quid
1031 3841 1221 3889 absens.
1262 3839 1337 3887 Ne
1364 3839 1536 3889 absens
1561 3856 1643 3888 ac·
1731 3840 1913 3889 luisset.
1943 3841 2067 3890 Nam
2096 3841 2380 3905 imperatori
2410 3843 2641 3891 transitus
2665 3859 2758 3906 per

626 3930 885 3965 cusat-etur.
912 3919 1055 3967 Conf.
1081 3935 1159 3983 cp.
1181 3919 1494 3984 superiorem.
1515 3921 1605 3969 Eo.
1731 3919 1932 3967 alienam
1967 3920 2269 3984 provinciam
2307 3921 2539 3982 dabatur,
2574 3922 2752 3968 morari

696 4012 748 4044 a.
784 3996 992 4043 Liceat-es
1025 3996 1301 4046 dimittent.
1342 3998 1442 4060 Qui
1475 3997 1640 4046 dimit·
1731 3997 1912 4045 diutins
1930 3998 1983 4046 in
2000 4015 2052 4047 ea
2072 4014 2184 4048 cum
2202 3999 2410 4062 imperio
2430 4015 2533 4049 non
2551 4000 2748 4050 licebat.

620 4074 755 4123 tendi
782 4074 979 4121 fuissent
995 4108 1010 4130 ‚
1045 4075 1087 4122 si
1112 4091 1300 4124 mecum
1330 4091 1526 4125 manere
1553 4090 1640 4123 vo·
1729 4076 1866 4122 Mur.
