3023 4773
687 389 827 477 436
1312 395 1407 461 M.
1459 396 1536 462 T.
1592 396 2175 469 CICERONIS

683 585 864 604 mm
869 582 1321 604 mmmm
1325 585 2789 614 mmmmm-”mmmmm

1352 762 1974 844 EPISTOLA
2027 768 2125 844 X.

680 922 901 1008 ¹Scribit
925 941 1004 993 se,
1027 921 1299 999 quoniam
1326 921 1494 978 amici
1522 923 1727 990 velint,
1752 922 1901 983 bene
1924 923 1997 982 de
2022 926 2250 983 fortuna
2275 944 2380 983 sua
2406 938 2765 1004 speraturam
2780 951 2796 984 :

692 1023 699 1092 j
762 1038 921 1077 suam
953 1031 1140 1075 tamen
1169 1017 1546 1075 calamitatem
1577 1018 1656 1076 ita
1690 1038 1953 1096 magnam
1983 1039 2132 1093 esse,
2182 1033 2247 1078 ut
2273 1019 2346 1078 ab
2374 1022 2566 1080 Attico
2603 1026 2802 1101 potius

761 1113 1133 1184 relevandus,
1153 1132 1324 1191 quam
1350 1112 1427 1171 ob
1452 1115 1631 1172 animi
1659 1114 2044 1174 infirmitatem
2064 1117 2457 1195 objurgandus
2479 1119 2571 1181 sit.
2591 1119 2801 1197 (Thes-

740 1211 1050 1281 salonicae,
1078 1229 1231 1268 anno
1254 1215 1325 1270 U.
1352 1213 1416 1269 C.
1445 1210 1588 1287 695,
1621 1231 1815 1270 mense
1835 1211 2045 1291 junio.)

1349 1388 1662 1452 CICERO
1711 1388 2016 1452 ATTICO
2058 1389 2121 1452 S.

774 1533 970 1598 Ac‘rA
1004 1550 1166 1623 quae
1194 1541 1431 1598 essent
1456 1550 1689 1622 usque
1714 1525 1802 1597 ad
1829 1552 1957 1597 vn1
1989 1526 2276 1599 kalend.
2300 1528 2459 1622 jun.
2487 1533 2789 1626 cognovi

679 1666 766 1711 ex
795 1641 936 1710 tuis
970 1636 1212 1708 literis.
1255 1635 1552 1731 Reliqua
1575 1644 1593 1677 ¹
1620 1635 2252 1732 exspectabam,ut
2288 1635 2421 1707 tibi
2445 1637 2790 1735 placebat,

678 1749 1195 1820 Thessalonicae
1227 1774 1242 1814 :
1273 1743 1543 1842 quibus
1576 1744 1838 1833 allatis,
1873 1744 2146 1816 facilius
2176 1760 2486 1818 statuere
2505 1763 2789 1846 potero,

678 1858 807 1929 ubi
842 1861 998 1930 sim.
1043 1858 1261 1940 Nam,
1300 1855 1358 1923 si
1401 1855 1535 1924 erit
1581 1879 1827 1938 causa,
1865 1858 1923 1925 si
1963 1856 2137 1952 quid
2182 1871 2453 1953 agetur,
2496 1861 2555 1928 si
2590 1883 2789 1956 spem

676 1970 956 2054 videro,
984 1979 1106 2036 aut
1128 1964 1395 2035 ibidem
1421 1967 1778 2063 opperiar,
1815 1981 1940 2036 aut
1972 1990 2089 2037 me
2127 1967 2215 2036 ad
2251 1977 2369 2037 te²
2394 1966 2787 2039 conferam.-

677 2082 788 2148 sin
812 2132 830 2163 ,
864 2092 945 2147 ut
980 2092 1059 2146 tu
1096 2073 1374 2161 scribis,
1405 2078 1539 2145 ista
1572 2080 2029 2163 evanuerint,
2060 2074 2331 2171 aliquid
2368 2075 2562 2147 aliud
2592 2078 2789 2150 vide-

673 2189 936 2258 bimus,
973 2189 1291 2256 Omnino
1316 2183 1555 2255 adhuc
1582 2184 1759 2254 nihil
1788 2183 1963 2253 mihi
1996 2183 2438 2282 significatis,
2481 2187 2615 2256 nisi
2654 2186 2794 2258 dis-

675 2297 994 2370 cordiam
1030 2298 1374 2380 istorum3
1419 2318 1581 2390 quae
1625 2309 1864 2363 tamen
1911 2296 2098 2363 inter
2144 2317 2269 2363 eos
2315 2292 2406 2364 de
2447 2294 2795 2366 omnibus

673 2410 916 2508 potius
951 2405 1170 2477 r'ebus
1210 2418 1353 2492 est,
1397 2429 1616 2500 quam
1651 2402 1741 2474 de
1778 2427 1910 2473 me.
1957 2408 2244 2498 Itaque,
2280 2403 2457 2499 quid
2495 2429 2579 2474 ea
2615 2405 2794 2475 mihi

676 2522 936 2617 prosit,
992 2517 1255 2586 nescio.
1308 2513 1443 2584 Sed
1501 2528 1742 2583 tamen
1768 2566 1786 2599 ,
1842 2511 2084 2609 quoad
2146 2536 2261 2583 me
2326 2537 2449 2582 vos
2506 2538 2796 2612 sperare

676 2628 923 2715 vultis,
958 2624 1164 2696 vobis
1196 2621 1740 2721 obtemperabo.

764 2740 945 2808 Nam
981 2733 1179 2831 quod
1211 2758 1326 2803 me
1363 2748 1508 2803 tam
1543 2757 1728 2829 saepe
1766 2746 1839 2801 et
1865 2745 2007 2801 tam
2046 2732 2512 2805 vehementer
2541 2733 2793 2831 objur-

673 2874 792 2945 gas
816 2903 835 2935 ‚
894 2861 965 2918 et
1018 2848 1262 2916 animo
1331 2843 1621 2913 infirmo
1685 2866 1837 2913 esse
1894 2841 2106 2931 dicis,
2163 2868 2405 2940 quaeso
2430 2898 2448 2931 ‚
2503 2846 2796 2942 ecquod

672 2973 955 3029 tantum
989 2955 1257 3026 malum
1297 2968 1441 3039 est,
1491 2953 1691 3049 quod
1729 2958 1801 3022 in
1846 2978 2001 3024 mea
2034 2953 2429 3024 calamitate
2463 2978 2614 3024 non
2653 2956 2796 3025 sit?

674 3068 919 3165 ecquis
971 3088 1318 3160 umquam
1363 3078 1511 3132 tam
1563 3087 1652 3132 ex
1707 3064 1949 3160 amplo
1997 3077 2180 3134 statu
2208 3114 2228 3149 ,
2275 3078 2421 3134 tam
2470 3064 2546 3132 in
2593 3062 2795 3135 bona

670 3203 919 3260 causa,
974 3177 1190 3244 tantis
1249 3170 1708 3271 facultatibus
1769 3174 2076 3270 ingenii,
2134 3172 2459 3260 consilii,
2511 3176 2794 3270 gratiae,

671 3289 890 3360 tantis
923 3283 1267 3382 praesidiis
1304 3281 1676 3354 bonorum
1714 3284 2035 3352 omnium
2056 3335 2074 3368 ,
2107 3281 2464 3352 concidit?
2489 3307 2790 3378 possum

669 3396 1027 3481 oblivisci,
1064 3395 1192 3489 qui
1229 3390 1535 3463 fuerim?
1568 3418 1718 3463 non
1758 3395 2062 3479 sentire,
2099 3393 2224 3489 qui
2262 3392 2436 3461 sim?
2474 3415 2626 3488 quo
2668 3417 2786 3463 ca-

664 3531 860 3578 ream
890 3502 1218 3575 honore?
1253 3527 1399 3599 qua
1424 3501 1692 3599 gloria?
1724 3503 1991 3600 quibus
2025 3500 2316 3572 liberis?
2345 3502 2604 3597 quibus
2643 3499 2791 3572 for-

665 3615 905 3686 tunis?
946 3637 1095 3709 quo
1141 3608 1404 3682 fratre?
1443 3636 1663 3708 quem
1706 3636 1840 3709 ego
1885 3612 2011 3707 (ut
2056 3635 2320 3682 novum
2353 3610 2788 3683 calamitatis

661 3748 888 3821 genus
906 3720 1262 3816 attendas)
1281 3746 1508 3819 quum
1533 3721 1756 3820 pluris
1784 3719 2115 3811 facerem,
2133 3744 2352 3817 quam
2377 3743 2493 3790 me
2521 3724 2786 3818 ipsum,

660 3854 1092 3929 semperque
1120 3831 1481 3918 fecissem,
1507 3833 1759 3919 vitavi,
1785 3855 1879 3901 ne
1918 3830 2277 3917 viderem;
2311 3856 2401 3901 ne
2432 3845 2558 3900 aut
2594 3830 2787 3901 illius

731 4042 775 4074 ι.
797 4024 929 4072 olim
948 4025 1175 4089 reliquas.
1197 4028 1230 4074 J
1236 4060 1251 4073 .
1267 4027 1328 4074 V.
1350 4030 1404 4074 12.
1757 4023 1937 4071 tiones.
1950 4024 2142 4071 Atticm
2160 4023 2289 4071 enim
2303 4019 2592 4072 Ciceronem
2607 4024 2783 4071 inviu-

726 4121 773 4154 2.
797 4102 883 4151 Ad
900 4113 961 4151 te.
987 4105 1046 4149 In
1064 4114 1171 4151 tun
1189 4104 1464 4166 Epiroticas
1484 4118 1671 4166 poue·-
1759 4114 1832 4150 rat
1858 4114 1915 4150 ut
1940 4102 1994 4149 iu
2013 4102 2221 4151 fundum
2249 4118 2389 4150 suum
2414 4103 2773 4164 commigrant.
