3023 4773
464 436 589 506 172
1097 415 1190 480 Μ.
1247 414 1323 480 Τ.
1378 412 1960 482 clcssnoms

454 604 638 624 mm
644 597 2587 623 mmmmmmmmfflmmmmmmmuss

1083 791 1680 871 EPISTOLA
1747 791 1898 870 IV.

446 961 593 1014 Tota
644 954 975 1013 cohortatio
1016 966 1104 1011 est
1158 950 1234 1010 ad
1276 951 1594 1009 curandam
1639 949 2036 1008 valitudinem.
2076 949 2388 1029 (Leucade,
2433 970 2590 1008 anno

1047 1053 1123 1109 U.
1148 1052 1211 1109 C.
1244 1048 1356 1120 703
1374 1092 1391 1119 ,
1422 1067 1616 1105 mense
1645 1045 1993 1124 novembri.)

596 1253 688 1317 M.
725 1253 800 1316 T.
841 1251 1155 1316 CICERO
1199 1251 1310 1314 ET
1371 1250 1454 1331 Q.
1503 1248 1843 1314 FRATER
1889 1249 2003 1313 ET
2050 1249 2132 1331 Q.
2165 1249 2438 1313 FILIUS

1096 1393 1099 1396 ·
1308 1356 1613 1420 TIRONI
1660 1356 1724 1421 S.

542 1505 775 1571 Vsum:
808 1524 966 1569 sum
997 1496 1302 1570 affectus
1330 1498 1474 1569 tuis
1509 1497 1732 1568 literis
1764 1525 1779 1566 z
1816 1495 2023 1568 valde
2059 1499 2299 1596 priore
2331 1501 2590 1596 pagina

449 1608 953 1710 perturbatuS,
1017 1609 1342 1708 paullum
1390 1609 1615 1679 altera
1657 1623 2050 1680 recreatus.
2103 1613 2346 1701 Quare
2393 1635 2591 1680 nunc

446 1720 741 1819 quidem
801 1746 947 1791 non
1003 1719 1304 1806 dubito,
1360 1722 1579 1815 quin,
1629 1717 1873 1816 quoad
1926 1719 2138 1817 plane
2192 1718 2464 1806 valeas,
2518 1735 2591 1791 te

448 1857 691 1931 neque
719 1833 1196 1930 navigationi,
1225 1854 1467 1928 neque
1501 1831 1625 1899 viae
1653 1831 2060 1900 committas
2088 1857 2105 1898 z
2138 1832 2304 1900 satis
2342 1845 2412 1901 te
2447 1856 2590 1900 ina-

448 1955 611 2014 ture
637 1942 887 2014 videro
907 1998 926 2031 ‚
960 1945 1016 2014 si
1045 1943 1259 2042 plane
1283 1939 1794 2013 confirmatum
1827 1941 2099 2013 videro.
2130 1945 2239 2012 De
2267 1940 2582 2013 medico¹

447 2068 520 2123 et
557 2067 638 2122 tu
690 2053 879 2124 bene
924 2054 1310 2126 existimari
1365 2052 1650 2138 scribis,
1688 2068 1761 2124 et
1813 2078 1949 2150 ego
2000 2054 2111 2124 sic
2150 2053 2388 2125 audio.
2443 2055 2588 2124 Sed

445 2162 659 2260 plane
696 2167 1106 2236 curationes
1148 2165 1304 2260 ejus
1345 2189 1498 2234 non
1538 2163 1795 2261 probo,
1858 2169 1984 2234 Jus
2020 2165 2215 2234 enim
2257 2164 2586 2235 dandum

447 2267 578 2339 tibi
624 2296 775 2341 non
825 2269 997 2359 fuit,
1050 2297 1284 2368 quum
1328 2274 1761 2365 κακοςόμαχος
1789 2280 1817 2311 ²
1873 2294 2063 2341 esses
2104 2297 2119 2339 τ
2170 2269 2296 2340 sed
2340 2285 2586 2341 tamen

447 2394 519 2450 et
556 2377 647 2450 ad
695 2381 898 2451 illum
939 2383 1193 2479 scripsi
1225 2397 1589 2466 accurate,
1627 2397 1699 2453 et
1735 2380 1826 2453 ad
1862 2378 2283 2477 Lysonem-³.
2308 2380 2411 2452 Ad
2437 2388 2584 2453 Cu-

439 2491 631 2561 rium
666 2516 873 2579 vero,
911 2494 1410 2562 suavissimum
1447 2491 1858 2579 hominem,
1897 2507 1967 2562 et
2001 2493 2266 2561 summi
2311 2490 2529 2563 officii
2562 2549 2588 2575 ‚

441 2624 886 2698 summaeque
924 2601 1428 2687 humanitatis,
1462 2602 1693 2672 multa
1736 2603 2024 2699 scripsi3
2071 2605 2146 2671 in
2179 2602 2290 2671 his
2328 2605 2587 2685 etiam,

444 2724 563 2798 ut,
606 2713 664 2781 si
711 2710 843 2781 tibi
882 2709 1272 2799 videretur,
1308 2727 1379 2783 te
1425 2710 1514 2781 ad
1559 2737 1634 2782 se
1672 2710 2109 2783 transferret.
2165 2716 2350 2807 Lyso
2386 2715 2586 2783 enim

445 2836 716 2907 noster,
745 2845 1022 2907 vereor,
1050 2847 1143 2891 ne
1177 2822 1657 2918 negligentior
1684 2824 1774 2891 sit
1803 2849 1817 2891 ε
1850 2822 2164 2919 primum
2182 2876 2199 2907 ,
2228 2825 2396 2920 quia
2426 2848 2588 2894 om-

446 2957 576 3003 nes
604 2933 871 3017 Graeci3
905 2930 1205 3019 deinde,
1236 2930 1439 3028 quod
1461 2984 1480 3018 ‚
1507 2956 1739 3027 quum
1777 2956 1819 3001 a
1846 2955 1960 3001 me
2000 2930 2240 3003 literas
2267 2935 2588 3032 accepis-

440 3056 581 3127 set,
614 3041 791 3111 mihi
821 3043 1053 3112 nullas
1077 3043 1372 3112 remisit.
1411 3040 1551 3111 Sed
1587 3066 1755 3110 eum
1782 3054 1863 3110 tu
1895 3038 2164 3110 laudaS.
2199 3046 2307 3112 Tu
2336 3044 2590 3140 igitur,

440 3152 619 3251 quid
654 3150 1064 3231 faciendum
1098 3153 1226 3236 sit,
1247 3149 1627 3245 judicabis.
1663 3148 1890 3237 Illud,
1925 3153 2025 3219 mi
2056 3151 2246 3235 Tiro,
2279 3165 2346 3220 te
2374 3177 2590 3249 rog0,

438 3276 737 3359 sumptu
792 3286 887 3332 ne
926 3285 1173 3357 parcas
1223 3260 1371 3330 ulla
1420 3261 1498 3331 in
1541 3286 1656 3347 re,
1718 3260 1918 3356 quod
1963 3260 2052 3330 ad
2108 3261 2584 3334 valitudinem

440 3396 627 3469 opus
668 3373 778 3441 sit.
825 3371 1092 3466 Scripsi
1139 3370 1227 3440 ad
1268 3374 1610 3459 Curium,
1657 3369 1858 3468 quod
1904 3368 2242 3459 dixisses,
2301 3372 2583 3446 daret4.

434 3480 720 3553 Medico
753 3479 939 3581 [ipsi]
975 3496 1155 3579 puto
1195 3480 1470 3578 aliquid
1509 3481 1830 3553 dandum
1868 3506 2064 3569 esse,
2110 3507 2262 3579 quo
2300 3488 2390 3555 sit
2422 3500 2584 3555 stu-

436 3592 729 3663 diosior.
768 3590 1335 3663 Innumerabilia
1373 3606 1497 3662 tua
1535 3606 1709 3662 sunt
1746 3594 1824 3661 in
1859 3616 1973 3662 me
2010 3589 2282 3679 officia,
2324 3594 2585 3663 dome-

434 3706 609 3774 stica
631 3757 649 3789 ‚
677 3701 989 3774 forensia
1014 3760 1033 3793 ,
1063 3702 1377 3791 urbana,
1415 3702 1911 3800 provincialia3
1943 3702 2017 3770 in
2042 3725 2119 3770 re
2157 3702 2429 3798 privata
2453 3757 2472 3791 ‚
2502 3705 2582 3774 in

508 3916 551 3945 ι.
590 3897 798 3945 Medico.
842 3900 918 3945 Sc.
957 3900 1268 3963 Asclapone,
1305 3915 1453 3962 quem
1542 3898 1701 3947 firmat
1737 3899 1929 3956 Celsus,
1966 3901 2068 3957 XI,
2104 3906 2209 3954 24:
2250 3900 2585 3961 «Jumlenta,

432 3977 654 4043 Sulpicio
684 3978 1009 4035 commendat,
1044 3982 1197 4036 1111,
1233 3996 1320 4026 20.
1355 3980 1450 4026 En.
1544 3979 1736 4042 inquit,
1771 3980 1927 4027 aliena
1954 3992 2067 4028 sunt
2098 3980 2414 4031 stomacho».
2449 3984 2543 4030 Eo.

504 4074 552 4104 2.
590 4052 978 4119 Κακοστόμοιχος.
1018 4058 1282 4105 Stomacho
1321 4058 1453 4105 labo·
1620 4060 1664 4104 3.
1688 4061 1936 4117 Lysonem.
1968 4061 2040 4106 De
2066 4076 2166 4123 quo
2192 4061 2316 4106 xlll
2336 4094 2351 4118 ,
2387 4077 2470 4122 ¹9·

431 4156 558 4189 rans.
588 4136 796 4185 Axioma
825 4134 1073 4185 Ciceronis
1102 4137 1162 4185 dc
1190 4139 1299 4196 jure
1336 4154 1451 4184 con-
1617 4146 1664 4192 4.
1698 4140 1850 4185 Daret
1897 4138 2100 4186 medico.
2142 4137 2248 4201 Ipsi
2277 4151 2434 4201 pato,
2479 4152 2578 4188 etc.
