3023 4773
490 440 1040 510 EPISTOLAE
1090 444 1222 510 AD
1272 443 1955 530 ATTICUM‚VI‚
2006 446 2073 528 4.
2200 444 2340 517 625

217 600 314 639 ναι
342 571 454 652 τὰς
494 569 729 665 ψήφους
762 577 831 641 ἐκ
855 585 969 653 τῆς
1001 581 1157 654 ὠνῆς
1183 583 1306 643 τῶν
1334 577 1733 669 ὑπαρχόντων
1762 588 1875 645 τοῦ
1903 580 2341 670 Κροτωνιάτου

129 767 133 770 Β
218 681 718 773 τυραννοκτόνου.
755 672 1017 749 Δέδοικα
1041 674 1153 767 δὴ,
1187 685 1275 775 μή
1294 709 1357 751 τι
1389 685 1631 775 νοήσῃς.
1662 683 1767 762 Εἰς
1803 676 1886 759 δή
1903 711 2021 752 που
2051 695 2233 753 τοῦτο
2261 679 2338 761 δὴ

215 784 765 879 περισκεψάμενος,
793 785 877 855 τὰ
906 785 1098 856 λοιπὰ
1136 782 1552 883 ἐξασφοὶλισαι.
1592 792 1755 859 Non
1795 812 1989 884 queo
2024 803 2305 860 tantum
2327 843 2347 876 ‚

216 908 575 988 quantum
605 917 899 978 vereor,
927 893 1256 967 scribere.
1293 899 1401 969 Tu
1429 912 1673 969 autem
1701 895 1812 968 fac
1829 952 1848 985 ,
1884 912 1968 968 ut
1996 897 2174 969 mihi
2201 914 2341 970 tuae

218 1003 437 1073 literae
479 1005 726 1075 volent
775 1001 1028 1074 obviae.
1085 1009 1249 1077 Haec
1296 1004 1643 1078 festinans
1674 1010 1925 1103 scripsi
1972 1010 2045 1077 in
2085 1009 2344 1078 itinere

216 1126 439 1210 atque
467 1115 774 1211 agmine.
806 1114 995 1185 Piliae
1023 1129 1094 1186 et
1121 1114 1380 1214 puellae
1414 1117 1708 1189 Caeciliae
1734 1116 2139 1188 bellissimae
2166 1118 2347 1189 salu-

220 1238 365 1295 tem
406 1223 619 1296 dices·

219 1417 301 1464 ubi
343 1416 717 1466 consideraveris
736 1453 752 1477 ‚
808 1419 999 1484 reliqua
1043 1418 1096 1466 in
1131 1428 1234 1467 meo
1323 1431 1551 1485 prompta
1580 1437 1683 1469 esse
1697 1451 1700 1454 ι
1714 1421 1939 1471 censebat
1955 1455 1972 1482 ,
2011 1432 2078 1474 et.
2093 1422 2345 1487 ingeniose

211 1513 356 1559 pone.
384 1524 454 1534 —
487 1499 828 1546 Walkenarim
870 1500 923 1546 in
969 1499 1129 1549 Dintr.
1176 1499 1235 1549 de
1325 1500 1621 1562 conjiciebat
1659 1500 1921 1564 legendum
1966 1517 2068 1549 esse
2111 1501 2174 1549 ad
2210 1501 2343 1549 hune

216 1577 386 1640 fragm.
412 1578 580 1641 Eun-ip.
605 1594 657 1642 p.
684 1579 804 1639 193,
825 1578 996 1625 ultima
1022 1577 1238 1642 paullum
1323 1579 1518 1635 locum,
1552 1573 1760 1628 Δέὸοαα
1813 1573 1907 1639 δὴ,
1955 1575 2023 1646 μή
2067 1595 2142 1628 τοι
2180 1577 2344 1645 νοήσῃς

216 1657 399 1705 imitata
452 1674 481 1703 ο
534 1657 794 1722 Sophoclis
844 1658 1106 1723 OEdipode
1149 1658 1235 1707 de·
1324 1652 1551 1709 Οἰδίπου.
1577 1661 1626 1709 J.
1645 1661 1713 1708 V.
1740 1661 1793 1707 L.

1872 1865 2240 1886 mmm
2252 1866 2343 1886 m

915 2048 1490 2128 EPISTOLA
1556 2051 1651 2127 V.

216 2217 403 2289 Petit,
438 2232 502 2277 ut
527 2217 639 2276 sibi
661 2238 694 2275 e
721 2218 1021 2296 provincia
1053 2216 1359 2276 decessuro
1390 2218 1619 2276 Atticus
1648 2217 1840 2277 literas
1867 2218 2100 2279 obviam
2130 2221 2350 2294 mittat3

295 2334 471 2392 seque
513 2314 903 2375 sollicitudine
943 2315 1297 2395 provinciae,
1329 2313 1437 2372 sub
1480 2315 1670 2393 ipsum
1704 2313 2052 2374 decessionis
2090 2331 2348 2398 tempu5‚

298 2411 465 2471 valde
489 2414 685 2492 urgeri
715 2414 1017 2492 significat.
1039 2414 1264 2493 (Tarsi,
1293 2433 1449 2477 anno
1476 2418 1552 2473 U.
1582 2418 1648 2472 C.
1679 2414 1817 2487 703,
1849 2433 2042 2473 mense
2058 2415 2271 2493 juni0.)

898 2601 1212 2667 CICERO
1256 2601 1574 2665 A'I'rlco
1621 2600 1684 2665 S.

313 2757 521 2824 Nunc
558 2751 857 2850 quidem
893 2749 1222 2849 profecto
1248 2756 1496 2821 Romae
1536 2774 1656 2838 es;
1690 2775 1840 2848 quo
1869 2765 1970 2837 te,
2004 2756 2061 2823 si
2087 2755 2184 2822 ita
2209 2767 2350 2840 est,

215 2861 493 2932 salvum
543 2863 821 2934 venisse
865 2860 1145 2958 gaudeo
1181 2889 1197 2930 :
1245 2858 1440 2930 unde
1479 2859 1775 2957 quidem
1822 2862 2170 2957 quamdiu
2217 2862 2348 2932 ab·

216 2970 451 3058 fuisti,
507 2974 730 3068 magis
779 2997 820 3042 a
874 2998 991 3043 me
1046 2972 1295 3043 abesse
1344 2968 1720 3059 videbare,
1775 2996 1994 3068 quam
2038 2977 2098 3043 si
2148 2972 2350 3044 domi

215 3093 474 3153 esses¹.
516 3082 756 3152 Minus
793 3083 990 3153 enim
1017 3082 1197 3152 mihi
1231 3105 1406 3153 meae
1447 3096 1635 3152 notae
1670 3105 1786 3152 res
1837 3096 2080 3170 erant,
2108 3084 2348 3154 minus

217 3196 432 3264 etiam
476 3192 809 3290 publicae.
862 3194 1103 3281 Quare
1130 3193 1386 3287 velim,
1434 3194 1605 3280 etsi,
1652 3206 1735 3263 ut
1784 3217 2028 3290 spere,
2089 3206 2158 3262 te
2197 3191 2350 3264 haec

216 3304 500 3401 legente
557 3302 1010 3400 aliquantum
1054 3304 1182 3371 viae
1206 3313 1235 3344 ²
1296 3326 1756 3399 processem,
1813 3317 2057 3372 tamen
2101 3301 2351 3372 obvias

219 3415 456 3486 literas
499 3437 717 3512 quam
767 3413 1251 3510 argutissimas
1299 3411 1389 3483 de
1442 3412 1783 3483 omnibus
1829 3411 2045 3483 rebus
2090 3412 2349 3483 crebro

221 3520 492 3607 mittas,
521 3522 597 3589 in
635 3520 886 3618 primis
921 3516 1012 3588 de
1047 3543 1196 3614 quo
1231 3519 1483 3615 scripsi
1521 3515 1613 3588 ad
1642 3532 1711 3588 te
1739 3532 1946 3588 antea
1972 3546 1988 3587 ε
2018 3516 2177 3599 Tic-'³
2208 3514 2345 3599 ξυν-

298 3760 339 3789 1.
383 3744 544 3805 Quam
576 3739 621 3788 ei
636 3740 795 3807 ‘domi
819 3756 955 3788 esses.
1001 3742 1159 3802 Quam
1195 3741 1237 3787 si
1325 3735 1425 3787 Pro
1464 3755 1566 3803 quo
1600 3739 1788 3787 Emest.
1818 3739 1951 3799 conj.
1969 3738 2101 3803 jam.
2129 3741 2180 3790 J.
2205 3742 2267 3786 V.
2294 3741 2346 3786 L.

217 3838 342 3869 esses
370 3823 579 3871 Romae:
619 3831 668 3868 et
703 3831 864 3868 tamen
901 3822 1062 3868 minus
1096 3838 1122 3867 a
1160 3814 1264 3867 me'
1398 3821 1445 3867 3.
1470 3823 1561 3875 'Nn
1585 3815 1824 3886 ξυναόρου.
1867 3818 2047 3866 Uxoris
2067 3835 2188 3867 meoe
2208 3819 2347 3869 Iiber-

217 3902 401 3959 aberas,
414 3901 467 3947 in
491 3899 728 3947 Graeciam
749 3915 896 3963 quum
918 3916 1063 3948 esses.
1088 3900 1233 3949 Μιε.
1325 3909 1401 3947 eus
1430 3898 1567 3947 visus
1610 3911 1684 3947 ese
1730 3897 1850 3947 milti
1887 3914 2015 3962 ,ηερε
2044 3899 2268 3964 garriens
2300 3911 2348 3947 et

214 3996 219 4001 ·
290 3997 339 4025 ο.
378 3981 444 4026 Te
474 3979 580 4026 hoec
607 3978 794 4043 legente
824 3977 1134 4042 aliquantum
1162 3990 1239 4026 ea·
1326 3995 1495 4027 errans
1513 3979 1563 4026 in
1582 3978 1913 4027 conciliabulis
1928 3989 1978 4026 ee
1991 3978 2207 4041 circulis,
2230 3996 2352 4045 quo-

217 4074 326 4107 men
341 4057 457 4106 viat.
473 4056 568 4106 Sed
582 4056 719 4113 abfflt
742 4067 905 4104 tamen
929 4058 992 4106 ab
1017 4058 1235 4106 editione
1325 4059 1444 4106 dam
1495 4058 1641 4106 modo
1688 4058 2000 4107 conturbasse
2047 4058 2258 4106 raciones
2299 4057 2351 4103 in

219 4142 365 4187 Rom.
396 4140 546 4185 Recte
584 4136 731 4184 deleri
764 4136 957 4184 volebat
998 4137 1235 4186 Graevius.
1325 4136 1462 4185 bonis
1489 4135 1800 4186 Crotoniatae.

412 4227 497 4292 II.
555 4238 649 4286 Cic.
670 4255 789 4304 pars
821 4246 1005 4303 quarta.
1685 4228 1688 4237 ¹
2057 4227 2151 4304 40
