3023 4773
579 394 1109 463 EPISTOLAE
1162 396 1298 463 AD
1348 385 1970 483 ATTICUM,1‚
2027 424 2079 468 ι.
2258 426 2387 498 271

275 521 348 588 in
398 519 598 587 omni
645 532 946 586 munere
1000 514 1493 587 candidatorio
1508 514 1577 560 ²⁶
1632 514 2001 615 fungendo
2044 545 2397 596 summam

270 625 772 699 adhibebimus
811 625 1249 722 diligentiam
1283 654 1298 695 ε
1329 641 1403 698 et
1439 624 1773 715 fortasse,
1815 633 2163 726 quoniam
2199 635 2397 707 vide-

271 753 389 807 tur
419 738 495 806 in
529 730 885 832 suffragiis
918 734 1229 805 inultum
1268 761 1479 834 posse
1508 737 1736 809 Gallia
1761 790 1780 822 ‚
1808 765 2040 837 quum
2083 747 2327 816 Romae
2354 770 2395 818 a

256 848 548 941 judiciis
572 843 811 916 forum
843 842 1307 930 refrixerit²⁷‚
1335 871 1801 919 excurremus
1824 872 2074 922 mense
2094 869 2396 951 septem·

259 957 368 1027 bri
413 957 632 1053 legati
651 953 714 998 ²⁸
773 953 865 1025 ad
914 958 1243 1052 Pisonem
1263 968 1354 1045 ²9,
1409 972 1491 1027 ut
1536 958 1872 1053 januario
1923 976 2390 1036 revertamur.

257 1070 505 1157 Quum
535 1089 968 1163 perspexero
996 1065 1407 1137 voluntates
1427 1066 1820 1151 nobilium,
1843 1069 2150 1140 scribam
2174 1072 2263 1143 ad
2296 1089 2388 1145 te.

253 1181 508 1248 Cetera
528 1198 741 1271 spero
762 1174 1038 1272 prolixa
1055 1171 1121 1218 ³⁰
1142 1200 1320 1263 esse,
1342 1175 1453 1247 his
1490 1175 1843 1249 duntaxat
1868 1179 2165 1252 urbanis
2188 1206 2389 1254 com-

254 1282 792 1382 petitoribu531.
815 1284 1016 1355 Illam
1037 1308 1204 1357 man
1215 1284 1408 1356 um³²
1435 1301 1514 1356 tu
1535 1288 1709 1357 mihi
1726 1313 1894 1359 cura
1911 1306 1993 1361 ut
2008 1292 2393 1389 praestes³³‚

249 1489 332 1538 bat
357 1488 611 1537 consulem
629 1486 734 1535 fieri
761 1504 892 1535 auno
909 1491 1156 1551 sequenti,
1175 1506 1280 1553 quo
1366 1506 1560 1539 cun-ere
1583 1490 1806 1554 volebat,
1822 1505 1882 1541 ut
1898 1510 1987 1558 per
2007 1496 2211 1545 Galliam
2229 1501 2392 1565 Toga-

247 1569 351 1631 ipse
375 1568 615 1632 petiturus
647 1576 775 1626 erat,
809 1567 895 1614 sed
930 1566 1186 1615 verebatur
1215 1584 1277 1616 ne

245 1638 297 1693 in
327 1647 464 1693 illum
492 1662 673 1694 anuum
707 1646 995 1693 candidatus
1023 1647 1274 1695 recideret.

248 1725 398 1786 Quod
446 1726 650 1789 copiose
666 1759 680 1784 ,
731 1734 877 1788 atque
917 1725 1173 1788 eleganter,
1216 1737 1276 1774 ut

245 1806 404 1862 solet,
445 1804 655 1868 exponit
689 1805 945 1863 Muretus,
976 1806 1098 1852 Var.
1139 1805 1272 1853 Lect.

244 1885 395 1943 xlx,
440 1899 517 1932 ro.
555 1883 777 1931 Olivetus
815 1883 1077 1931 lectionem
1113 1884 1274 1947 vulga-

245 1973 341 2010 tam
359 1999 373 2019 ‚
398 1965 487 2010 etsi
507 1962 764 2022 insulsam,
785 1964 992 2011 retinere
1009 1980 1120 2011 eum
1142 1964 1272 2012 Grae-

243 2042 325 2090 vio
343 2043 531 2099 maluit,
544 2058 688 2105 quam
710 2043 874 2092 Tullio
896 2043 1102 2091 aliorum
1125 2043 1270 2092 verba

241 2134 287 2169 et
308 2139 449 2170 sensa
469 2122 701 2171 tribuere.
718 2122 1172 2186 En.-—Informata
1192 2142 1272 2172 co-

235 2201 432 2265 gitatio.
457 2204 575 2249 Haec
602 2211 674 2248 est
688 2237 704 2261 ,
724 2203 883 2265 inquit
899 2237 913 2259 ,
935 2202 1009 2250 vel
1032 2218 1133 2249 mea
1152 2236 1168 2261 ,
1193 2204 1268 2251 vel

239 2281 496 2330 hominum
535 2281 597 2329 de
639 2291 744 2330 tota
783 2281 1153 2330 candidatorum
1191 2300 1269 2330 ra-

240 2362 375 2410 tione
404 2361 609 2427 opinio,
641 2372 787 2425 atque
815 2361 968 2409 animi
996 2361 1268 2424 judicium,

240 2442 577 2506 imperfectum
607 2441 823 2501 scilicet,
848 2452 894 2489 et
937 2441 1073 2505 quod
1106 2442 1268 2490 adhuc

237 2523 523 2582 conjectura
548 2520 796 2584 provideri
825 2520 995 2587 possit.
1026 2522 1246 2572 Msnssr.

307 2602 397 2649 αδ.
417 2599 636 2647 Verbum
655 2600 846 2648 Ernest.
870 2617 970 2648 non
994 2600 1265 2649 Ciceronia-

237 2695 349 2726 num
368 2678 588 2741 judicat,
616 2690 665 2727 et
686 2677 946 2742 legendum
965 2689 1126 2727 censet
1145 2695 1264 2728 can-

236 2758 539 2806 dictatorum.
558 2757 606 2806 J.
626 2751 691 2806 V.
714 2758 768 2804 L.

305 2854 389 2898 27·
418 2835 701 2901 Restituit.
727 2840 842 2885 Hoc
865 2844 962 2898 est,
989 2853 1140 2901 quum
1168 2841 1262 2887 mi-

236 2932 325 2964 nus
350 2914 522 2964 licebit
545 2917 717 2963 Romae
736 2913 935 2977 judiciis
963 2933 1149 2965 vacare.
1179 2921 1262 2966 In·

237 2997 406 3061 telligit
430 2995 629 3043 ultimos
662 2996 777 3043 anni
807 3012 1011 3043 menses.
1040 2997 1165 3044 Nam
1200 3015 1261 3045 ex

235 3075 446 3123 secunda
458 3074 664 3123 Vei-rina
685 3085 885 3138 apparet
909 3085 1023 3138 post
1040 3077 1258 3124 sextilem

237 3156 497 3218 plerosque
552 3153 654 3202 dies
698 3165 910 3217 quatuor
954 3156 1260 3217 sequentium

234 3239 472 3282 mensium
530 3234 677 3280 fuisse
733 3233 864 3281 ludis
909 3232 1114 3281 dicatos.
1140 3235 1259 3283 Vid.

235 3316 351 3362 Hot.
371 3313 465 3360 lib.
483 3316 505 3360 1
526 3312 734 3360 Observ.
759 3329 804 3359 c.
831 3312 908 3359 16.
932 3312 1149 3361 CAsAus.

304 3397 389 3442 28.
409 3391 599 3456 Legati.
616 3392 748 3450 Non,
767 3390 913 3454 legati
929 3391 992 3438 ad
1010 3391 1257 3452 Pisonem,

233 3474 339 3530 sed,
373 3488 688 3520 excurremus
711 3471 774 3518 ad
799 3473 1024 3518 Pisonem
1044 3506 1058 3530 ,
1090 3472 1253 3537 legati.

234 3555 392 3616 Quam
411 3562 573 3598 autem
590 3550 672 3597 bic
689 3545 978 3613 legationem
997 3549 1254 3615 significat,

232 3631 430 3678 liberam
449 3666 463 3689 ‚
505 3631 685 3694 opinor
712 3644 726 3677 ε
771 3629 884 3693 quia
930 3633 1138 3678 senatori
1189 3631 1252 3679 ab

232 3711 364 3758 Urbe
393 3711 579 3760 diutius
607 3709 797 3768 abesse,
836 3710 928 3756 nisi
955 3710 1064 3775 jure
1086 3709 1253 3761 liberm

229 3792 485 3855 legationis
503 3793 775 3853 impetrate,
786 3805 888 3836 uon
900 3789 1091 3837 licebat.
1107 3791 1252 3842 Mn«.

306 3886 388 3931 29.
440 3870 681 3916 Pisonem.
718 3869 774 3917 C.
813 3868 1104 3936 Calpurnius
1139 3870 1253 3917 Piso

233 3950 450 3996 naniam
457 3950 529 3997 Na
536 3948 822 3995 rbonensem
837 3949 1130 4011 proconsule
1141 3950 1254 3998 alte-

235 4044 339 4073 rum
381 4028 480 4086 jam
528 4044 706 4073 annum
743 4025 1105 4075 administrabat
1137 4041 1152 4075 ε
1190 4028 1253 4075 ad

231 4123 378 4166 quem
407 4105 854 4171 impetrataxlibera
895 4106 1137 4168 legatione
1173 4124 1256 4152 ex-

1365 1580 1461 1616 tam
1492 1580 1542 1616 et
1568 1570 1886 1634 Cispadanam
1917 1575 2184 1636 transiens,
2219 1580 2391 1643 appel-

1362 1646 1482 1695 laret
1500 1659 1789 1711 rogaretque
1811 1650 2031 1699 colonias
2044 1663 2091 1700 et
2107 1656 2388 1723 municipia,

1360 1742 1471 1789 quae
1487 1727 1705 1790 suffragii
1719 1729 1800 1787 jus
1815 1727 2080 1789 habebant,
2103 1743 2152 1780 et
2164 1734 2389 1797 januario

1360 1821 1525 1853 mense
1547 1806 1724 1854 reverti
1750 1806 1813 1855 ad
1844 1806 2070 1857 obeunda
2111 1828 2278 1862 rursus
2308 1817 2388 1876 ju-

1359 1884 1504 1934 dicia.
1525 1888 1721 1934 Pomm.

1374 2028 1379 2035 ,
1431 1966 1514 2012 3ο.
1538 1965 1764 2014 Proliaea.
1795 1967 1923 2015 Puto
1957 1985 2125 2017 vocem
2154 1971 2385 2035 prolixus

1356 2043 1558 2108 proprie
1598 2042 1659 2092 de
1701 2044 1916 2094 vestibus
1964 2049 2080 2099 dici.
2126 2053 2208 2099 Est
2253 2055 2380 2102 enim

1357 2123 1579 2184 prolixus
1604 2122 1741 2186 quasi
1767 2123 1908 2172 valde
1930 2127 2094 2187 laxus,
2124 2147 2157 2176 a
2183 2133 2235 2178 in
2260 2132 2303 2188 i,
2327 2146 2383 2183 ut
2474 2166 2477 2169 π

1356 2200 1410 2247 ἰιι
1434 2199 1669 2268 inficetas.
1704 2202 1912 2250 Notabis
1936 2216 2093 2254 tamen
2126 2209 2224 2258 fere
2248 2214 2382 2276 apud

1355 2290 1579 2328 auctores
1607 2280 1667 2328 de
1685 2283 2038 2345 magnitudine,
2070 2288 2145 2334 vel
2167 2289 2382 2354 longitu-

1356 2357 1470 2408 dine
1497 2360 1655 2425 accipi
1691 2360 1872 2423 videri,
1912 2374 1969 2413 ut
1995 2366 2190 2416 Terent.
2220 2393 2245 2412 α
2264 2386 2379 2435 pro-

1352 2438 1482 2487 lixus
1508 2440 1714 2505 capillus
1732 2463 1777 2490 ιο.
1808 2442 1935 2493 ΡΙίη.
1976 2448 2214 2509 «prolixae
2242 2450 2375 2500 abie-

1352 2530 1426 2565 tes
1444 2541 1486 2568 n.
1526 2519 1646 2567 Inde
1675 2522 1904 2571 translate
1930 2526 2061 2589 apud
2090 2527 2375 2579 Ciceronem

1352 2619 1377 2638 σε
1389 2599 1615 2662 prolixus
1633 2600 1823 2649 animus
1841 2623 1863 2644 n
1891 2620 1984 2667 pro
2010 2622 2308 2671 propensus:
2328 2620 2379 2658 et

1351 2692 1461 2724 «res
1507 2679 1747 2741 prolixae·
1793 2682 1925 2745 apud
1968 2684 2095 2733 Geli.
2139 2686 2234 2734 hoc
2266 2699 2373 2751 est,

1351 2755 1594 2804 secundae.
1632 2758 1711 2805 Sic
1754 2759 1850 2807 hoc
1890 2762 2003 2812 loco
2030 2766 2239 2828 prolixa
2283 2785 2376 2832 pro

1350 2834 1584 2883 secunda.
1609 2837 1836 2889 Cusus.

1422 2914 1508 2962 31.
1553 2913 1761 2962 Urbanis
1802 2920 2212 2983 competitoribus.
2264 2925 2377 2973 Hoc

1348 2991 1416 3040 ita
1462 2993 1801 3057 interpretor:
1849 2998 2008 3047 Modo
2057 3003 2257 3064 quidem
2299 3021 2375 3052 res

1349 3073 1468 3120 mihi
1492 3073 1656 3120 futura
1685 3072 1748 3120 sit
1776 3084 1965 3124 tantum
2013 3094 2124 3127 cum
2162 3082 2251 3144 iis,
2285 3085 2373 3147 qul

1348 3169 1479 3200 nunc
1501 3152 1552 3200 in
1574 3153 1707 3202 Urbe
1733 3164 1874 3212 suut;
1901 3157 2038 3219 quasi
2061 3158 2221 3210 dieat:
2248 3162 2372 3211 Nam

1346 3233 1386 3280 si
1423 3234 1472 3279 in
1509 3234 1689 3281 Urbem
1730 3235 1962 3284 redierint
1996 3236 2136 3286 multi
2181 3242 2374 3291 nobiles

1346 3314 1432 3375 qui
1457 3313 1661 3374 absunt,
1698 3332 1869 3363 vereor
1906 3333 1967 3363 ne
2000 3334 2169 3381 parum
2205 3318 2375 3371 firmus

1343 3390 1534 3437 futurus
1560 3392 1650 3440 sim
1679 3394 1980 3443 candidatus.
2018 3399 2207 3444 Urbani
2230 3414 2371 3459 suut,

1344 3470 1498 3532 quiin
1519 3470 1655 3519 urbe.
1684 3475 1763 3520 Sic
1791 3474 1923 3536 apud
1953 3474 2107 3523 Plaut.
2136 3500 2160 3518 ··
2185 3478 2369 3529 Urbani

1342 3546 1468 3596 flunt
1503 3551 1672 3598 rustici
1703 3574 1747 3598 κ.
1791 3552 1940 3599 insu.
1980 3582 2049 3589 —
2087 3557 2367 3607 Gronovius

1342 3628 1556 3676 urbanos
1598 3630 1722 3678 male
1765 3629 1826 3678 de
1872 3631 1931 3678 iis
1978 3633 2250 3696 intellexit,
2283 3639 2370 3703 qui

1339 3706 1567 3766 urbanis,
1597 3725 1697 3756 non
1724 3709 2012 3758 militaribus
2036 3715 2275 3767 excellant
2294 3734 2369 3767 ar-

1342 3787 1492 3836 tibus.
1525 3790 1639 3835 Sca.

1413 3868 1497 3914 32.
1525 3867 1676 3915 Illam
1712 3882 1926 3918 mantem.
1966 3871 2170 3921 Nobiles
2208 3877 2365 3936 viros,

1344 3963 1455 3994 cum
1505 3947 1742 4010 Pompeio
1780 3947 1832 3993 in
1873 3949 2036 3997 Asiam
2076 3952 2138 4000 ad
2187 3956 2367 4005 bellum

1343 4025 1733 4074 Mithridaticum
1760 4029 2023 4090 profectos.
2052 4033 2191 4083 Mna.

1419 4107 1503 4153 33.
1558 4106 1686 4153 Cura
1733 4118 1789 4153 ne
1826 4121 2039 4172 proestes.
2088 4111 2270 4171 Effice,
2312 4123 2367 4162 ut
