3023 4773
558 420 1102 492 EPISTOLAE
1150 422 1291 490 AD
1344 424 1849 512 ATTICUM,
1900 426 2017 514 11,
2073 423 2180 495 15.
2298 424 2436 523 393

320 543 478 617 fieri
498 570 517 631 ;
541 545 935 642 praesertim
966 545 1025 611 si
1054 567 1341 613 mecum
1366 543 1638 641 aliquid
1666 546 1861 617 volet
1885 547 2270 645 disputare.
2300 549 2440 621 Sed

326 655 399 725 id
432 652 730 751 quidem
768 678 918 725 non
955 650 1257 722 dubium
1296 668 1439 742 est,
1479 657 1698 751 quin,
1750 658 1807 725 si
1845 656 2020 752 quid
2065 660 2198 730 erit
2250 659 2441 754 ejus-

321 764 558 849 modi,
596 766 691 835 sis
731 762 1209 835 advolaturus.
1250 768 1523 834 Verum
1561 778 1642 834 ut
1676 763 1817 835 hoc
1852 773 1999 835 non
2035 768 2167 855 sit3
2202 782 2441 841 tamen

323 896 448 944 seu
473 888 635 944 ruet
651 884 704 961 ⁷,
719 896 846 944 seu
864 876 1088 969 eriget
1113 872 1666 970 rempublicam,
1687 875 2103 973 pioeclarum
2121 871 2153 921 ⁸
2177 893 2443 973 specta·

317 981 571 1053 ,culum
619 983 793 1052 mihi
843 1006 1212 1080 propon0,
1264 983 1484 1055 modo
1536 1000 1606 1056 te
1658 1008 2076 1056 consessore
2128 1001 2451 1084 spectare

321 1091 553 1163 liceat.
599 1094 845 1191 Quum
874 1090 1023 1161 haec
1060 1091 1364 1161 maxime
1399 1089 1788 1162 scriberem
1811 1145 1830 1177 ‚
1870 1115 2036 1162 ecce
2070 1091 2203 1162 tibi
2233 1091 2453 1163 Sebo-

322 1225 465 1275 sus.
492 1201 837 1277 Nondum
865 1200 1078 1299 plane
1097 1203 1629 1298 ingemueram3
1653 1200 1854 1271 Salve
1873 1253 1892 1287 ,
1917 1200 2154 1296 inquit
2181 1204 2448 1272 Arrius,

325 1315 479 1382 Hoc
514 1327 659 1398 est,
698 1316 925 1381 Roma
967 1310 1370 1381 decedere?
1414 1312 1620 1399 Quos
1655 1334 1786 1406 ego
1828 1308 2158 1380 homines
2199 1308 2453 1408 effugi,

325 1447 553 1518 quum
589 1425 668 1491 in
711 1423 846 1492 hos
873 1419 1139 1492 incidi?
1179 1426 1330 1517 Ego
1368 1421 1653 1490 veroin
1689 1431 2018 1501 montes9
2055 1422 2353 1518 patrios,
2382 1437 2455 1492 et

326 1529 416 1600 ad
446 1529 886 1601 incunabula
919 1544 1160 1601 nostra
1195 1553 1510 1628 pergam.
1552 1531 1925 1625 Denique,
1969 1532 2028 1599 si
2071 1530 2267 1601 solus
2302 1555 2451 1601 non

328 1653 668 1737 potuerO,
714 1664 879 1710 cum
922 1641 1208 1710 rusticis
1260 1642 1534 1737 potius,
1583 1663 1802 1736 quam
1843 1664 2009 1710 cum
2053 1639 2164 1710 his
2201 1665 2453 1737 perur-

325 1747 533 1819 banis
565 1776 581 1817 :
616 1752 715 1818 ita
747 1762 1027 1841 tamen,
1074 1763 1191 1835 ut,
1231 1751 1575 1844 quoniam
1620 1765 1704 1820 tu
1736 1753 1910 1821 certi
1948 1748 2127 1819 nihil
2168 1750 2451 1838 scribis,

328 1860 400 1928 in
429 1862 811 1928 Formiano
847 1857 980 1927 tibi
1014 1857 1384 1954 praestoler
1411 1883 1643 1955 usque
1677 1858 1763 1930 ad
1804 1884 1886 1929 111
1926 1884 2099 1930 non.
2131 1861 2294 1929 mai.
2325 1862 2456 1931 Te-

257 2032 268 2061 „
325 1969 576 2053 tentiae
613 1979 941 2062 pergrata
983 1980 1091 2034 est
1120 1965 1491 2037 assiduitas
1523 1981 1648 2037 tua
1678 1983 1750 2038 et
1780 1967 2147 2065 diligentia
2175 1970 2251 2037 in
2278 1992 2453 2038 con·

281 2124 296 2161 κ
327 2075 671 2145 troversia
705 2072 1169 2143 Mulviana¹⁰.
1217 2076 1456 2144 Nescit
1496 2077 1832 2163 omnin0‚
1876 2091 1948 2148 te
1995 2101 2455 2148 communem

295 2168 615 2263 ‘causam
647 2180 1033 2275 defendere
1063 2206 1355 2268 eorum,
1391 2184 1522 2280 qui
1557 2208 1765 2280 agros
1794 2183 2121 2282 publicos
2141 2196 2197 2227 ¹1
2232 2188 2458 2282 possi-

394 2403 450 2447 ,7.
493 2385 632 2432 λαστ.
681 2381 889 2431 Videtur
931 2383 1120 2450 opponi
1158 2382 1308 2431 verbo
1327 2417 1343 2442 ‚
1510 2399 1591 2433 11.
1631 2384 1792 2449 Agros
1822 2381 2057 2446 publicos.
2088 2385 2208 2449 Agri
2241 2386 2453 2451 publici,

323 2463 506 2531 friget,
532 2473 580 2510 et
604 2460 876 2526 siguificare
900 2471 1105 2520 evertet,
1133 2471 1188 2509 ut
1215 2461 1348 2525 apud
1437 2462 1498 2510 de
1516 2463 1739 2511 hostibus
1766 2464 1920 2528 capti,
1944 2465 2037 2512 trin
2060 2481 2258 2528 genera3
2277 2483 2452 2529 unum,

327 2542 605 2590 Terentium
621 2541 674 2588 in
684 2539 901 2605 Adelph.
914 2552 1130 2588 «ceteros
1142 2556 1346 2606 merem,

326 2637 515 2684 agerem
529 2655 545 2678 ‚
566 2636 783 2684 raperem
796 2653 813 2678 ,
837 2619 1090 2667 tunderem
1106 2654 1120 2676 ,
1137 2630 1348 2683 proster-

331 2717 554 2759 nerem»,
583 2711 631 2749 et
650 2700 938 2763 Virgilium,
965 2701 1143 2763 Georg.
1168 2701 1210 2760 1,
1235 2703 1345 2748 105.

331 2781 443 2828 Bos.

403 2859 451 2906 8.
479 2856 792 2905 Proeelarum.
826 2858 920 2904 Seu
945 2872 1054 2903 eum
1081 2856 1345 2904 viderimus

329 2936 504 2988 frustm
534 2937 686 2992 multa
713 2935 1005 2993 machineri3
1038 2935 1180 2983 nobis
1215 2937 1345 2983 enim

333 3031 446 3061 cum
477 3014 562 3061 illo
594 3015 867 3080 disputare,
900 3015 1099 3077 ejusque
1129 3014 1345 3062 molitio-

331 3093 477 3141 nibus
502 3093 694 3142 obviam
719 3096 791 3142 ire
815 3105 1000 3141 certum
1018 3103 1122 3141 est:
1144 3110 1229 3141 seu
1256 3093 1346 3141 eri·

327 3188 442 3235 gere
474 3174 821 3237 rempublicam
837 3208 851 3232 ,
878 3182 925 3219 et
951 3171 1047 3219 illis
1075 3172 1315 3220 adversari
1331 3207 1346 3231 ,

329 3253 417 3322 qui
431 3269 540 3301 eum
554 3254 614 3302 sd
629 3254 822 3318 plebem
836 3252 1156 3311 dedumnt.
1170 3254 1348 3300 (ἷκεν.

400 3348 451 3395 9.
469 3335 529 3380 In
549 3345 750 3381 montes.
770 3332 851 3381 Ad
869 3342 1057 3379 montes
1080 3332 1349 3394 Arpinates.

330 3412 537 3458 Versum
563 3411 696 3459 bunc
723 3412 996 3459 Ennianum
1020 3425 1122 3457 esse
1144 3408 1348 3473 putabat

324 3489 559 3547 ‚Gulielm
574 3517 645 3527 -·
663 3493 823 3549 Forte,
845 3501 902 3537 ut
919 3488 1206 3536 Wielsndus
1227 3503 1349 3535 con-

324 3570 435 3629 jicit
452 3603 467 3626 ‚
512 3586 574 3615 ex
622 3570 776 3632 ipsius
821 3568 1072 3617 Ciceronis
1114 3567 1242 3614 libro
1291 3566 1351 3615 de

327 3637 626 3707 Consulatu,
662 3650 743 3696 cui
780 3647 1022 3696 adsentire
1071 3646 1262 3694 videtur
1295 3648 1348 3695 J.

330 3727 395 3773 V.
424 3728 477 3773 L.
523 3730 614 3775 En.

409 3822 487 3859 ιο.
532 3805 806 3855 Mulvium.
859 3806 1110 3853 Publimni
1158 3804 1358 3869 publica.

329 3884 693 3934 conducebant.
717 3886 835 3934 Ideo
851 3884 1092 3941 Mulvius,
1107 3883 1350 3947 cognitor,

328 3974 385 4017 nt
399 3974 519 4026 pnto
530 3964 923 4028 ,publicanorum
935 4001 950 4026 ,
967 3963 1192 4027 publicos
1208 3978 1351 4027 agros

332 4059 359 4088 a
387 4043 586 4106 privatis
606 4044 851 4091 vindicare
867 4043 1150 4100 conabatur,
1182 4053 1235 4090 ut
1257 4058 1348 4106 pu·

328 4119 634 4195 blica-norma
660 4122 863 4185 vectigal
886 4132 1155 4185 augeretur.
1184 4122 1323 4168 Mau.

1434 2541 1569 2606 quod
1623 2542 1812 2590 colonis
1864 2542 2169 2601 douabstnr3
2219 2545 2421 2593 alterum
2439 2579 2455 2604 ,

1435 2620 1572 2683 quod
1606 2637 1635 2669 a
1668 2621 1949 2670 censoribus
1982 2624 2035 2669 in
2067 2623 2454 2686 quinquennium

1433 2700 1717 2762 Iocabatur3
1754 2702 1972 2758 tertium,
2003 2703 2137 2765 quod
2165 2703 2230 2751 ob
2262 2705 2456 2752 vastita-

1435 2788 1561 2837 tem,
1584 2795 1692 2842 quae
1718 2779 1816 2826 sere
1841 2779 2024 2827 bellum
2045 2782 2281 2844 consequi
2302 2781 2452 2842 solet,

1431 2857 1520 2917 iis,
1546 2858 1632 2921 qui
1657 2858 1818 2905 colere
1844 2858 2055 2917 vellent,
2085 2859 2136 2904 in
2164 2870 2452 2923 perpetuum

1431 2934 1779 3000 assignabant,
1791 2936 2020 3000 imposito
2034 2953 2197 2985 annuo
2214 2938 2456 3001 vectigali,

1434 3026 1489 3062 ut
1501 3014 1807 3070 arbustorum
1822 3015 1991 3078 quinta
2003 3049 2017 3073 ‚
2034 3016 2227 3078 frugum
2241 3017 2425 3064 decima
2437 3052 2451 3075 ‚

1433 3095 1625 3159 pecoris
1651 3094 1796 3141 etism
1828 3091 2049 3156 quaedsm
2077 3109 2189 3156 pars
2224 3095 2456 3157 pendere-

1434 3185 1531 3221 tur.
1550 3173 1699 3236 Quod
1715 3173 1777 3221 ab
1803 3172 2032 3236 Appiano
2054 3171 2142 3221 lib.
2159 3175 2181 3219 1
2212 3172 2456 3221 Bellorum

1434 3251 1654 3300 civilium
1683 3252 1919 3317 scriptum
1951 3262 2039 3301 est.
2072 3253 2148 3299 Ex
2179 3251 2277 3299 hoc
2312 3253 2458 3300 tertio

1435 3345 1609 3392 genere
1637 3341 1773 3379 erant
1805 3332 1937 3394 agri,
1965 3347 2090 3394 quos
2114 3331 2339 3378 Terentia
2358 3364 2374 3389 ,
2410 3341 2459 3377 et

1435 3410 1630 3457 Atticus
1649 3410 1979 3474 possidebant.
2010 3410 2104 3458 Sed
2130 3410 2319 3457 Atticus
2341 3409 2459 3472 legi·

1438 3487 1611 3535 timum
1640 3488 1848 3553 vectigal
1870 3486 2145 3552 publicanis
2176 3487 2451 3551 pendebat:

1438 3567 1526 3629 qui
1570 3567 1770 3614 fortasse
1822 3583 1933 3614 cum
1982 3566 2067 3613 illo
2106 3582 2334 3629 agrorum
2378 3581 2459 3630 ge-

1439 3661 1579 3706 nere,
1596 3645 1657 3694 de
1674 3662 1775 3709 quo
1791 3644 2007 3693 secundo
2025 3645 2138 3692 loco
2155 3646 2451 3693 mentionem

1439 3724 1641 3772 fecimus
1656 3758 1670 3781 ‚
1699 3724 1795 3771 hoc
1821 3724 1966 3771 etiam
1997 3726 2189 3771 tertium
2210 3724 2271 3771 de
2291 3739 2465 3771 censo-

1439 3801 1576 3849 ribus
1623 3802 1987 3861 conduxeraut,
2030 3818 2133 3849 non
2172 3813 2230 3849 ut
2274 3803 2459 3851 fructus

1438 3881 1532 3945 ipsi
1555 3880 1882 3945 perciperent,
1908 3881 1994 3928 sed
2014 3892 2069 3928 nt
2090 3881 2289 3945 vectigal
2306 3881 2426 3929 illud
2441 3917 2455 3936 .

1437 3961 1577 4021 cnjus
1618 3959 1878 4007 admodum
1927 3960 2078 4008 facilis
2121 3961 2308 4009 exactio
2353 3976 2456 4007 uon

1437 4048 1588 4095 esset,
1605 4052 1697 4086 suo
1715 4038 1936 4103 periculo
1953 4038 2215 4102 exigerent.
2236 4037 2457 4086 Terentia

1440 4135 1500 4167 ne
1525 4118 1731 4182 vectigal
1757 4118 1950 4181 quidem
1975 4117 2095 4167 illud
2113 4153 2126 4178 ,
2154 4118 2268 4166 satis
2289 4128 2452 4170 tenue,
