3023 4773
644 456 741 527 60
1291 457 1387 524 M.
1439 456 1517 522 T.
1573 451 2132 523 CICERONIS

642 579 989 651 Omnium
1018 590 1312 647 tuorum
1340 572 1781 662 officiorum,
1810 598 1970 671 quae
2002 588 2074 643 et
2107 571 2332 643 multa
2353 623 2374 660 ,
2411 585 2485 643 et
2518 595 2775 669 magna

644 701 816 759 sunt
838 741 858 775 ‚
914 687 1090 757 mihi
1120 687 1604 784 gratissimum
1651 683 1907 773 fuerit,
1941 685 2001 754 si
2037 684 2137 754 ita
2178 684 2500 755 tractaris
2541 689 2771 782 Egna-

643 799 865 885 tium,
896 811 979 866 ut
1020 800 1310 882 sentiat,
1355 809 1428 866 et
1469 820 1545 866 se
1579 819 1620 864 a
1655 819 1813 883 me,
1863 808 1935 867 et
1977 817 2094 863 me
2136 817 2178 863 a
2221 807 2295 863 te
2330 793 2573 863 amari.
2622 799 2774 864 Hoc

646 923 716 980 te
742 906 1207 978 vehementer
1239 907 1452 976 etiam
1488 918 1709 1002 atque
1737 905 1954 976 etiam
1985 928 2183 1001 rog0.
2209 903 2340 974 Illa
2367 917 2612 974 nostra
2638 905 2775 974 sci·

640 1016 807 1087 licet
841 1012 1326 1088 ceciderunt³.
1350 1020 1659 1086 Utamur
1683 1016 1900 1111 igitur
1930 1013 2203 1111 vulgari
2237 1014 2772 1085 consolatione:

643 1125 880 1219 Quid,
927 1128 985 1197 si
1022 1126 1279 1196 melius
1315 1125 1497 1196 hoc?
1548 1124 1684 1196 Sed
1723 1125 1875 1195 haec
1913 1148 2179 1195 coram.
2223 1127 2335 1194 Tu
2374 1122 2526 1212 fac,
2570 1122 2778 1221 quod

626 1232 848 1324 ‘faci5,
879 1250 962 1306 ut
999 1260 1114 1306 me
1149 1258 1344 1306 ames
1368 1289 1387 1322 ,
1430 1250 1652 1333 teque
1695 1237 1918 1306 amari
1959 1259 2001 1306 a
2032 1257 2150 1305 me
2191 1234 2389 1305 scias.

641 1468 755 1499 nem
791 1459 1171 1513 componuntnr.
1206 1449 1286 1497 Sic
1328 1449 1391 1498 ad
1432 1451 1639 1499 Brutum
1657 1493 1675 1520 ,

644 1547 729 1594 ep.
758 1545 779 1577 x
799 1544 813 1577 ε
842 1528 1081 1577 «Clodius
1096 1527 1238 1575 valde
1256 1545 1334 1576 me
1355 1529 1541 1593 diligit,
1561 1530 1638 1578 vel
1652 1566 1666 1589 ,

642 1620 699 1658 ut
744 1605 1121 1675 ὶμφατυιώτιρον
1167 1608 1357 1668 dicam,
1406 1609 1546 1657 valde
1586 1627 1666 1659 me

643 1698 772 1736 amat
792 1708 832 1737 ι.
856 1690 947 1736 En.

714 1767 763 1815 3.
799 1767 899 1815 1110
938 1778 1109 1814 nostra
1151 1766 1331 1815 scilicet
1374 1767 1662 1817 ceciderunt.

644 1845 887 1894 Abierant
919 1845 1001 1893 illa
1039 1857 1258 1909 tempora
1277 1879 1292 1904 ,
1326 1863 1479 1909 quum
1511 1857 1560 1894 et
1590 1848 1665 1895 di-

645 1926 826 1990 gnitate
843 1959 859 1986 ,
889 1936 939 1972 et
980 1923 1283 1985 honoribus,
1321 1936 1370 1973 et
1410 1925 1666 1974 hominnm

643 2004 1050 2068 amplissimorum
1076 2004 1300 2053 amicitiis
1324 2007 1378 2052 in
1402 2021 1507 2069 rep.
1529 2005 1668 2054 flore·

642 2084 832 2131 bamus.
871 2084 1192 2134 Consolemur
1223 2085 1374 2148 igitur
1411 2101 1529 2144 nos,
1565 2102 1669 2133 non

1762 1450 1828 1498 sin
1866 1448 2011 1497 rehu·
2048 1459 2121 1496 eet
2163 1447 2435 1497 sententia:
2481 1470 2507 1490 ι
2530 1447 2666 1509 Quid
2683 1483 2701 1507 ‚
2740 1448 2781 1496 si

1759 1530 1856 1578 hoe
1900 1529 2105 1577 melina?
2133 1551 2159 1571 a·
2205 1530 2394 1593 Nempe
2438 1545 2524 1593 spe
2569 1528 2787 1576 melioris

1753 1610 1982 1658 fortunae.
2010 1610 2104 1657 En.
2136 1635 2206 1646 -
2243 1607 2424 1655 Schiitz
2450 1618 2611 1655 nutem
2638 1619 2785 1672 putat

1751 1688 1858 1737 hec
1889 1704 1991 1736 non
2025 1705 2171 1752 posse
2210 1687 2418 1751 intelligi
2456 1687 2518 1735 de
2563 1704 2668 1751 rep.
2698 1698 2784 1735 aut

1753 1768 1923 1816 amissa
1952 1778 2156 1833 propter
2174 1768 2372 1816 Caeuris
2399 1766 2786 1814 dominationem

1754 1848 2004 1913 dignitate.
2025 1850 2163 1896 Esset
2183 1847 2313 1894 enim
2341 1846 2603 1894 ridiculum
2621 1878 2636 1903 ‚
2661 1846 2707 1893 si
2733 1848 2786 1894 in

1754 1938 1886 1975 tanta
1904 1944 1956 1974 re
1971 1926 2305 1974 consolatione
2322 1926 2507 1990 vulgari
2527 1926 2597 1972 uti
2616 1925 2786 1973 vellet.

1756 2008 1927 2070 ltaque
1970 2004 2066 2053 hoe
2110 2004 2480 2068 intelligendum
2522 2003 2789 2050 arbitratur

1758 2086 1819 2133 de
1861 2086 2027 2149 aliquo
2072 2086 2271 2149 negotio
2287 2120 2302 2145 ‚
2331 2083 2470 2150 quod
2510 2100 2624 2132 cnm
2660 2083 2790 2131 Silio

643 2163 882 2226 exquisita
898 2163 1058 2227 aliqua
1079 2165 1283 2221 ratione,
1296 2164 1381 2212 sed
1399 2181 1499 2228 quo
1518 2165 1669 2213 modo

647 2242 772 2289 solet
789 2242 992 2306 vulgus:
1011 2244 1151 2304 cnjus
1168 2242 1273 2291 hoec
1299 2244 1397 2291 fere
1422 2244 1477 2291 in
1500 2243 1670 2292 edver-

1758 2166 1805 2212 ei
1839 2175 1943 2213 erat
1977 2181 2263 2224 commune,
2301 2176 2350 2213 et
2383 2165 2443 2212 iis
2467 2179 2637 2228 porum
2663 2179 2790 2227 pro-

1757 2249 1978 2293 cesserit.
2002 2244 2095 2293 En.

642 2456 1102 2480 mmm
1840 2460 1929 2480 m

2207 2461 2761 2482 mm

1170 2677 1782 2759 EPISTOLA
1854 2681 2264 2760 XLVIII.

645 2848 861 2907 ciliciae
891 2847 1169 2926 quaestori
1199 2869 1398 2909 omnes
1426 2851 1671 2927 Cyprios
1683 2834 1706 2920 ¹,
1749 2862 1806 2908 et
1835 2850 1895 2907 in
1924 2850 2126 2929 primis
2153 2849 2437 2928 Paphios,
2467 2868 2774 2908 commen-

1396 2941 1514 3001 dat.
1549 2949 1747 3024 (Anno
1776 2943 2050 3020 inc-erm.)

819 3134 911 3199 M.
933 3136 1008 3200 T.
1043 3136 1111 3200 C.
1147 3138 1217 3202 C.
1252 3137 1651 3201 SEXTILIO
1698 3137 1929 3202 RUFO
1980 3135 2306 3219 QUAEST.
2343 3136 2408 3201 S.
2440 3135 2510 3200 P.
2545 3137 2629 3200 D.

746 3305 1005 3374 OMNES
1034 3299 1165 3373 tibi
1193 3301 1627 3374 commendo
1663 3306 1963 3402 Cyprios
1984 3358 2004 3392 ‚
2035 3302 2161 3374 sed
2184 3303 2406 3399 magis
2429 3301 2785 3399 Paphios:

650 3410 919 3508 quibus
954 3428 1037 3484 tu
1074 3437 1557 3510 quaecumque
1595 3413 2113 3501 commodaris»,
2150 3426 2366 3483 erunt
2410 3411 2587 3481 mihi
2633 3435 2794 3507 gra·

652 3522 943 3591 tissima.
996 3526 1251 3620 quue
1291 3521 1474 3594 facio
1517 3522 1897 3613 libentius,
1951 3539 2033 3594 ut
2077 3548 2203 3594 eos
2239 3521 2374 3592 tibi
2408 3545 2795 3591 commen-

653 3631 818 3703 dem
835 3686 854 3719 ,
877 3632 1078 3730 quod
1102 3649 1176 3705 et
1195 3649 1333 3705 tuae
1362 3634 1593 3721 laudi,
1631 3635 1838 3730 cujus
1858 3661 1993 3734 ego
2019 3634 2260 3707 fautor
2283 3660 2477 3718 sum,
2509 3630 2695 3722 cond
2707 3657 2794 3699 u-

657 3766 820 3813 cere
858 3741 1192 3831 arbitror,
1231 3770 1458 3843 quum
1499 3748 1778 3844 primus
1815 3751 1891 3817 in
1926 3771 2086 3817 eam
2121 3746 2428 3816 insulam
2472 3756 2797 3840 quaestor

652 3853 929 3925 veneris
950 3864 999 3940 ¹,
1029 3878 1108 3926 ea
1135 3869 1206 3926 te
1234 3858 1612 3929 instituere
1631 3912 1650 3942 ,
1688 3883 1850 3954 quae
1875 3870 2273 3954 sequantur
2298 3855 2414 3926 alii
2449 3880 2464 3922 :
2499 3878 2686 3950 quae,
2704 3867 2795 3924 ut

735 4097 778 4128 t.
827 4082 1051 4144 Quaeseor
1092 4082 1299 4131 wneris.
1343 4087 1500 4133 Antea
1546 4086 1676 4133 enim
1764 4084 2017 4133 Sextilium
2048 4101 2180 4132 anno
2206 4086 2273 4132 U.
2304 4086 2360 4133 C·
2393 4089 2492 4143 704
2519 4098 2547 4128 a
2575 4081 2795 4138 Caeffloev

654 4170 867 4226 questor
892 4159 1074 4210 Ciliciae
1101 4172 1220 4209 eret.
1250 4160 1503 4213 Manutius
1536 4175 1677 4230 putat
1766 4180 1915 4229 quum
1956 4164 1999 4212 is
2050 4166 2204 4212 Roma
2252 4162 2441 4228 potitus
2485 4172 2644 4221 esset,
2700 4175 2795 4223 pro
