3023 4773
535 407 1080 499 EPISJOLAE
1130 408 1267 474 An
1319 405 1823 487 ΑΤΤΙΟΠΜ,
1877 405 1944 487 1,
2005 405 2109 486 14.

2247 402 2388 500 309

363 527 555 617 Quid
596 529 902 625 quaeris?
937 530 1148 598 Nunc
1181 541 1262 598 ut
1301 525 1391 599 ad
1442 529 1722 623 privata
1761 525 2079 614 redeam,
2137 534 2388 620 Τεῦκρις

263 639 612 733 promissa
644 638 1049 734 patravit47.
1077 641 1184 707 Tu
1216 635 1551 707 mandata
1577 632 1812 721 effice,
1847 661 2004 732 quae
2032 641 2383 739 recepisti.

260 749 583 836 Quintus
609 745 829 819 frater
849 801 868 835 ,
905 749 1034 844 qui
1063 742 1536 845 Argiletani&
1566 742 1844 815 aedificii
1871 746 2231 843 reliquum
2263 750 2387 821 do·

258 863 670 937 drantem⁴9
705 865 879 933 emit
914 864 1063 931 H-S
1101 887 1405 949 mcxxv,
1440 858 1927 930 Tusculanum
1960 863 2278 934 venditat
2296 863 2385 951 ⁵⁰,

261 987 380 1056 ut,
407 974 464 1042 si
508 974 768 1070 possit,
805 986 994 1042 emat
1043 970 1467 1043 Pacilianam
1507 968 1829 1043 domum.
1869 972 2049 1039 Cum
2080 975 2389 1043 Lucceio

259 1083 338 1150 in
388 1081 683 1177 gratiam
730 1080 908 1152 redi.
961 1079 1195 1150 Video
1241 1081 1613 1149 hominem
1662 1077 1865 1151 valde
1910 1080 2386 1177 petiturire⁵¹.

259 1192 559 1265 Navabo
594 1216 909 1289 operam.
963 1195 1107 1278 Tu,
1144 1191 1320 1287 quid
1371 1215 1573 1287 agaS,
1628 1187 1755 1258 ubi
1809 1193 1938 1277 εἰς,
1984 1193 2390 1287 cujusmodi

225 1304 413 1371 ·istae
445 1326 558 1373 res
586 1300 832 1388 sint⁵²‚
873 1300 981 1373 fac
1019 1326 1134 1381 me
1164 1325 1382 1398 quarn
1411 1300 1952 1397 diligentissime
1982 1307 2388 1374 certiorem.

262 1410 513 1491 Idibus
540 1410 720 1483 febr.
755 1506 756 1509 Ἴ

265 1611 431 1660 vivum
457 1628 548 1676 pro
569 1613 795 1677 exemplo
817 1613 912 1661 sibi
932 1624 1277 1677 proponerent.

265 1690 396 1739 Talia
421 1692 562 1739 etiam
589 1694 683 1740 fuit
710 1693 969 1740 Favonius.
999 1692 1216 1742 Canna.

339 1778 423 1831 47.
448 1772 693 1819 Promissa
728 1773 962 1835 patravit.
988 1757 1098 1835 Eat',
1140 1770 1279 1819 debi-

261 1860 395 1908 tum,
431 1862 485 1898 nt
507 1861 607 1897 erat
639 1852 785 1897 toties
808 1849 1078 1913 pollicitus,
1113 1849 1277 1897 solvit.

262 1928 361 1977 Sed
388 1931 501 1992 quia
532 1945 660 1992 aaepe
688 1927 835 1983 fidem
864 1928 1098 1977 fefellerat
1124 1931 1281 1983 Anto·

261 2008 402 2065 nina,
441 2020 492 2056 et
530 2009 702 2056 Cicero
736 2006 810 2053 illi
838 2018 940 2054 erat
959 2006 1139 2068 iratus²
1169 2005 1283 2052 ideo

234 2088 331 2134 ‘ait
356 2085 752 2149 indignabundus
765 2084 999 2149 patravit.
1037 2085 1187 2149 Quod
1213 2094 1286 2132 eat

257 2163 467 2211 verbnm
490 2163 774 2211 obscoenum
791 2198 805 2221 ‚
830 2174 889 2218 ‚et
913 2179 1014 2226 quo
1047 2180 1165 2227 pure
1200 2163 1286 2227 qui

256 2244 536 2306 loquuntur
550 2243 713 2299 latine.
738 2258 839 2290 non
854 2253 1031 2297 temere
1051 2252 1284 2302 utuntur3

259 2322 348 2379 aed
376 2324 474 2371 fere
486 2339 637 2396 quum
652 2323 949 2385 designatum
968 2321 1170 2385 aliquod
1184 2338 1282 2369 ma·

260 2404 363 2451 lum
404 2404 593 2451 facinus
637 2404 808 2451 volunt
849 2402 1075 2450 indicare.
1116 2403 1276 2451 plaut.

260 2507 286 2525 ιι
309 2486 426 2531 Poet
447 2495 546 2531 tam
574 2483 757 2530 foedum
781 2484 966 2530 facinus
985 2492 1227 2545 patratum
1237 2505 1276 2530 n.

262 2563 412 2611 Inna.

336 2643 416 2697 48.
445 2641 737 2706 Argiletani.
771 2639 1039 2704 Argiletum
1059 2656 1168 2704 para
1182 2642 1279 2687 Ur-

263 2720 337 2767 bis
364 2737 520 2784 prope
545 2719 808 2779 Palatium,
830 2719 899 2766 sic
917 2719 1061 2766 dicta!
1086 2735 1113 2766 a
1146 2717 1278 2766 caede

263 2800 407 2862 Argi,
433 2800 568 2862 qnasi
605 2798 922 2860 Argilethum.
953 2797 1080 2845 Vide
1097 2800 1280 2845 Varro-

263 2893 375 2925 nem
401 2878 462 2925 de
488 2879 626 2941 Ling.
669 2877 770 2925 Lat.
796 2876 887 2925 lib.
931 2876 1025 2934 IV,
1052 2887 1100 2924 et
1141 2879 1279 2926 Serv.

261 2955 325 3003 ad
341 2957 473 3004 hunc
493 2973 615 3003 vers.
643 2955 832 3002 AEneid.
852 2954 939 3001 lib.
957 2957 1079 3002 VIII
1099 2969 1112 3002 :
1136 2977 1161 2997 0-
1177 2957 1281 3005 Nec

264 3052 365 3082 non
388 3048 436 3083 et
450 3036 573 3082 sacri
590 3046 823 3083 monstrat
840 3049 1011 3080 nemus
1024 3034 1225 3097 Argileti
1237 3058 1276 3083 ιι.

266 3116 323 3161 In
345 3131 397 3161 ea
411 3125 550 3178 parte
559 3114 665 3160 ·suit
680 3111 1159 3176 aliquodaedificium
1170 3148 1185 3173 ‚
1202 3130 1282 3161 cn·

260 3193 339 3256 jus
356 3194 673 3257 quadrantem
686 3228 701 3252 ,
719 3193 814 3239 hoc
839 3204 911 3238 est
926 3226 940 3249 ‚
965 3193 1152 3238 tertiam
1170 3208 1279 3254 par-

266 3282 359 3319 tem
383 3271 593 3320 habebat
619 3271 697 3318 vel
731 3270 1008 3318 hereditatis
1033 3271 1144 3330 jure
1159 3303 1175 3327 ,
1201 3271 1277 3318 vel

263 3350 358 3398 alio
397 3353 464 3413 Q.
495 3351 669 3410 frater3
701 3365 832 3397 nunc
865 3350 933 3397 ait
968 3350 1140 3399 Cicero
1167 3365 1279 3397 eum

263 3431 434 3477 emisse
453 3431 689 3492 reliquum
717 3428 1004 3475 dodrantem
1021 3463 1036 3484 ‚
1063 3427 1162 3474 hoc
1177 3439 1276 3488 eat,

264 3510 506 3557 semissem
532 3524 642 3556 cum
671 3508 809 3555 tertia
828 3518 982 3571 parte.
1005 3509 1155 3554 Inut.

335 3597 418 3651 49.
449 3587 700 3652 Reliquum
718 3587 1026 3635 dodrantem.
1052 3588 1162 3634 Hoc
1180 3598 1278 3646 at,

1369 1613 1524 1661 totius
1549 1612 1619 1658 rei
1643 1610 1685 1683 ff.
1708 1612 1834 1660 Nam
1861 1611 2174 1675 quadrantem
2201 1612 2226 1685 ᾗ
2254 1616 2392 1663 here·

1371 1692 1522 1740 ditate
1530 1692 1630 1752 jam
1639 1691 1918 1754 possederat
1932 1707 1946 1749 ;
1960 1691 2199 1756 reliquum
2211 1712 2239 1742 a
2252 1696 2391 1743 cohe-

1369 1771 1566 1820 redibus
1583 1771 1715 1818 emit.
1737 1773 1829 1818 En.

1441 1851 1523 1898 50.
1569 1855 1618 1897 V
1615 1851 1816 1899 caditat.
1846 1849 2105 1898 Vendendi
2150 1850 2389 1900 desiderio

1369 1940 1577 1985 tenetur,
1590 1941 1639 1978 et
1651 1930 1788 1994 quasi
1803 1930 1972 1978 venale
1989 1932 2242 1993 proponit.
2265 1933 2394 1982 Coa-

1373 2022 1552 2055 nanus.

1445 2087 1528 2134 51.
1556 2086 1828 2133 Petiturire.
1855 2087 1935 2134 Sic
1958 2087 2232 2136 emendavit
2262 2090 2387 2139 Adr.

1373 2164 1630 2211 Turnebus
1660 2180 1686 2211 e
1708 2165 1854 2213 Mss,
1884 2167 2103 2215 Lanam.
2125 2170 2273 2215 -Et
2310 2185 2391 2217 ex-

1371 2241 1522 2305 plicat
1543 2258 1555 2290 :
1576 2244 1835 2291 Lucceium
1877 2247 2055 2309 cupide
2077 2247 2203 2295 velle
2229 2248 2314 2297 aba
2343 2261 2394 2298 te

1371 2333 1535 2385 petere
1553 2354 1570 2381 ,
1604 2330 1662 2370 ut
1687 2338 1849 2371 aecum
1885 2324 1937 2370 in
1963 2324 2162 2386 gratiam
2191 2327 2394 2386 redeam

1369 2417 1472 2448 non
1535 2401 1713 2450 audere
1761 2414 1947 2464 tamen,
2001 2416 2131 2452 metu
2166 2408 2390 2469 repulsae.

1370 2481 1502 2528 Male
1534 2517 1551 2544 ,
1602 2493 1656 2528 ut
1696 2492 1834 2545 putat
1878 2480 2073 2531 Schiitz.
2102 2485 2228 2533 Nam
2270 2504 2393 2550 quo·

1368 2560 1520 2607 modo
1562 2560 1698 2628 istud
1736 2562 1944 2610 'caderet
1996 2564 2049 2610 in
2094 2566 2352 2614 Lucceium
2375 2601 2392 2624 ‚

1367 2640 1484 2703 qni,
1515 2650 1568 2687 ut
1603 2655 1629 2686 e
1668 2641 1998 2705 superioribus
2042 2644 2264 2705 epistolia
2308 2663 2395 2709 pa-

1368 2728 1464 2775 tet,
1483 2730 1670 2766 tantum
1698 2719 1862 2768 aberat
1888 2732 1944 2768 ut
1970 2737 2080 2768 cum
2117 2725 2286 2771 Attico
2316 2741 2388 2772 re-

1367 2797 1761 2862 conciliationem
1786 2809 1998 2862 peteret,
2023 2812 2080 2848 ut
2103 2804 2270 2864 potius
2288 2805 2391 2850 val-

1370 2877 1432 2925 de
1469 2889 1776 2940 repugnaret.
1818 2881 1987 2942 Itaque
2029 2897 2195 2927 aenaus
2229 2884 2393 2945 potius

1361 2957 1449 3004 ‘hic
1473 2968 1577 3006 est:
1599 2958 1711 3005 «Tu
1746 2974 1837 3021 pro
1863 2968 1943 3005 tua
1972 2971 2108 3024 parte
2140 2959 2279 3007 effice
2296 2995 2310 3018 ,
2338 2973 2392 3009 ut

1370 3052 1481 3083 cnm
1505 3036 1717 3084 Lucceio
1738 3037 1787 3081 in
1808 3036 2008 3098 gratiam
2028 3037 2210 3087 redeas.
2232 3039 2391 3088 Video

1366 3116 1614 3163 hominem
1660 3125 1801 3163 nnnc‘
1833 3113 1975 3161 valde
2018 3114 2262 3164 elaborare
2282 3152 2296 3175 ‚
2339 3131 2392 3170 ut

1366 3196 1674 3244 cumulatum
1718 3205 1869 3260 petat.
1920 3196 1977 3242 In
2022 3211 2082 3243 eo
2121 3198 2318 3260 negotio
2347 3200 2391 3245 ei

1368 3290 1563 3337 operam
1588 3275 1780 3323 navabo
1800 3297 1840 3325 n.
1862 3275 1977 3322 Sca.
1999 3263 2219 3324 —Hanc
2242 3276 2392 3324 inter-

1365 3356 1692 3416 pretationem
1722 3354 1979 3403 eonflrmat
2013 3354 2076 3402 ad
2102 3356 2210 3404 Att.
2234 3357 2285 3417 1,
2310 3372 2387 3417 ¹7·

1438 3433 1521 3479 52.
1550 3436 1669 3481 Istae
1697 3451 1773 3481 res
1805 3434 1920 3484 sim.
1956 3436 2086 3482 Istas
2122 3449 2197 3481 res
2220 3447 2394 3498 vocat,

1365 3526 1442 3558 rm
1467 3527 1577 3574 qnae
1605 3513 1713 3560 istic
1732 3512 1913 3561 fiebant
1928 3549 1943 3572 ,
1970 3513 2022 3560 id
2046 3523 2146 3572 eat,
2167 3512 2280 3561 ioco
2302 3513 2390 3566 nbi

1365 3599 1465 3635 erat
1483 3592 1692 3640 Atticus.
1711 3592 1824 3639 Bm.
