3023 4773
603 440 696 514 56
1228 445 1324 512 Μ.
1376 445 1452 511 Τ.
1507 443 2101 515 CICERONIS

598 589 818 663 quam
861 580 1134 663 gratam
1184 590 1338 637 rem
1381 568 1608 663 ipsam
1659 566 2019 636 existimas
2078 562 2273 653 fore,
2330 591 2591 665 quum,
2647 586 2736 642 ut
2799 553 2806 561 ’

595 701 831 774 spere,
868 701 1028 774 quae
1050 675 1412 774 pollicitus
1439 701 1538 763 eS,
1565 674 1866 746 feceris?
1900 677 2218 746 Omnino
2253 678 2736 752 ostenderunt

595 788 958 859 Bulliones
979 798 1036 873 ²,
1072 811 1228 858 sese
1262 788 1574 858 Lucceio
1599 786 1927 883 Pompeii
1957 784 2307 861 arbitratu
2335 786 2735 860 satisfactu-

596 922 738 969 ros.
789 896 924 970 Sed
962 896 1430 968 vehementer
1465 920 1656 993 opus
1699 911 1807 968 est
1842 894 2092 985 nobis,
2139 911 2210 968 et
2246 898 2688 971 voluntatem
2710 954 2735 986 ,

597 1021 671 1077 et
713 1007 1250 1094 auctoritatem,
1301 1020 1372 1076 et
1412 1006 1801 1104 imperium
1856 1020 2066 1077 tuum
2107 1006 2464 1079 accedere.
2512 1010 2736 1100 Quod

597 1132 681 1189 ut
735 1116 981 1204 faciaS,
1017 1131 1086 1187 te
1131 1118 1344 1188 etiam
1387 1131 1606 1213 atque
1645 1118 1857 1187 etiam
1901 1141 2080 1215 rogo
2122 1146 2139 1188 ε
2185 1116 2509 1217 illudque
2551 1119 2735 1190 mihi

596 1228 1078 1326 gratissimum
1107 1240 1252 1315 est,
1272 1225 1472 1323 quod
1495 1228 1595 1296 ita
1623 1227 1864 1298 sciunt
1887 1229 2176 1299 Lucceii
2199 1243 2734 1326 procuratores,

595 1351 667 1408 et
714 1339 809 1407 ita
846 1338 1196 1408 Lucceius
1243 1337 1399 1433 ipse
1436 1361 1528 1407 ex
1564 1337 1787 1407 literis
1821 1340 1992 1424 tuis,
2030 1363 2211 1435 quas
2255 1338 2344 1409 ad
2391 1363 2556 1410 eum
2596 1343 2737 1412 mi-

593 1449 781 1532 sisti,
830 1444 1211 1530 intellexit,
1242 1447 1555 1517 hominis
1582 1445 1851 1518 nullius
1883 1447 2077 1545 apud
2111 1462 2183 1518 te
2217 1450 2727 1521 auctoritatem

594 1573 722 1629 aut
755 1561 1055 1655 gratiam
1085 1557 1320 1629 valere
1351 1557 1552 1653 pluS,
1592 1582 1813 1655 quam
1855 1582 2107 1629 meam.
2145 1556 2230 1629 Id
2274 1573 2355 1628 ut
2392 1584 2471 1630 re
2509 1585 2736 1658 expe-

595 1671 859 1758 riatur,
902 1669 1161 1738 iterum
1203 1682 1275 1737 et
1311 1668 1568 1765 saepius
1607 1681 1680 1739 te
1723 1691 1928 1763 rog0.

668 1895 718 1928 a.
739 1878 997 1926 Bulliones.
1017 1876 1097 1923 Sic
1119 1891 1286 1922 omnes
1307 1874 1422 1923 libri
1436 1884 1619 1923 veteres
1705 1874 1826 1923 urbe
1840 1911 1858 1935 ,
1882 1890 1993 1940 que
2028 1884 2100 1922 est
2137 1874 2191 1920 in
2225 1873 2445 1939 Illyrico.
2486 1874 2740 1924 Dicuntur

594 1976 687 2025 pro
708 1958 944 2019 Bylliones
965 1974 983 2003 .·
1002 1954 1248 2002 interdum
1273 1966 1435 2001 tamen
1462 1970 1616 2018 graeca
1705 1954 1996 2011 Ballienses,
2032 1953 2083 2000 in
2110 1953 2272 2000 Pison.
2295 1962 2387 2013 4ο,
2415 1953 2502 2002 ubi
2523 1958 2574 2002 F.
2596 1955 2739 2002 Ursi-

594 2039 734 2086 litera
772 2040 808 2083 Υ
854 2047 1075 2083 servatur
1093 2070 1107 2093 ,
1170 2043 1228 2081 ut
1277 2034 1327 2080 in
1371 2033 1612 2095 Pyrrhus,
1704 2048 1798 2080 nus
1832 2031 2124 2080 rescribebat
2148 2032 2445 2081 Bullidenses
2463 2069 2477 2092 ,
2519 2050 2582 2081 ex
2616 2033 2737 2081 Bul-

594 2117 803 2180 Plnyges
825 2136 845 2163 .·
873 2116 1009 2179 quod
1040 2115 1241 2173 Cicero,
1276 2124 1449 2161 contra
1489 2123 1619 2160 vete-
1702 2112 1830 2175 lide,
1878 2128 1965 2160 seu
2011 2111 2235 2175 Byllide,
2277 2129 2386 2176 qua
2436 2123 2741 2161 memoratur

596 2213 699 2244 rem
725 2194 1156 2251 consuetudinem,
1192 2192 1369 2258 probat
1407 2192 1459 2239 in
1488 2191 1618 2239 libro
1705 2190 1828 2240 Phil.
1864 2195 1939 2240 x1
1960 2226 1975 2250 ,
2024 2207 2108 2240 ιι.
2137 2193 2494 2241 —Videantur
2531 2208 2740 2257 quoque

595 2275 657 2323 de
681 2275 895 2338 perfecto
918 2284 1127 2323 oratore.
1146 2272 1324 2337 Populi
1343 2283 1455 2319 sunt
1472 2287 1618 2336 supra
1705 2288 1815 2334 quae
1847 2272 1908 2319 de
1937 2271 1997 2317 iis
2021 2283 2255 2320 memorat
2282 2272 2411 2321 Plin.
2441 2272 2573 2322 nist.
2607 2273 2735 2322 Nat.

595 2354 948 2420 Epidamnum,
984 2370 1013 2401 a
1038 2352 1231 2417 Byllide
1250 2384 1266 2412 ‚
1300 2351 1402 2399 sive
1426 2350 1619 2399 Bullide
1705 2352 1778 2399 111
1793 2384 1808 2410 ,
1832 2351 1918 2399 23.
1945 2350 2037 2401 En.

867 2543 1571 2564 mmmm

2276 2544 2741 2564 mmm

1163 2740 1772 2821 EPISTOLA
1834 2743 2164 2822 XLIII.

673 2917 931 2997 Oppium
976 2915 1145 2974 Gallo
1199 2914 1597 2985 commendat,
1659 2915 1888 2992 Egnatii
1941 2916 2172 2994 negotia
2212 2928 2651 2992 procurantem.

1410 3010 1606 3090 (Anno
1639 3009 1911 3089 incerte.)

950 3195 1037 3260 M.
1068 3195 1145 3257 T.
1180 3197 1249 3257 c.
1289 3192 1660 3275 QUINT10
1711 3193 1993 3258 GALLO
2015 3213 2036 3243 ι
2084 3193 2150 3259 s,
2182 3194 2254 3258 P.
2293 3196 2372 3258 D.

686 3337 852 3402 Ers1
884 3330 1213 3428 plurimis
1235 3327 1452 3400 rebus
1482 3353 1696 3427 spero
1721 3329 1909 3419 fore,
1936 3345 2018 3400 ut
2037 3313 2489 3428 perspiciam,
2521 3330 2733 3426 quod

591 3458 836 3514 tamen
881 3439 1316 3538 jampridem
1365 3442 1761 3537 perspicio,
1805 3466 1920 3511 me
1967 3465 2008 3510 a
2051 3454 2122 3511 te
2160 3441 2418 3527 amari3
2483 3453 2736 3511 tamen

593 3577 795 3623 nunc
816 3575 899 3621 ea
922 3576 1132 3622 causa
1163 3550 1296 3620 tibi
1327 3549 1563 3637 datur,
1594 3551 1671 3620 in
1692 3575 1836 3647 qua
1870 3548 2073 3620 facile
2107 3548 2466 3620 declarare
2497 3550 2736 3646 possis

591 3677 792 3732 tuam
832 3684 997 3757 erga
1035 3686 1150 3732 me
1185 3660 1773 3732 benivolentiam.
1819 3665 1896 3730 L.
1921 3661 2238 3760 Oppius,
2262 3665 2359 3732 Μ.
2381 3667 2454 3730 F.
2479 3660 2734 3731 Philo-

707 3813 718 3836 Ο

672 3879 715 3911 1.
742 3860 907 3907 Gallo.
926 3860 1200 3923 Victorius,
1223 3861 1616 3910 Gallim—Nihil
1708 3863 1805 3924 Qui
1852 3871 2012 3909 tamen
2069 3860 2130 3909 de
2179 3862 2344 3910 Gallio
2391 3859 2740 3924 contendunt,

587 3941 670 3988 hic
686 3951 758 3988 est
772 3939 1090 3987 dubitandum
1111 3941 1172 3987 de
1195 3943 1357 3989 Gallio
1379 3959 1441 3989 an
1464 3942 1615 4004 Quin·
1705 3940 1835 3989 hunc
1862 3939 2004 3989 illum
2032 3958 2135 3989 esse
2162 3952 2336 4006 putant
2352 3976 2367 4000 ,
2394 3941 2451 3987 de
2487 3957 2586 4005 quo
2616 3943 2734 3994 cic.

588 4033 658 4069 to.
697 4021 824 4068 Nam
863 4035 890 4064 e
921 4028 1082 4066 vetere
1122 4020 1439 4084 inscriptione
1481 4021 1614 4085 apud
1703 4024 1842 4070 Brut.
1873 4038 1916 4069 c.
1939 4023 2027 4078 80,
2054 4033 2104 4069 et
2121 4023 2230 4072 an.
2255 4024 2544 4080 Mazvm,
2572 4039 2657 4084 10,
2675 4025 2738 4084 3,

583 4104 852 4151 Gruterum
866 4108 1055 4146 constat
1068 4098 1212 4148 fuisse
1226 4100 1451 4147 feminam
1462 4102 1614 4163 Quin·
1702 4111 1752 4148 et
1777 4101 1862 4165 qui
1890 4099 2115 4149 veneficii
2136 4112 2409 4163 accusatus,
2434 4117 2462 4149 ι
2489 4102 2739 4152 Cicerone

582 4181 718 4241 tiam,
739 4190 787 4228 et
805 4175 1001 4226 Ganum
1021 4177 1126 4238 ejus
1142 4194 1417 4242 cognomen
1436 4180 1602 4230 fuisse.
1701 4181 1798 4229 suit
1824 4180 2063 4231 defensus.
2092 4182 2181 4230 Eo.
