3023 4773
471 364 1026 436 EPISTOLAE
1076 363 1215 431 AD
1268 363 1770 449 ATTICUM‚
1812 366 1958 450 VI,
2012 364 2075 436 3.
2213 362 2359 435 623

311 494 416 564 Ne
458 487 632 559 illud
681 484 978 582 quidem
1032 485 1575 582 praetermittam
1624 513 1640 554 ε
1688 488 2116 557 Hortensius
2169 486 2361 560 filius

224 600 355 671 fuit
395 598 802 683 Laodiceae,
845 594 1360 692 gladiatoribus
1394 591 1499 682 ²5,
1537 594 1884 692 flagitiose
1923 611 1992 667 et
2027 600 2360 696 turpiter.

224 718 443 782 Hunc.
492 733 627 805 ego
685 707 1161 802 patriscausa
1207 706 1457 775 vocavi
1504 703 1600 784 ¹ad
1653 729 1971 793 coenam,
2032 732 2184 801 quo
2246 707 2363 778 die

225 824 461 908 venit;
493 832 563 889 et
585 815 911 912 ejusdem
950 818 1171 912 patris
1195 838 1406 885 causa
1442 813 1622 885 nihil
1648 814 1955 912 amplius
1973 812 2060 885 ²⁶.
2092 823 2161 888 Is
2187 819 2366 888 mihi

226 927 443 1014 dixit,
483 953 559 999 se
599 924 898 996 Athenis
929 948 1047 995 me
1066 939 1647 1021 exspectaturum
1672 980 1691 1010 ,
1725 939 1808 994 ut
1843 950 2132 997 mecum
2162 926 2369 999 dece-⁶

227 1039 447 1111 deret.
484 1042 737 1122 Recte,
782 1039 1082 1131 inquam
1118 1061 1132 1103 ε
1177 1032 1352 1131 quid
1400 1037 1596 1105 enim
1640 1034 2006 1106 dicerem?
2043 1039 2366 1109 Omnino

228 1164 407 1246 puto
447 1129 655 1217 'nihil
719 1169 904 1229 esse,
949 1134 1149 1241 quod
1189 1143 1375 1214 dixit
1409 1154 1494 1212 2⁷.
1556 1144 1745 1214 Nolo
1803 1144 2097 1241 quidem
2137 1142 2234 1234 ²⁸,
2271 1127 2367 1218 ne

227 1256 592 1328 offendam
645 1268 960 1352 patrem,
1019 1279 1239 1350 quem
1285 1253 1701 1324 mehercule
1760 1254 2066 1324 multum
2123 1255 2365 1354 dilige.

228 1369 346 1437 Sin
392 1366 609 1436 fuerit
651 1388 860 1434 meus
899 1387 1175 1450 come5‚
1214 1360 1649 1432 moderabor
1694 1364 1822 1449 ita,
1862 1388 1952 1432 ne
1981 1362 2157 1460 quid
2198 1390 2367 1436 eum

228 1471 589 1547 offendam
614 1529 633 1559 ‚
667 1497 887 1569 quem
924 1471 1221 1543 minime
1249 1472 1438 1542 volo.
1467 1478 1636 1542 Haec
1666 1487 1875 1559 sunt3
1908 1478 2123 1543 etiam
2161 1476 2365 1548 illud.

227 1588 648 1656 Orationem
677 1586 763 1672 Q.
787 1582 1054 1652 Celeris
1082 1583 1261 1653 mihi
1293 1582 1505 1652 velim
1529 1585 1775 1654 mittas
1795 1597 2048 1653 contra
2072 1588 2168 1654 M.
2202 1591 2363 1657 Ser·

228 1697 475 1765 vilium
514 1704 604 1762 ²9.
652 1693 924 1761 Literas
980 1694 1186 1762 mitte
1233 1716 1454 1788 quam
1511 1693 1854 1790 primum.
1934 1695 2004 1763 Si
2025 1689 2092 1736 ³⁰
2145 1695 2366 1783 nihil;

231 1803 408 1873 nihil
446 1800 643 1888 fieri,
681 1799 976 1896 vel-per
1018 1814 1229 1870 tuum
1293 1800 1771 1874 tabellarium.
1829 1803 2023 1874 Piliae
2079 1817 2155 1876 et
2206 1804 2369 1876 filiae

231 1914 552 1985 salutem.
592 1915 814 1997 Cura«,
852 1924 934 1980 ut
972 1910 1225 1980 valeas.

231 2118 572 2170 contemnebat
590 2152 605 2180 ,
650 2116 735 2165 sed
771 2116 970 2180 plurimi
1010 2115 1249 2165 faciebat:

232 2199 457 2261 idemque
488 2213 622 2261 reges
651 2197 819 2245 oderat
854 2195 1092 2260 superbos
1109 2229 1127 2257 ‚
1157 2196 1255 2244 hoc

232 2288 304 2323 est
323 2314 337 2336 ,
362 2286 606 2338 magnates
631 2274 742 2322 illos
757 2310 772 2335 ,
795 2276 880 2338 qui
900 2274 1060 2338 ipsum
1080 2274 1253 2338 despe-

232 2356 334 2404 ctui
365 2354 622 2403 habebant.
654 2352 750 2401 Hic
775 2352 948 2401 Cicero
974 2353 1067 2400 sibi
1097 2362 1255 2417 partes

232 2437 382 2484 sumit
393 2434 564 2484 Granii
576 2432 828 2491 Lucilinni,
843 2444 899 2481 ut
911 2433 1049 2481 Bruti
1064 2433 1254 2492 fastum,

233 2525 282 2561 et
317 2514 640 2578 arrogantiam
672 2512 928 2572 retundat,
959 2522 1255 2575 usurpatque

238 2598 401 2641 versus
423 2593 596 2641 Lucilii
611 2629 626 2654 ,
652 2608 779 2655 quos
804 2592 854 2639 in
872 2607 958 2639 ore
979 2592 1257 2655 ftequeuter

238 2674 429 2720 Atticus
450 2671 677 2722 habebat.
699 2674 814 2721 Bos.

309 2754 396 2800 25.
429 2751 814 2798 Gladiatoribus.
849 2752 961 2797 Hoc
982 2758 1082 2805 est,
1104 2764 1257 2812 quum

236 2830 342 2877 ludi
391 2829 662 2894 gladiatorii
713 2829 944 2876 darentur
989 2827 1257 2876 Laodicea.

234 2908 564 2956 Gaium—Al.
580 2906 765 2954 addunt
780 2924 903 2955 cum.
914 2906 1059 2956 Male.
1070 2907 1103 2954 J
1108 2908 1185 2955 .V.
1203 2909 1256 2954 L.

312 2988 399 3034 26.
425 2986 568 3034 Nihil
585 2986 812 3050 amplius.
845 2986 928 3035 Ad
954 3002 1140 3035 coenam
1171 3001 1259 3034 vo·

237 3067 345 3114 cavi
361 3100 377 3124 ‚
402 3065 540 3129 quod
561 3076 685 3113 esset
707 3066 957 3114 Hortensii
971 3064 1102 3114 filius
1121 3079 1133 3113 :
1154 3066 1261 3114 aliis

237 3161 351 3193 eum
377 3144 553 3193 officiis
577 3160 679 3193 non
698 3161 803 3192 sum
829 3154 1149 3207 prosequutus
1164 3178 1177 3200 ‚
1196 3161 1259 3191 ne

240 3236 393 3288 pater,
428 3227 509 3272 cui
536 3226 639 3273 seio
665 3224 893 3271 odiosum
910 3256 924 3281 ,
956 3223 1261 3286 invisumque

238 3319 371 3362 esse,
398 3304 596 3353 moleste
623 3304 784 3353 ferret.
810 3303 953 3351 Mu.

1412 2133 1497 2179 27.
1529 2118 1788 2167 Omnino..
1809 2154 1822 2168 .
1843 2152 1856 2167 .
1904 2119 2050 2170 ᾰεὶτίτ.
2083 2122 2209 2170 Puto
2237 2125 2374 2187 quod

1342 2195 1474 2244 dixit
1490 2212 1542 2243 se
1565 2196 1689 2244 velle
1706 2213 1894 2245 meeum
1914 2199 2146 2258 deoedere
2160 2235 2176 2261 ,
2195 2201 2248 2249 id
2265 2213 2371 2250 tau-

1343 2285 1447 2321 tum
1475 2273 1595 2322 dicis
1623 2275 1774 2338 gratia
1791 2313 1806 2338 ,
1842 2293 1944 2325 non
1971 2279 2108 2341 quod
2134 2297 2299 2329 revera
2324 2282 2368 2328 ei

1342 2354 1652 2419 propositum
1677 2355 1771 2414 sit,
1791 2354 1984 2406 dixisse.
2012 2358 2107 2408 En.

1419 2435 1503 2482 28.
1520 2436 1651 2483 Nolo
1668 2435 1885 2499 quidem.
1903 2439 2024 2484 Eum
2039 2454 2118 2485 me
2134 2439 2374 2498 comitari,

1343 2529 1405 2560 ne
1432 2524 1572 2577 pater
1598 2515 1889 2564 Hortensius
1918 2516 2044 2564 forte
2072 2534 2129 2566 ea
2157 2534 2208 2566 re
2231 2518 2371 2581 quasi

1343 2593 1506 2640 nimiae
1549 2609 1667 2640 meae
1713 2610 1823 2641 cum
1878 2593 1983 2642 filio
2031 2596 2371 2645 familiaritatis

1342 2671 1527 2720 indicio
1553 2673 1848 2724 offendatur.
1875 2677 1997 2723 Seu.

1416 2765 1502 2812 ²9·
1547 2753 1618 2798 n.
1660 2752 1926 2803 Servilium.
1969 2755 2044 2801 De
2088 2753 2373 2818 repetundis

1345 2839 1644 2878 accusatum.
1674 2834 1764 2896 Ep.
1796 2834 1824 2881 8
1844 2869 1859 2894 ,
1880 2832 1967 2881 lib.
1993 2834 2138 2895 VIII,
2159 2833 2224 2880 ad
2249 2834 2372 2882 Div.

1346 2907 1511 2956 Coun.

1418 2987 1503 3036 30.
1543 2987 1598 3035 Si
1625 2986 1765 3037 nihil.
1805 2989 1856 3037 Si
1882 2989 2006 3036 nihil
2047 2989 2141 3048 sit,
2176 2991 2370 3054 inquit,

1347 3066 1484 3131 quod
1502 3066 1707 3129 scribas,
1726 3067 1841 3115 volo
1866 3078 2025 3116 tamen
2042 3069 2160 3116 mihi
2178 3071 2372 3120 nunties

1349 3146 1426 3194 vel
1458 3163 1547 3210 per
1575 3158 1713 3193 tuum
1741 3147 2072 3208 tabellarium,
2099 3149 2221 3196 nihil
2249 3147 2371 3198 fieri.

1349 3227 1465 3275 Bos.
1488 3253 1548 3263 -
1575 3226 1736 3286 Olim,
1759 3229 1838 3275 «si
1858 3227 1978 3276 nihil
1996 3228 2167 3285 fuerit,
2192 3245 2237 3277 v.
2257 3247 2307 3295 p.
2330 3242 2372 3280 t.

1349 3315 1388 3353 t.
1407 3326 1434 3345 .
1457 3306 1490 3354 J
1496 3339 1510 3353 .
1528 3306 1592 3353 V.
1612 3307 1664 3353 L.
