3023 4773
520 391 1061 514 'ms-rom
1114 442 1246 511 AD
1296 443 1787 530 ΑΤΤΙΟΠΜ,
1833 446 1919 528 v,
1973 443 2039 511 s.

228 647 779 670 mmmm
784 645 2341 669 mmmmmmmmmmmmmmm

830 771 1428 916 ErlsTOLA
1496 838 1747 916 v111.

230 1000 418 1074 Rogat
449 995 741 1065 Atticum,
773 1005 839 1050 ut
869 992 1257 1070 suspicionem
1288 990 1516 1070 injuriae
1559 994 1769 1051 Miloni
1808 994 1887 1054 ob
1936 995 2201 1073 quaedam
2233 997 2356 1074 ejus

309 1091 464 1151 bona
500 1110 534 1150 a
574 1089 880 1149 Philotimo
915 1085 1203 1148 Terentiae
1238 1088 1451 1147 liberto
1484 1104 1677 1169 empta
1724 1091 1887 1149 sactae
1921 1111 1953 1147 a
1985 1111 2046 1150 se
2073 1106 2355 1151 amoveat.

308 1187 622 1269 (Brundisii
639 1231 657 1260 ,
686 1206 838 1246 anno
866 1190 947 1245 IL·
966 1187 1032 1244 C.
1058 1205 1168 1258 702
1189 1227 1205 1253 ,
1234 1204 1430 1245 mense
1447 1186 1660 1264 junio.)

895 1343 1205 1409 CICERO
1251 1345 1568 1409 ATTICO
1616 1346 1677 1409 S.

320 1474 439 1541 ΜΒ
475 1483 550 1540 et
589 1465 1051 1540 incommoda
1082 1465 1438 1554 valitudo,
1483 1491 1627 1562 qua
1657 1467 1805 1562 jam
1827 1480 1845 1513 ¹
1895 1493 2355 1555 emerseram,

228 1594 481 1678 utpote
508 1602 738 1676 quum
779 1578 933 1647 sine
975 1569 1163 1647 febri
1193 1576 1669 1667 laborassem,
1700 1594 1773 1649 et
1811 1577 2199 1677 Pomptinii
2231 1604 2354 1649 ex·

226 1693 608 1789 spectatiO,
659 1686 753 1759 de
796 1711 947 1784 quo
984 1685 1222 1757 adhuc
1256 1712 1348 1759 ne
1385 1712 1639 1759 rumor
1685 1689 1979 1783 quidem
2024 1702 2355 1773 venerat,

228 1800 529 1874 tenebat
554 1797 1067 1869 duodecimum
1083 1796 1231 1892 jam
1259 1795 1450 1868 diem
1483 1797 1870 1869 Brundisii.
1904 1797 2040 1870 sed
2063 1823 2354 1870 cursum

223 1907 838 2008 exspectabamus,
870 1911 979 1976 Tu
1009 1907 1069 1976 si
1094 1893 1314 1977 modo
1340 1930 1416 1977 es
1440 1911 1724 1997 Romae3
1758 1911 1879 1977 vix
1906 1909 2098 1978 enim
2130 1921 2353 2005 puto:

223 2022 336 2093 sin
392 2044 504 2106 eS,
567 2017 708 2088 hoc
751 2015 1218 2086 vehementer
1264 2017 1787 2089 animadvertas
1830 2019 2065 2089 velim.
2126 2023 2356 2089 Roma

221 2153 643 2228 acceperam
688 2125 962 2214 literaS,
1010 2126 1359 2198 Milonem
1401 2150 1650 2198 meum
1694 2131 1900 2223 queri
1951 2154 2083 2226 per
2115 2127 2355 2199 literas

222 2241 563 2337 injuriam
624 2261 897 2325 meam,
960 2237 1161 2334 quod
1217 2236 1646 2308 Philotimus
1702 2241 1982 2308 socius²
2035 2253 2223 2310 esset
2279 2240 2352 2308 in

221 2351 440 2425 bonis
466 2350 633 2424 suis.
669 2346 752 2420 ld
790 2372 924 2446 ego
952 2348 1051 2418 ita
1082 2344 1237 2423 fieri
1265 2346 1465 2418 volui
1496 2346 1588 2419 de
1619 2349 1696 2418 C.
1730 2347 2035 2418 Duronii
2063 2363 2351 2419 senten·

222 2467 362 2551 tia3
405 2484 627 2559 quem
687 2474 761 2530 et
808 2459 1316 2529 amicissimum
1365 2457 1620 2527 Miloni
1679 2480 2222 2554 perspexeram,
2283 2471 2354 2527 et

226 2573 441 2645 talem
473 2573 742 2657 virum,
780 2567 1071 2667 qualem
1108 2583 1185 2639 tu
1220 2566 1530 2661 judicaS,
1568 2591 1979 2664 cognoram.
2014 2567 2184 2662 Ejus
2222 2591 2350 2638 au-

226 2701 371 2757 tem
414 2683 822 2768 consilium,
857 2703 1246 2775 meumque
1272 2677 1416 2749 hoc
1452 2675 1686 2748 fuerat
1716 2702 1733 2747 ε
1766 2679 2119 2775 primum,
2158 2692 2242 2748 ut
2274 2680 2346 2747 in

224 2805 575 2892 potestate
637 2804 880 2861 nostra
934 2803 1124 2861 esset
1176 2811 1327 2874 res,
1385 2811 1479 2859 ne
1525 2786 1750 2859 illum.
1782 2787 2011 2858 malus
2067 2801 2354 2883 emptor

220 2897 547 2974 alienus—³
586 2900 994 2996 mancipiis,
1026 2924 1187 2996 quae
1224 2898 1583 2999 permulta
1620 2922 1863 2969 secum
1897 2896 2152 2983 habet,
2190 2922 2351 2993 spo-

222 3015 468 3099 liaret3
502 3008 801 3096 deinde,
849 3023 931 3079 ut
964 3012 1302 3097 Faustae⁶,
1355 3012 1473 3080 cui
1521 3022 1812 3079 cautum
1856 3006 1976 3077 ille
2026 3031 2178 3078 esse
2220 3031 2352 3077 vo-

1331 3212 1446 3273 Quo
1468 3210 1603 3257 facto
1617 3209 1834 3256 futurum
1848 3210 1949 3250 erat
1970 3209 2025 3246 ut
2042 3197 2166 3246 Milo
2187 3197 2352 3245 multis

1330 3290 1585 3353 mancipiis
1600 3325 1614 3350 ‚
1629 3302 1739 3351 quae
1751 3298 1914 3333 secum
1929 3278 2195 3327 abduxerat
2207 3312 2222 3338 ,
2236 3293 2354 3340 spo·

1328 3367 1547 3416 linretur.
1574 3369 1699 3417 Nam
1735 3381 1791 3413 ea
1815 3371 2010 3426 emptor
2046 3357 2231 3405 alienus
2257 3356 2349 3404 sibi

1329 3447 1652 3503 vindicasset,
1681 3456 1923 3506 tamqnam
1951 3438 2045 3487 sibi
2080 3436 2349 3499 mancipata

1329 3541 1442 3574 cum
1469 3526 1644 3575 ceteris
1665 3523 1796 3573 illius
1819 3520 1964 3569 bonis
1981 3534 1994 3565 z
2014 3515 2152 3582 quod
2170 3531 2349 3578 nequa-

300 3226 347 3257 1.
393 3209 504 3271 Qua
540 3207 653 3273 jam
692 3221 998 3254 emerseram.
1035 3207 1203 3255 Scribe
1223 3242 1241 3269 ‚

222 3303 549 3353 qqnmqmm
576 3286 751 3336 emersi
773 3286 929 3346 jam».
950 3287 1001 3335 J.
1026 3288 1080 3334 F.
1104 3289 1243 3337 Gno-

224 3382 348 3494 ⁸⁰³·-
371 3446 532 3495 Socio.
560 3443 793 3494 Sotehnnt
828 3444 1043 3492 Romani
1082 3445 1135 3491 in
1158 3459 1242 3492 ne-

221 3525 577 3589 gotiationibus
592 3534 644 3573 et
669 3523 970 3571 commerciis
990 3522 1064 3570 nti
1099 3520 1247 3571 liher-

224 3617 388 3654 torum
404 3621 553 3669 opera
571 3638 586 3665 ,
604 3615 664 3653 nt
680 3614 882 3670 apparet
898 3619 960 3651 ex
978 3602 1240 3651 Plutarcho
1330 3594 1709 3668 qusm'factums
1735 3611 1838 3649 erat
1853 3596 2165 3653 Philotimus,
2189 3594 2273 3657 qui
2296 3596 2347 3640 in

219 3683 273 3731 in
298 3684 482 3732 Catone
521 3684 732 3745 majore,
758 3695 808 3732 et
842 3684 947 3731 aliis
967 3682 1131 3731 multis
1152 3698 1239 3730 sn·

221 3760 457 3810 ctos-ibus.
490 3763 557 3810 Ea
590 3763 652 3811 de
675 3780 816 3812 eam
837 3764 1011 3813 Cioeoo
1035 3762 1129 3813 sibi
1163 3779 1240 3812 so·

222 3841 355 3889 cium
373 3841 426 3888 in
442 3840 588 3889 bonis
607 3841 807 3890 Milonis
830 3843 1118 3903 adjunxerat
1130 3842 1240 3889 Phi·

217 3921 449 3971 lotimum
466 3920 725 3981 libertum,
746 3939 897 3988 quum
925 3939 981 3971 ea
1017 3921 1078 3971 ab
1101 3923 1236 3971 hasta

219 4011 418 4051 emeret.
447 4001 638 4049 Emer-st
662 4012 847 4061 sutem,
865 4018 927 4049 ne
945 4018 999 4049 es
1026 4003 1233 4067 emptori

216 4080 381 4130 alieno
402 4078 761 4139 addicerentur,
775 4080 872 4129 hoc
888 4091 1095 4138 est‚uon
1115 4082 1232 4128 smi-

221 4174 309 4218 co,
349 4170 399 4208 et
436 4174 539 4208 non
575 4159 797 4208 familiari
836 4160 988 4223 ipsius
1014 4160 1232 4210 Milonis.

1327 3698 1380 3730 es
1407 3699 1459 3730 re
1480 3682 1607 3730 nihil
1624 3681 1817 3746 agebat,
1845 3679 1938 3726 nisi
1956 3675 2206 3725 Ciceronis
2228 3689 2346 3721 eon·-

1326 3762 1455 3812 silio.
1475 3763 1673 3811 Bosms.
1695 3787 1761 3797 -
1775 3757 1891 3806 Via.
1912 3756 1975 3805 ad
1993 3755 2107 3803 niv.
2124 3756 2244 3801 vm
2257 3785 2272 3811 ,
2290 3754 2340 3801 3.

1399 3843 1447 3889 3.
1467 3841 1690 3889 Graevius
1706 3849 1846 3905 putat
1855 3834 2046 3901 legend.
2066 3845 2120 3883 ee
2138 3832 2341 3881 alienus.
2391 3894 2394 3897 y

1324 3922 1373 3969 J·
1396 3922 1681 4058 {me-
1705 3996 1829 4046 Milo
1852 3996 1903 4044 in
1928 3993 2150 4043 exsilium
2173 3991 2347 4040 Massi-

1322 4081 1433 4130 liam
1476 4080 1644 4129 sbiens
1669 4082 1851 4127 Fausta
1887 4075 2032 4127 uxori
2055 4086 2245 4124 caverat
2280 4076 2340 4123 de

1324 4160 1464 4223 dote,
1483 4175 1594 4224 quae
1612 4160 1772 4207 cautio
1794 4168 1852 4211 nt
1871 4167 1970 4215 rata
1998 4167 2145 4215 esset,
2173 4158 2342 4205 Cicero
