3023 4773
836 411 1419 498 EPISTOLAE,
1455 411 1692 496 xm,
1732 433 1843 505 77.
1884 459 1896 471 .
2314 406 2406 502 89

272 532 461 606 salvo
482 532 657 628 jure
675 545 935 603 nostrae
949 533 1211 605 veteris
1227 533 1555 605 amicitiae
1569 543 1626 620 ²,
1646 532 2188 628 multorumque
2216 531 2408 601 inter

269 670 402 715 nos
427 640 885 732 officiorum,
915 640 1148 714 facere
1182 666 1433 741 posse,
1471 657 1557 712 ut
1593 640 1862 712 honori
1895 654 2025 711 tuo
2059 638 2405 712 deessem.

268 759 525 851 Itaque
561 750 775 840 affin,
813 752 1566 851 supplicationemque
1596 751 1731 823 tibi
1757 749 2067 822 libenter
2091 748 2405 837 decrevi3

268 888 406 935 nec
440 862 734 963 reliquo
761 877 1092 961 tempore
1123 862 1308 953 ulln,
1354 877 1479 935 aut
1509 863 1658 949 rei,
1699 875 1826 933 aut
1862 860 2408 945 existimationi,

265 988 399 1044 aut
433 973 768 1071 dignitati
805 988 943 1044 tuae
986 972 1229 1045 deero.
1266 976 1546 1072 Atque,
1594 972 1739 1045 hoc
1773 987 1860 1043 ut
1889 971 2001 1043 tui
2036 971 2413 1042 necessarii

267 1086 541 1171 sciant,
586 1082 728 1155 hoc
762 1109 884 1156 me
921 1084 1168 1157 animo
1212 1106 1380 1184 erga
1420 1098 1495 1156 te
1538 1108 1692 1156 esse
1714 1137 1734 1172 ,
1774 1081 1994 1153 velim
2038 1078 2253 1152 facias
2290 1104 2415 1151 eos

264 1219 408 1292 per
430 1194 678 1267 literas
712 1195 1058 1267 certiores
1079 1250 1099 1283 ,
1126 1209 1248 1284 ut,
1279 1197 1341 1267 si
1375 1194 1556 1294 quid
1587 1192 1719 1267 tibi
1748 1216 1936 1292 opus
1979 1192 2072 1265 sit
2096 1246 2116 1280 ,
2149 1215 2244 1263 ne
2276 1189 2417 1262 du-

261 1303 517 1375 bitent
551 1303 734 1375 mihi
761 1305 926 1401 jure
966 1329 1101 1377 suo
1139 1304 1590 1378 denuntiare.

367 1418 471 1484 M.
506 1414 901 1504 Bolanum,
923 1416 1159 1487 virum
1192 1415 1475 1488 bonum
1503 1432 1580 1489 et
1612 1413 1876 1488 fortem
1896 1469 1917 1502 ‚
1959 1426 2034 1486 et
2068 1408 2414 1485 omnibus

263 1521 498 1596 rebus
522 1538 901 1612 ornatum,
937 1550 1329 1625 meumque
1366 1543 1683 1600 veterem
1717 1527 2067 1614 amicum,
2104 1523 2237 1595 tibi
2272 1548 2415 1594 ma-

266 1657 600 1731 gnopere
634 1632 1092 1707 commendo.
1124 1640 1547 1735 Pergratum
1574 1637 1753 1708 mihi
1786 1634 2078 1724 feceriS‚
2115 1636 2175 1706 si
2205 1658 2414 1707 cura-

267 1744 402 1828 ri5‚
433 1755 520 1813 ut
545 1743 610 1814 is
632 1742 1019 1841 intelligat,
1041 1744 1233 1818 hanc
1255 1747 1960 1820 commendationem
1984 1744 2121 1817 sibi
2150 1770 2417 1843 magno

271 1853 704 1950 adjumento
730 1851 972 1926 fuisse.
1014 1859 1410 1955 Ipsumque
1440 1859 1677 1930 virum
1713 1858 2072 1957 optimum
2102 1855 2415 1954 gratissi-

269 1987 631 2060 mumque
659 1987 1074 2061 cognosces.
1104 1969 1455 2039 Promitto
1492 1967 1661 2057 tibi,
1707 1983 1776 2039 te
1805 1994 1893 2040 ex
1919 1967 2078 2064 ejus
2111 1968 2420 2038 amicitia

272 2096 615 2170 magnam
649 2073 1100 2171 voluptatem
1134 2100 1289 2151 esse
1326 2093 1728 2175 capturum.
1762 2131 1768 2137 -

366 2188 726 2269 Praeterea
753 2209 797 2265 a
830 2199 905 2257 te
935 2201 1110 2285 peto
1145 2188 1222 2257 in
1260 2189 1608 2285 majorem
1650 2189 1984 2273 modum,
2011 2211 2147 2286 pro
2177 2201 2421 2259 nostra

267 2297 627 2394 amicitia,
665 2309 737 2367 et
773 2321 910 2394 pro
948 2312 1078 2368 tuo
1106 2313 1462 2398 perpetuo
1494 2301 1570 2370 in
1606 2324 1725 2372 me
1754 2287 2144 2389 studio,'ut
2177 2299 2252 2368 in
2284 2297 2418 2380 hac

268 2432 349 2478 re
375 2407 603 2478 etiam
635 2404 984 2495 elabores.
1014 2408 1405 2507 Dionysius
1423 2466 1443 2499 ‚
1473 2435 1990 2502 servusmeus,
2028 2410 2158 2507 qui
2186 2432 2418 2479 meam

271 2514 774 2588 bibliothecen
816 2516 1217 2589 multorum
1268 2545 1742 2593 nummorum
1781 2521 2143 2608 tractavit,
2188 2544 2418 2616 quum
2468 2607 2471 2616 ι

272 2626 551 2698 multos
595 2625 819 2701 libros
860 2631 1362 2727 surripuisset,
1423 2657 1558 2704 nec
1616 2658 1691 2705 se
1741 2634 2041 2731 impune
2102 2631 2417 2701 laturum

266 2752 570 2834 putaret
591 2792 612 2823 ‚
681 2736 983 2836 aufugit.
1046 2744 1118 2811 Is
1171 2756 1281 2814 est
1330 2743 1405 2812 in
1459 2745 1833 2841 provincia
1887 2759 2030 2815 tua.
2094 2748 2282 2813 Eum
2351 2754 2424 2810 et

270 2853 362 2919 M.
407 2847 767 2938 BolanuS‚
821 2847 1185 2936 familiaris
1225 2877 1467 2940 mem,
1529 2869 1602 2925 et
1652 2854 1861 2925 multi
1913 2854 2033 2926 alii
2066 2847 2419 2925 Naronae³

267 2957 657 3048 viderunt3
704 2957 876 3048 sed,
911 2986 1144 3059 quum
1192 2987 1269 3035 se
1302 2988 1345 3035 a
1393 2989 1511 3037 me
1539 2968 2083 3064 ,manumissum
2126 2988 2279 3035 esse
2313 2961 2423 3032 di-

271 3085 511 3158 ceret,
551 3069 1035 3142 crediderunt.
1064 3077 1276 3144 Hunc
1313 3089 1392 3148 tu
1427 3078 1484 3146 si
1522 3074 1702 3146 mihi
1726 3070 2261 3147 restituendum
2297 3096 2422 3144 cu·

272 3297 326 3333 nt
353 3301 423 3333 ex
448 3285 608 3350 ipsius
634 3284 859 3349 epistolis
876 3284 1189 3350 intelligitur,
1225 3288 1310 3350 qui
1399 3284 1633 3346 telligitnr
1660 3281 1933 3347 Sulpicium
1959 3295 2054 3328 una
2090 3294 2204 3326 cum
2219 3278 2420 3327 Vatinio

272 3367 439 3431 possit
459 3364 635 3413 eadem
653 3367 770 3414 urbs
791 3382 893 3415 esse
909 3368 963 3414 in
981 3365 1189 3429 imperio
1209 3366 1311 3414 Sul·
1398 3363 1541 3411 rebus
1563 3362 1774 3426 Illyricis
1797 3359 2068 3427 praesuisse,
2099 3360 2195 3407 En.

274 3445 418 3510 picii.
464 3443 616 3493 Unde
668 3447 990 3507 conjecerunt
1035 3445 1172 3494 docti
1215 3446 1311 3492 viri
1469 3459 1520 3491 a.
1567 3444 1757 3490 Nostroe
1799 3440 1977 3489 veteris
2027 3437 2275 3486 amt'cieioe.
2315 3440 2424 3486 Hoc

275 3524 486 3589 Sulpicii
516 3534 566 3571 et
581 3525 766 3573 Vatinii
784 3541 1092 3574 comunem
1114 3525 1312 3589 provin·
1397 3522 1660 3570 convenire
1693 3524 1746 3570 in
1776 3520 2031 3568 Vatinium
2065 3530 2210 3584 negat
2237 3523 2420 3569 Manu-

277 3605 408 3652 ciam
425 3605 580 3652 fuisse
600 3602 875 3668 Illyricum.
902 3605 999 3653 Sed
1022 3604 1121 3653 hoc
1141 3603 1313 3652 reselli-
1398 3603 1521 3660 tius,
1556 3612 1614 3650 ut
1640 3612 1689 3650 et
1722 3624 1747 3642 u
1763 3617 1858 3665 pro
1883 3611 1972 3648 tuo
1996 3611 2236 3664 perpetuo
2263 3599 2314 3647 in
2342 3616 2420 3647 me

280 3696 359 3732 tm·
377 3700 472 3743 eo,
492 3682 634 3746 quod
649 3684 879 3732 Vatinius
901 3684 962 3733 de
980 3684 1182 3750 Illyrico
1207 3685 1311 3732 sine
1399 3680 1567 3730 studio
1591 3703 1634 3729 ι.
1667 3680 1764 3731 Sed
1801 3681 1872 3728 sic
1910 3681 2053 3727 etiam
2078 3679 2421 3744 loquebantur,

280 3764 511 3829 Sulpicio
537 3763 872 3827 triumphavit.
902 3767 1022 3813 Haec
1051 3775 1211 3813 autem
1230 3780 1311 3812 ex·
1400 3764 1488 3826 qui
1514 3761 1658 3808 amici
1682 3759 1799 3808 olim
1815 3794 1829 3818 ,
1854 3758 1968 3806 dein
1987 3760 2173 3807 inimici
2193 3760 2420 3814 fuissent,

282 3854 414 3892 stant
452 3845 510 3891 in
554 3843 684 3890 libro
721 3844 781 3892 de
811 3844 947 3892 Bello
966 3844 1121 3893 Afric.
1141 3860 1188 3892 c.
1216 3859 1276 3892 10
1296 3831 1313 3892 :¹
1401 3851 1605 3906 propter
1630 3838 1990 3887 reconciliatam·
2014 3841 2245 3904 gratiam,
2281 3835 2422 3900 (1118δῖ

286 3946 311 3965 -
324 3924 493 3972 cmu-
508 3939 622 3970 cum
639 3922 929 3971 cohortibus
944 3934 1127 3988 septem
1144 3940 1314 3988 qum...
1401 3920 1566 3969 medio
1591 3918 1816 3968 odiorum
1844 3930 2061 3983 tempore
2086 3916 2333 3967 memoriae
2348 3930 2424 3986 ex-

285 4018 401 4050 eum
434 4001 663 4066 Sulpicio
702 4013 750 4049 et
777 4002 977 4051 Vatinio
1018 4019 1118 4051 rem
1154 4019 1313 4067 gesse·
1403 4010 1588 4064 empto.
1615 4002 1669 4048 J.
1695 4002 1748 4047 F.
1778 4001 1949 4048 Gnon.

288 4093 426 4139 rant,
454 4081 648 4146 oppido
666 4083 886 4146 Ruspina
904 4098 1168 4147 regressus,
1195 4099 1313 4147 pro-
1480 4081 1531 4128 3.
1553 4079 1788 4126 Naronae.
1815 4081 1874 4126 In
1900 4075 2161 4128 Dalmatia.
2186 4102 2254 4112 —
2283 4075 2423 4123 Non-

288 4157 531 4209 finscitns
546 4161 610 4209 ad
628 4172 828 4226 portum
846 4183 890 4211 ν.
932 4162 1010 4211 Ex
1035 4161 1214 4226 quibus
1234 4162 1316 4210 in·
1407 4160 1531 4209 nulli
1558 4159 1706 4209 codd.
1727 4161 1950 4208 Narone.
1973 4160 2021 4207 J.
2037 4157 2101 4202 V.
2121 4157 2177 4203 L.
