3023 4773
526 399 1040 472 EPISTOLAE
1090 398 1223 466 AD
1275 394 1774 477 ATTICUM‚
1823 393 1956 478 IV,
2009 387 2113 458 16.
2236 384 2373 481 519

263 535 350 592 ut
387 521 504 591 vix
538 524 706 591 satis
736 505 1094 591 ¹decorum
1130 515 1515 602 videretur,
1552 537 1716 585 eum
1756 514 1997 610 plures
2040 509 2189 579 dies
2223 530 2386 598 esse

265 630 342 699 in
395 634 620 702 Crassi
673 629 1095 700 Tusculano.
1152 632 1239 698 Et
1286 639 1434 696 erat
1483 624 1697 721 primi
1743 621 1909 693 libri
1952 644 2188 693 sermo
2227 641 2378 687 non

268 735 540 808 alienus
583 760 623 806 a
665 734 985 806 Scaevolae
1036 732 1307 804 studiis.
1360 731 1645 828 Reliqui
1690 728 1855 799 libri
1899 729 2285 826 τεχνολογίαν
2317 734 2376 767 ¹⁰

267 844 575 933 habent,
611 860 695 916 ut
728 846 881 917 scis.
911 846 1093 915 Huic
1123 842 1599 937 joculatorem
1625 851 1679 883 ¹¹
1727 863 1969 910 senem
2015 839 2214 910 illum
2237 894 2257 925 ‚
2300 856 2396 910 ut·

266 979 520 1043 noras,
559 957 896 1030 interesse
941 977 1111 1023 sane
1149 953 1369 1023 nolui.

361 1065 471 1133 De
502 1087 581 1133 re
607 1074 663 1106 ¹²
695 1062 887 1150 filiae,
916 1061 1116 1159 quod
1149 1060 1433 1147 scribis,
1473 1062 1608 1131 erit
1637 1058 1817 1129 mihi
1854 1082 2065 1129 curae.
2099 1061 2381 1129 Etenim

268 1184 374 1240 est
408 1170 771 1242 luculenta
807 1196 920 1242 res
941 1226 960 1259 ,
997 1169 1394 1257 Aureliani,
1429 1184 1515 1239 ut
1550 1167 1833 1256 scribis,
1868 1168 2150 1239 indiciis
2173 1166 2271 1254 ¹³3
2313 1183 2387 1239 et

273 1282 349 1348 in
378 1304 466 1350 eo
496 1306 610 1352 me
639 1283 852 1352 etiam
879 1281 1122 1351 Tulliae
1150 1305 1322 1351 meae
1349 1277 1736 1350 venditabo
1761 1284 1843 1348 ¹4.
1871 1282 2203 1350 Vestorio
2237 1304 2386 1349 non

267 1387 541 1460 desum.
591 1397 892 1463 Gratum
926 1393 1118 1464 enim
1154 1389 1286 1461 tibi
1318 1389 1392 1461 id
1424 1413 1577 1460 esse
1608 1387 1966 1484 intellig03
2007 1403 2114 1473 et,
2145 1403 2227 1459 ut
2265 1388 2383 1460 ille

269 1498 649 1597 intelligat,
688 1526 886 1573 curo.
925 1500 1063 1572 Sed
1099 1502 1233 1572 scis
1256 1554 1276 1588 ‚
1312 1500 1488 1596 qui?
1524 1523 1756 1596 quum
1797 1498 2059 1569 habeat
2096 1498 2242 1569 duo
2280 1498 2388 1569 fa-

271 1607 543 1698 ciles¹⁵‚
587 1610 763 1680 nihil
817 1609 1195 1682 difficilius.
1244 1616 1456 1683 Nunc
1494 1609 1585 1681 ad
1621 1634 1740 1696 ea,
1789 1634 1949 1706 quae
1989 1611 2247 1705 quaeris
2295 1607 2384 1680 de

269 1721 343 1788 C.
389 1723 664 1791 Catone
690 1717 774 1791 ¹⁶.
820 1724 1007 1817 Lege
1053 1722 1259 1791 Junia
1310 1735 1381 1791 et
1417 1721 1688 1792 Licinia
1740 1724 1874 1790 scis
1924 1718 2382 1790 absolutum:

268 1827 465 1900 Fufia
510 1854 644 1926 ego
683 1829 817 1899 tibi
865 1833 1125 1899 nuntio
1166 1827 1575 1899 absolutum
1619 1831 1741 1918 iri;
1785 1853 2023 1926 neque
2064 1831 2386 1926 patronis

266 1940 413 2009 suis
445 1951 590 2008 tam
627 1936 1055 2024 libentibus,
1093 1962 1312 2033 quam
1343 1937 1893 2010 accusatoribus
1935 1943 2001 2009 Is
2034 1952 2275 2009 tamen
2315 1953 2387 2009 et
2451 1979 2454 1982 Α

266 2071 583 2131 mecum,
613 2062 682 2117 et
712 2070 876 2117 cum
910 2046 1179 2117 Milone
1209 2050 1285 2116 in
1317 2049 1613 2143 gratiam
1645 2046 1879 2118 rediit.
1911 2052 2190 2119 Drusus
2221 2073 2387 2119 reus

267 2170 375 2227 est
423 2154 651 2227 factus
699 2182 739 2227 a
792 2157 1124 2226 Lucretio
1152 2166 1233 2245 ¹²⁷,
1274 2154 1641 2250 judicibus
1680 2157 2083 2248 rejiciendis
2128 2183 2187 2228 a.
2228 2156 2298 2227 d.
2343 2183 2386 2226 v

343 2368 420 2403 ιο.
465 2350 790 2423 Τεχνολογὶαν.
836 2353 971 2403 Artis
1010 2352 1273 2412 rationem,

266 2430 640 2495 disputationem
663 2434 724 2483 de
748 2434 1003 2498 praeceptis
1027 2434 1157 2479 artis.

341 2527 363 2558 t
379 2527 397 2558 ι
411 2545 425 2559 .
448 2513 798 2562 Ioculatorem.
824 2515 882 2560 In
900 2511 1147 2560 tradendis
1163 2511 1279 2559 artis

264 2591 517 2654 praeceptis
545 2608 644 2640 non
670 2592 796 2641 solet
826 2608 929 2639 esse
962 2591 1101 2639 locus
1130 2590 1276 2652 jocis.

266 2669 333 2716 Ea
352 2670 480 2717 enim
499 2672 720 2719 metatio
746 2670 992 2735 spinosior
1016 2681 1112 2729 est,
1134 2685 1279 2732 quam

264 2757 319 2794 ut
333 2751 567 2797 sermonis
583 2750 905 2797 urbanitatem
926 2750 978 2795 in
999 2747 1280 2796 disserendo

262 2827 481 2890 recipiat.
513 2828 632 2875 Ideo
653 2830 823 2877 Cicero
844 2828 907 2875 ab
933 2845 989 2875 ea
1014 2826 1279 2876 Scaevolam

257 2905 580 2965 joculatorem
619 2905 838 2955 exclusit.
868 2907 980 2955 Bos.
1010 2932 1079 2942 —
1111 2905 1278 2968 Vulgo

267 3003 291 3025 ι
320 2982 636 3032 Joculatoriae
687 2984 1003 3046 disputationi
1036 3005 1078 3032 a.
1127 2984 1280 3046 Quod

260 3077 366 3109 non
410 3062 653 3109 con-venit.
716 3062 841 3110 Nam
882 3060 1161 3129 τιχνολογία
1207 3072 1280 3109 est

263 3139 533 3205 disputatio
566 3140 761 3203 spinosa
795 3150 846 3187 et
877 3155 1093 3199 morosa,
1129 3156 1156 3186 a
1184 3156 1277 3202 qua

262 3217 538 3265 removebat
572 3220 633 3280 Q.
662 3219 883 3267 Mucium
911 3217 1173 3265 Scaevolam
1194 3219 1277 3279 jo·

264 3296 526 3345 calator-em
537 3298 639 3344 sive
652 3297 875 3343 festivum
889 3311 1067 3342 senem.
1082 3296 1277 3343 Porus.

264 3401 332 3411 —
384 3376 599 3422 Omnino
651 3374 908 3438 legendum
945 3372 1276 3438 joculatoria.

264 3452 386 3501 Nam
404 3464 454 3502 et
475 3470 552 3501 ars
573 3465 676 3502 tota
695 3452 896 3517 puerilis
914 3449 1278 3515 quodammodo

265 3541 365 3589 est,
398 3543 446 3579 et
481 3533 655 3580 Cicero
686 3531 857 3595 procul
893 3530 1045 3578 dubio
1079 3529 1280 3593 respicit

263 3617 514 3656 tractatum
527 3610 932 3657 absolutissimum
950 3608 1011 3656 de
1025 3608 1151 3668 jocis
1162 3642 1177 3666 ‚
1192 3607 1280 3671 qui

264 3687 314 3732 11
348 3685 409 3733 de
441 3689 642 3736 Oratore
675 3689 969 3738 continetur.
1008 3687 1277 3751 Malaspina

262 3764 436 3828 quaerit
446 3783 586 3830 „quo
611 3768 815 3815 refertur
838 3766 891 3817 τὸ
913 3778 968 3814 ut
987 3783 1154 3814 noras.
1181 3767 1280 3814 Re-

262 3846 565 3907 spondeant,
591 3846 775 3911 optime
815 3847 879 3895 ad
921 3862 1084 3894 senem
1121 3861 1280 3909 posse.

258 3922 314 3970 J.
336 3926 389 3971 12.
406 3925 711 3981 Gronovius,
732 3900 926 3974 Isaacus
943 3926 1281 3991 casaubonus,

261 4000 313 4046 iu
325 4003 488 4051 eadem
501 4005 735 4053 sententia
747 4003 1280 4054 est.Guv.—-Schiitz.

263 4073 518 4143 legendum
538 4094 682 4148 putat
698 4084 1046 4133 cavillatorem.
1067 4084 1099 4131 J
1105 4118 1118 4131 .
1138 4085 1201 4131 V.
1220 4085 1277 4134 L.

1441 2368 1520 2400 n.
1541 2352 1614 2398 De
1630 2366 1697 2400 re.
1720 2352 1793 2398 De
1815 2350 1931 2399 dote
1947 2353 1997 2399 in
2018 2352 2184 2418 aliquo
2204 2353 2384 2412 fundo,

1363 2444 1421 2481 ut
1457 2441 1580 2495 puto
1597 2465 1613 2490 ,
1639 2430 1940 2479 collocanda.
1980 2432 2143 2482 Cosa.
2170 2461 2242 2471 —
2267 2434 2382 2481 Sch.

1365 2511 1513 2559 verba
1561 2511 1665 2558 baec
1685 2545 1700 2569 ‚
1753 2512 1830 2559 De
1881 2526 1957 2560 re.
1979 2546 1993 2559 .
2009 2530 2029 2559 ‘.
2082 2529 2388 2570 quicunqus

1366 2605 1607 2647 ron-nc,
1645 2588 1742 2637 huc
1789 2589 2013 2638 translata
2053 2591 2316 2640 arbitratur
2355 2609 2383 2641 e

1367 2668 1576 2732 quadam
1602 2668 1805 2732 epistola
1825 2679 1937 2717 aute
1963 2686 2042 2732 ep.
2067 2668 2128 2718 15
2155 2670 2303 2731 hujus
2326 2671 2387 2718 li-

1365 2746 1441 2794 bri
1475 2746 1672 2811 scripta.
1702 2749 1847 2799 Putat
1885 2763 2081 2810 qnoque
2114 2748 2195 2795 hic
2224 2749 2387 2812 legen-

1366 2826 1484 2874 dum
1509 2824 1673 2883 Pilia,
1702 2842 1795 2889 pro
1805 2825 1952 2892 filioe.
1976 2826 2134 2874 Nobis
2154 2827 2258 2875 haee
2279 2839 2387 2875 tan·

1363 2915 1469 2952 tum
1504 2903 1705 2952 insititia
1741 2905 1970 2952 videntur
1991 2940 2006 2965 ,
2039 2908 2239 2953 Drusus.
2253 2941 2266 2953 .
2286 2942 2300 2956 .
2322 2938 2334 2951 .
2358 2942 2371 2953 .

1364 2984 1505 3031 nosti.
1527 2984 1577 3031 J.
1604 2984 1670 3032 V.
1696 2985 1749 3031 L.

1442 3064 1521 3110 13.
1542 3059 1761 3110 Iudiciis.
1783 3060 1844 3109 Id
1867 3070 1961 3119 est,
1989 3069 2046 3107 ut
2066 3060 2250 3109 indicat
2272 3067 2383 3110 Au·

1365 3138 1608 3189 ronanus?

1440 3229 1521 3277 14.
1554 3218 1831 3267 Venditabo.
1861 3220 2026 3281 Quum
2051 3234 2153 3265 rem
2180 3229 2277 3266 tam
2305 3221 2384 3269 lu-

1366 3297 1604 3346 culentam
1626 3314 1786 3347 emero
1806 3298 1959 3361 ipsius
1983 3314 2140 3347 causa.
2167 3299 2327 3346 Coun.

1442 3379 1521 3425 15.
1549 3379 1659 3425 Duo
1663 3376 1870 3441 faciles.
1900 3377 2027 3437 Alii,
2052 3379 2157 3424 Deo
2169 3376 2349 3441 faciles
2367 3412 2384 3437 ,

1365 3470 1633 3518 perperam.
1673 3456 1805 3514 Scis,
1837 3456 2026 3518 inquit,
2060 3456 2168 3518 quis
2201 3457 2264 3502 sit
2293 3457 2384 3506 iste

1363 3535 1646 3582 Vestorius?
1661 3551 1812 3598 quum
1830 3545 1877 3581 te
1897 3545 1946 3581 et
1968 3550 2042 3581 me
2063 3546 2228 3583 utatur
2246 3535 2384 3583 sacil-

1364 3611 1516 3669 limis,
1537 3623 1696 3660 tamen
1716 3612 1837 3660 nihil
1855 3609 2100 3659 difficilius
2124 3613 2249 3675 ipso.
2268 3615 2380 3661 Duo

1366 3705 1459 3754 pro
1477 3690 1598 3739 duos
1617 3693 1838 3754 antique,
1864 3701 1919 3737 ut
1939 3689 2074 3737 alibi.
2096 3692 2290 3740 Porus.

1446 3784 1464 3816 ι
1477 3770 1528 3818 6.
1561 3770 1613 3817 C.
1642 3771 1838 3819 Catone.
1857 3769 1957 3831 Qui
1980 3769 2185 3817 Lentulo
2204 3782 2253 3818 et
2271 3771 2385 3819 Phi-

1368 3847 1506 3912 lippo
1561 3864 1687 3897 coss.
1737 3848 1962 3895 tribunus
2008 3847 2163 3910 plebis
2205 3850 2378 3900 fuerat.

1370 3929 1460 3990 Ep.
1495 3943 1555 3983 2,
1587 3926 1674 3974 lib.
1713 3929 1767 3986 1,
1798 3926 1861 3974 ad
1900 3926 2014 3975 niv.
2049 3938 2098 3974 et
2133 3928 2273 3992 epist.
2310 3930 2380 3989 3,

1367 4004 1453 4053 lib.
1477 4007 1528 4052 11
1544 4040 1560 4065 ,
1584 4005 1649 4053 ad
1667 4006 1732 4069 Q.
1753 4008 1832 4051 Fr.
1854 4006 2014 4052 Coun.

1445 4099 1464 4129 ι
1479 4100 1527 4146 9.
1550 4082 1783 4132 Lucretio.
1800 4083 1927 4133 Vide
1943 4099 2020 4150 ep.
2042 4098 2107 4132 aa
2124 4117 2141 4145 ,
2158 4083 2247 4134 lib.
2267 4087 2381 4133 vn.
