3023 4773
594 380 734 451 360
1224 382 1320 448 M.
1373 382 1448 446 T.
1505 381 2083 449 CICERONIS

590 503 787 573 tione
831 499 1250 572 decederem
1273 553 1291 585 ‚
1332 497 1456 570 sed
1489 513 1572 569 ut
1615 497 1732 569 ille
1786 514 1969 570 esset
2009 497 2297 582 melior,
2332 512 2404 568 et
2442 499 2712 595 aliquid

592 610 681 682 de
714 609 1045 709 populari
1081 607 1365 680 levitate
1401 608 1799 706 deponeret
1829 635 1845 676 ε
1881 632 2101 704 quem
2129 606 2218 678 de
2247 609 2426 678 meis
2460 608 2715 695 rebu5‚

591 725 665 792 in
703 745 882 818 quas
922 744 1088 790 eum
1124 719 1334 789 multi
1373 721 1788 798 incitatam,
1829 718 2059 788 multo
2096 718 2274 788 scito
2299 717 2714 814 gloriosiuS‚

594 857 810 928 quam
856 832 944 901 de
981 834 1129 901 suis
1168 829 1569 927 praedicare.
1612 827 1763 897 Sibi
1802 832 1991 897 enim
2022 826 2211 899 bene
2246 841 2497 923 gestae,
2536 829 2715 898 mihi

586 955 1018 1014 conservatae
1057 938 1471 1037 reipublicae
1523 938 1645 1010 dat
1701 938 2212 1008 testimonium.
2265 941 2420 1007 Hoc
2478 936 2712 1009 facere

593 1053 837 1140 illum,-
899 1051 1075 1123 mihi
1125 1075 1342 1147 quam
1396 1051 1667 1148 prosit,
1720 1050 2008 1130 nesci'0;
2063 1046 2472 1145 reipublicae
2522 1058 2712 1119 certe

593 1159 909 1257 prodest.
949 1157 1178 1251 Quid,
1231 1161 1288 1230 si
1327 1162 1540 1230 etiarn
1600 1162 1981 1247 Caesarem,
2040 1158 2243 1252 cujus
2279 1182 2481 1228 nunc
2522 1163 2713 1228 venti

592 1269 794 1340 valde
847 1282 1016 1340 sunt
1070 1267 1405 1353 secundi,
1462 1266 1690 1339 reddo
1734 1266 2155 1339 meliorem?
2206 1291 2383 1337 num
2432 1282 2713 1338 tantum

593 1380 848 1450 obsum
882 1376 1346 1476 reipublicae?
1379 1380 1572 1470 Quin
1614 1381 1861 1465 etiam,
1900 1379 1958 1448 si
1988 1378 2165 1448 mihi
2200 1401 2416 1449 nemo
2445 1377 2714 1448 invide-

593 1503 741 1574 ret3
788 1489 846 1559 si
882 1513 1172 1575 omnes,
1211 1503 1293 1560 ut
1331 1500 1845 1584 erat'aequum,
1877 1486 2199 1557 faverent
2234 1515 2251 1557 ε
2287 1501 2523 1559 tamen
2566 1512 2712 1556 non

595 1601 834 1669 minus
870 1613 1056 1670 esset
1089 1596 1463 1695 probanda
1490 1596 1886 1681 medicina,
1925 1621 2084 1693 quae
2123 1611 2405 1666 sanaret
2433 1596 2719 1665 vitiosas

592 1723 830 1806 partes
864 1705 1312 1805 reipublicae,
1365 1732 1586 1804 quam
1637 1731 1797 1803 quae
1835 1721 2217 1778 exsecaret.
2267 1710 2480 1778 Nunc
2514 1730 2717 1789 vere,

593 1843 823 1915 quum
845 1819 1206 1912 equitatus
1219 1813 1285 1862 ³⁰
1305 1817 1457 1901 ille,
1487 1841 1706 1914 quem
1737 1840 1871 1913 ego
1898 1818 1971 1885 in
1993 1813 2243 1886 clivo-³¹
2274 1816 2723 1913 Capitolium,

597 1943 665 1999 te
710 1924 1046 2023 signifero
1095 1950 1177 1996 ac
1215 1929 1544 2023 principe
1562 1923 1651 2011 3²,
1702 1925 2166 2013 collocaram,
2223 1940 2548 1996 senatum
2594 1924 2717 1997 de—

598 2038 942 2118 seruerit;
1002 2037 1229 2107 nostri
1278 2051 1519 2108 autem
1578 2034 2016 2135 principes³³
2055 2035 2278 2131 digito
2336 2060 2412 2106 se
2468 2037 2719 2106 caelum

597 2160 853 2243 putent
894 2147 1279 2242 attingere,
1324 2147 1384 2217 si
1418 2145 1622 2217 mulli
1655 2144 1934 2217 barbati
1969 2147 2044 2216 in
2071 2148 2360 2243 piscinis
2387 2150 2568 2233 sint,
2595 2148 2720 2243 qui

593 2255 683 2327 ad
733 2279 1028 2326 manum
1084 2254 1428 2327 accedant
1469 2283 1488 2344 ;
1525 2254 1661 2327 alia
1714 2269 1958 2327 autem
2007 2254 2375 2352 negligant
2415 2282 2430 2324 :
2476 2279 2722 2325 nonne

598 2364 725 2437 tibi
755 2369 921 2437 satis
948 2365 1289 2464 prodesse
1313 2364 1565 2437 videor
1582 2422 1601 2450 ,
1632 2367 1689 2437 si
1717 2363 2010 2465 perficio
2030 2420 2048 2453 ,
2077 2379 2159 2435 ut
2183 2366 2416 2437 nolint
2444 2348 2720 2444 obesse,

597 2478 721 2573 qui
776 2478 1129 2573 possunt?
1172 2478 1354 2546 Nam
1413 2481 1757 2546 Catonem
1811 2489 2140 2547 nostrum
2194 2502 2344 2547 nou
2401 2491 2480 2546 tu
2529 2501 2723 2547 amas

597 2586 792 2684 plus,
819 2610 1035 2683 quam
1068 2609 1202 2682 ego
1226 2612 1247 2653 .-
1273 2584 1398 2656 sed
1429 2603 1667 2656 tamen
1701 2585 1857 2670 ille,
1889 2585 2169 2682 optimo
2200 2585 2442 2656 animo
2474 2599 2722 2671 utens,

595 2703 669 2768 e't
691 2721 966 2769 summa
992 2695 1172 2783 fide,
1201 2695 1799 2767 nocetinterdum
1834 2693 2269 2793 reipublicae.
2306 2698 2494 2766 Dicit
2528 2700 2719 2766 enim

599 2820 964 2900 tamquam
1006 2804 1082 2871 in
1111 2801 1426 2874 Platonis
1453 2800 1852 2896 Πολιτείᾳ34,
1894 2828 2043 2873 non
2072 2816 2442 2896 tamquam
2478 2803 2551 2870 in
2588 2807 2727 2871 Ro-

595 2914 773 2985 muli
799 2912 1007 2997 faece‚
1053 2913 1502 2982 sententiam.
1543 2910 1738 3001 Quid
1771 2915 2011 2982 verius
2029 2907 2120 2997 ³⁵,
2154 2933 2375 3007 quam
2413 2913 2489 2980 in
2529 2909 2723 3004 judi·

597 3027 787 3096 cium
821 3023 1104 3107 venire,
1145 3025 1271 3117 qui
1308 3018 1404 3092 ob
1440 3046 1593 3091 rem
1624 3020 2085 3114 judicandam
2119 3020 2497 3117 pecuniam
2534 3044 2731 3089 acce—

668 3227 753 3273 30.
769 3225 1035 3288 Equieatus.
1050 3222 1250 3286 Equites
1263 3224 1447 3270 romani
1461 3257 1476 3281 ,
1487 3238 1613 3285 qnos

593 3321 688 3369 ego
714 3304 886 3352 conoul
907 3319 1024 3364 cnm
1047 3313 1217 3350 senatu
1243 3303 1613 3362 conjunxerun-

597 3387 808 3434 Mutum.

1700 3223 1924 3271 militaris
1948 3240 1961 3270 ε
2004 3236 2055 3272 et
2085 3224 2199 3287 qnia
2234 3223 2417 3271 δίκα-ιι
2448 3222 2722 3286 equitatus,

1700 3302 1868 3351 intulit
1895 3315 1943 3350 ee
1966 3301 2200 3368 signifero
2222 3318 2240 3349 .·
2270 3317 2416 3364 quum
2438 3301 2556 3348 nihil
2585 3301 2725 3349 alind

1700 3381 1968 3448 cignificet,
1997 3398 2173 3446 qnam,
2193 3383 2246 3430 in
2271 3391 2438 3428 senatu
2465 3382 2720 3439 Atticum,

626 3484 630 3488 ’
670 3471 758 3517 31.
807 3465 868 3511 In
909 3459 1029 3508 clivo
1072 3456 1360 3522 Capitolino.
1410 3462 1467 3506 In
1511 3458 1617 3508 aede

600 3543 893 3596 Concordiae
905 3575 922 3602 ‚
939 3541 1003 3589 ad
1019 3537 1508 3602 radicesmnrgentis
1526 3539 1618 3589 Ca-

599 3626 775 3689 pitolii.
799 3625 909 3686 Qun
933 3621 986 3668 in
1011 3618 1117 3669 aede
1144 3616 1319 3666 consul
1346 3619 1519 3667 Cicero
1538 3634 1617 3665 ne-

600 3716 767 3753 natnm
802 3701 1077 3760 consuluit,
1109 3698 1229 3763 quid
1267 3697 1328 3745 dc
1357 3698 1620 3758 conjuratis

601 3779 910 3847 deprehensis
927 3777 1234 3827 statuendum
1251 3776 1515 3824 videretur.
1537 3779 1615 3824 In.

673 3864 756 3909 32.
778 3862 841 3907 Te
854 3857 1083 3923 signifero
1097 3890 1116 3921 ‚
1127 3855 1436 3922 apt-incipe.
1455 3856 1621 3917 Quum

598 3956 644 3992 tc
680 3956 906 4005 qnoque,
942 3938 1176 4001 equestria
1210 3936 1398 3986 ordinis
1440 3935 1617 3998 princi-

602 4040 738 4088 pem,
765 4019 828 4067 ad
846 4033 950 4066 eam
973 4017 1375 4068 consultationem
1401 4015 1617 4064 adhibui.

601 4103 695 4152 Sed
718 4097 929 4166 persistit
951 4097 1121 4146 Cicero
1141 4098 1193 4143 in
1211 4094 1525 4146 translatione
1549 4095 1616 4142 rei

1702 3465 1791 3526 qni
1811 3461 2085 3528 principem
2102 3462 2267 3511 locum
2290 3460 2473 3508 ordinis
2490 3465 2728 3524 equestris

1706 3540 1981 3601 obtineret,
2017 3555 2128 3589 cnm
2165 3541 2337 3589 ceteris
2375 3540 2618 3604 equitibus
2653 3541 2727 3587 as-

1704 3620 1868 3669 fuisse.
1900 3623 2055 3669 Inus.

1775 3701 1860 3748 33.
1890 3698 2154 3764 Principes.
2195 3700 2443 3764 Principes
2479 3701 2607 3746 cive·
2634 3700 2727 3746 Ln-

1706 3777 1864 3825 eunus
1885 3787 1935 3826 et
1960 3779 2276 3838 Hortensius,
2304 3779 2599 3842 piscinarum
2626 3789 2729 3825 stn-

1709 3854 1849 3904 diosi.
1877 3857 1971 3920 Ep.
2005 3857 2066 3904 16
2085 3892 2098 3916 ‚
2132 3872 2218 3920 17,
2254 3860 2313 3906 18
2336 3857 2425 3905 lib.
2444 3860 2656 3907 1.1nn.

1779 3934 1860 3993 34.
1890 3932 2129 4001 Πολιτιίᾳ.
2155 3934 2450 4000 Republica.

1779 4014 1861 4063 35.
1905 4017 1946 4058 V
1946 4015 2089 4062 cetius.
2132 4015 2353 4079 AEquim.
2399 4017 2458 4062 In
2482 4013 2729 4078 judicium

1707 4095 1874 4145 venire
1887 4130 1902 4152 ‚
1932 4095 2146 4144 accusari
2168 4095 2302 4158 apud
2315 4094 2518 4160 judices.
2539 4095 2684 4143 Man.
