3023 4773
879 462 1340 488 “nm
1346 462 2365 488 msa-mmmm

536 670 709 796 Μ.
790 671 933 796 Τ.
1018 668 2056 798 CICERONIS

283 946 435 1113 E
492 947 617 1112 P
668 937 2300 1118 ISTOLARUM

944 1239 1082 1313 AD
1137 1245 1658 1315 DIVERSOS

374 1457 787 1562 LIBER
837 1459 1475 1568 DECIMUS
1515 1456 2221 1593 QUARTUS.

944 1869 1544 1988 EPISTOLA·
1598 1899 1656 1985 1.

231 2059 323 2118 Ab
346 2058 549 2118 exsule
576 2057 821 2135 scripta,
844 2057 1124 2135 querula:
1156 2054 1368 2115 deinde
1389 2055 1464 2114 de
1490 2076 1594 2134 spe
1621 2054 2031 2130 restitutioni5‚
2058 2069 2375 2135 utcumque

307 2157 557 2234 exigua:
585 2154 657 2213 de
687 2147 940 2223 familia,
981 2151 1055 2211 de
1078 2152 1435 2231 pestilentia,
1473 2153 1695 2210 Plancii
1722 2149 1957 2224 officiis,
1998 2154 2224 2212 Pisonis
2250 2154 2368 2212 hu-

310 2255 622 2324 manitate,
648 2265 707 2311 et
736 2251 862 2310 aliis
891 2250 1024 2328 agit.
1055 2250 1346 2309 Terentiae
1371 2249 1475 2307 uni
1493 2293 1510 2321 ‚
1555 2269 1626 2307 ex
1656 2269 1826 2309 sensu
1847 2293 1865 2323 ,
1907 2250 2144 2309 inscribi
2169 2251 2374 2310 debuit

312 2350 439 2409 hac
484 2349 746 2429 epistola.
785 2347 1086 2429 (Inchoata
1106 2346 1564 2421 Thessalonicae,
1605 2347 1768 2406 finita
1805 2348 2185 2426 Dyrrhachii,
2219 2368 2373 2408 anno

311 2454 388 2512 U.
407 2453 476 2509 C.
497 2447 616 2525 695
633 2490 650 2519 ,
684 2466 879 2506 mense
907 2444 1258 2524 novembri.)

339 2636 707 2705 TULLIUS
749 2638 1213 2706 TERENTIAE
1258 2638 1451 2706 SUAE
1470 2642 1517 2724 ¹,
1564 2640 2018 2706 TULLIOLAE
2060 2638 2287 2722 SUAE,

874 2746 1285 2811 CICERONI
1331 2746 1497 2811 SUO
1544 2745 1610 2811 S.
1648 2748 1727 2812 D.

246 2863 397 2981 ET
439 2904 664 2978 literis
702 2907 1137 2991 multorum,
1179 2911 1253 2976 et
1278 2922 1616 2975 sermone
1651 2908 1980 2977 omnium
2010 2904 2378 3004 perfertur

243 3016 328 3088 ad
365 3042 525 3103 me,
585 3014 1077 3088 incredibilem
1114 3029 1316 3086 tuam
1360 3017 1707 3085 virtutem
1758 3029 1830 3085 et
1879 3013 2376 3088 fortitudinem

248 3153 426 3215 esse3
484 3143 702 3224 teque
739 3151 880 3198 nec
924 3127 1182 3214 animi,
1237 3149 1372 3196 nec
1407 3127 1738 3223 corporis
1773 3122 2142 3196 laboribus
2179 3124 2379 3197 defa-

247 3239 470 3336 tigari.
512 3232 636 3308 Me
664 3221 1051 3308 miserum!
1089 3249 1160 3306 te
1184 3289 1205 3323 ,
1247 3235 1380 3305 ista
1418 3236 1717 3322 virtute,
1753 3230 1934 3322 fide,
1982 3234 2375 3332 probitate,

248 3346 692 3417 humanitate
714 3401 732 3433 ‚
758 3348 836 3416 in
876 3359 1108 3416 tantas
1132 3369 1489 3441 aerumnas
1528 3359 1828 3443 propter
1860 3361 1977 3415 me
2009 3345 2379 3425 incidisse!

246 3455 770 3552 Tulliolamque
806 3468 1160 3542 nostram,
1191 3475 1278 3524 ex
1306 3472 1456 3551 quo
1484 3469 1687 3552 patre
1716 3469 1949 3525 tantas
1972 3454 2379 3554 voluptates

251 3565 576 3664 oepiebat
594 3619 613 3653 ‚
645 3590 840 3637 exeo
859 3579 1099 3637 tantos
1127 3565 1500 3665 percipere
1528 3564 1798 3636 luctus!
1827 3569 2011 3638 Nam
2035 3566 2215 3664 quid
2241 3594 2378 3666 ego

252 3675 332 3748 de
359 3680 715 3749 Cicerone
761 3675 1046 3747 dicam?
1080 3676 1208 3773 qui
1255 3699 1487 3773 quum
1536 3678 1904 3774 primum²
1943 3700 2192 3776 sapere
2234 3705 2381 3751 coe-
2497 3749 2512 3767 ,

322 3912 366 3943 1.
392 3894 654 3942 Tmneioe.
692 3897 813 3944 liaec
850 3904 1022 3959 quntu-
1064 3894 1233 3959 nupsit
1252 3928 1267 3953 ‚
1355 3893 1695 3944 savinianum.
1731 3894 1871 3942 Vixit
1913 3911 2068 3946 annon
2101 3899 2215 3948 103.
2251 3898 2379 3947 Plin.

255 3974 491 4033 (zenoni,
508 3973 735 4024 Sallustio
752 3974 1015 4035 historico,
1033 3973 1270 4022 Messalla
1356 3974 1444 4022 lib.
1461 3976 1558 4021 vn
1568 4008 1582 4033 ,
1609 3990 1718 4038 cap.
1739 3976 1824 4031 48.
1844 3976 1991 4026 Mu.

256 4053 494 4111 Corvino,
512 4053 663 4103 Vibio
688 4055 837 4103 Rufo.
864 4056 963 4102 Dio
996 4053 1085 4103 lib.
1107 4056 1268 4111 LVII,
1430 4069 1481 4102 α.
1510 4054 1907 4119 Quamprimum.
1927 4055 2041 4104 Hoc
2061 4068 2278 4120 tempore
2293 4073 2380 4105 an-

262 4134 345 4190 ι5,
375 4145 426 4180 et
449 4136 514 4182 1).
538 4134 862 4199 Hieronymus
883 4134 971 4183 lib.
995 4137 1018 4183 1
1042 4133 1272 4183 adversus
1363 4149 1480 4181 num
1517 4132 1692 4197 agebat
1729 4135 1884 4184 etatis
1922 4151 2022 4183 ωε
2047 4135 2220 4183 Cicero
2253 4133 2387 4182 filius
