3023 4773
725 402 812 449 22
1369 384 1468 450 M.
1518 382 1595 449 T.
1647 380 2213 452 CICERONIS

1911 555 2277 578 mm
2293 553 2844 576 mm

1338 746 1923 830 EPISTOLA
1973 744 2225 826 XIII.

718 921 783 975 L.
810 914 1176 976 cummium
1193 957 1209 984 ,
1235 918 1554 975 Lunensem
1579 913 1960 992 municipem,
1983 906 2370 971 commendat.
2400 910 2658 991 (Romae,
2695 926 2844 969 anno

1598 1010 1675 1068 U.
1702 1009 1767 1065 C.
1791 1010 1952 1078 707.)

1300 1167 1391 1235 M.
1412 1166 1493 1234 Τ.
1522 1168 1594 1234 C.
1625 1164 1917 1232 BRUTO
1960 1165 2025 1231 S.
2057 1164 2134 1231 Ρ.
2168 1165 2251 1229 D.

808 1306 893 1403 J...
940 1305 1388 1374 Gis-rnonms
1440 1304 1726 1386 PAEwS,
1793 1297 2011 1395 longe
2072 1299 2411 1393 princeps
2468 1293 2845 1392 municipii

712 1411 1058 1483 Lucensis
1080 1420 1132 1498 ¹,
1167 1424 1277 1482 est
1295 1409 1687 1498 honestus»,
1721 1412 1991 1505 gram,
2023 1405 2286 1505 plenus
2322 1401 2564 1491 officii,
2598 1402 2844 1475 bonus

715 1519 930 1619 plane
973 1523 1105 1607 vir,
1140 1533 1211 1590 et
1241 1544 1475 1616 quum
1510 1516 1939 1605 virtutihuS‚
1976 1516 2383 1619 tum-etiam
2420 1511 2760 1602 fortuna,
2791 1517 2848 1585 si
2893 1610 2896 1615 1

716 1628 895 1725 quid
927 1628 1065 1700 hoc
1103 1629 1192 1701 ad
1224 1654 1379 1702 rem
1417 1633 1772 1729 pertinet,
1808 1642 2108 1699 ornatus
2146 1653 2163 1696 ε
2204 1649 2410 1697 meus
2450 1639 2697 1696 autem
2745 1637 2849 1696 est

717 1737 1345 1825 familiarissimus,
1378 1742 1479 1811 sic
1518 1763 1856 1839 prorsus,
1883 1751 1964 1808 ut
2007 1738 2238 1808 nostri
2277 1733 2582 1806 ordinis²
2612 1732 2851 1805 obser·

717 1864 840 1919 vet
867 1854 1230 1921 neminem
1263 1848 1698 1947 diligentius·
1732 1850 1974 1937 Quare
2001 1861 2084 1918 ut
2115 1859 2188 1917 et
2215 1870 2462 1916 meum
2495 1848 2848 1930 amicum,

721 1973 795 2031 et
818 1974 943 2030 tua
970 1959 1272 2058 dignum
1301 1962 1645 2046 amicitia,
1674 1958 1807 2029 tibi
1833 1955 2295 2029 commendo.
2328 1959 2501 2041 Cui,
2547 1953 2849 2052 quibus-

721 2092 1058 2167 cumque*
1088 2070 1307 2143 rebus
1348 2067 1949 2157 commodaveris,
2010 2065 2146 2137 tihi
2200 2062 2530 2163 profecto
2583 2062 2850 2159 jucun·

723 2177 901 2251 dum
916 2233 939 2269 ‚
981 2178 1160 2252 mihi
1195 2194 1393 2255 certe
1423 2181 1562 2254 erit
1602 2192 1914 2276 gratum.
1955 2175 2156 2250 Vale.

800 2367 847 2406 ι.
887 2356 1127 2406 Lucensis.
1156 2359 1289 2406 Luca
1324 2356 1542 2421 primum
1575 2340 1747 2405 Gallia
1906 2367 1955 2402 π.
1992 2349 2166 2401 Ποσει-ι’
2200 2349 2401 2402 ordinib.
2437 2348 2687 2401 'Videlicet
2729 2363 2860 2399 senn-

722 2435 987 2501 cisalpino
1011 2436 1273 2502 oppidum.
1294 2438 1389 2485 En.
1833 2433 1970 2483 terii.
2009 2433 2153 2481 Mu.

725 2611 817 2631 m
2655 2604 2842 2626 mm

1369 2611 1553 2632 m

1349 2783 1946 2869 EPISTOLA
1999 2787 2232 2868 XIV.

731 2934 882 2995 Petit
912 2947 980 2994 ut
1009 2937 1368 3002 exactionem
1395 2938 1521 3017 ejus
1547 2940 1836 3019 pecuniae,
1864 2959 2041 3019 quam
2070 2944 2136 3000 L.
2161 2937 2439 3000 Straboni
2460 2943 2526 2998 P.
2558 2938 2864 2998 Cornelius

806 3025 1015 3102 debet,
1042 3049 1149 3089 suo
1179 3029 1373 3090 studio
1401 3045 1461 3091 et
1493 3030 1790 3111 diligentia
1818 3046 2002 3098 curet.
2032 3031 2284 3114 (Romae,
2313 3053 2406 3092 an.
2424 3036 2500 3093 U.
2526 3034 2593 3092 C.
2620 3030 2788 3113 707.)

1312 3199 1406 3264 M.
1424 3201 1498 3268 T.
1535 3202 1610 3266 C.
1641 3187 1925 3267 BRUTO
1972 3202 2038 3268 S.
2075 3203 2150 3269 P.
2181 3201 2269 3267 D.

825 3341 905 3408 L.
937 3341 1148 3408 Trrlo
1193 3341 1600 3425 Srnfflomz,
1645 3342 1890 3436 equite
1931 3363 2235 3409 romano
2258 3392 2278 3423 ‚
2315 3343 2392 3408 in
2436 3337 2688 3435 primis
2725 3335 2866 3409 ho·

730 3460 941 3518 nesto
969 3462 1044 3519 et
1070 3461 1357 3534 ornato,
1384 3445 1928 3520 familiarissime
1963 3461 2155 3522 utor.
2193 3451 2456 3520 Omnia
2487 3446 2670 3519 mihi
2696 3473 2868 3518 cum

734 3578 822 3625 eo
864 3558 1320 3630 intercedunt
1360 3557 1527 3653 jura
1570 3581 1867 3629 summae
1912 3556 2485 3630 necessitudinis.
2553 3561 2744 3628 Huic
2791 3561 2871 3627 in

734 3678 858 3736 tua
892 3668 1260 3762 provincia
1298 3671 1680 3765 pecuniam
1718 3666 1937 3740 debet
1970 3670 2048 3738 P.
2087 3666 2492 3738 Cornelius,
2537 3667 2638 3737 Ea
2670 3691 2793 3737 res
2830 3690 2875 3736 a

732 3773 1063 3845 Volcatio
1082 3786 1135 3861 ¹,
1166 3779 1297 3873 qui
1326 3783 1569 3849 Romae
1595 3777 1716 3872 jus
1741 3776 1917 3850 dicit
1939 3832 1958 3865 ‚
1991 3777 2259 3874 rejecta
2287 3781 2366 3847 in
2395 3776 2700 3848 Galliam
2730 3787 2871 3846 est.

816 3975 858 4007 1.
893 3960 1137 4009 Volcatio.
1175 3963 1383 4012 Praetore
1414 3963 1634 4023 urbano,
1672 3964 1760 4028 qui
1847 3980 1939 4012 me
1963 3964 2089 4012 hanc
2114 3979 2215 4012 rem
2244 3962 2538 4024 dijudicare,
2559 3960 2646 4010 ned
2670 3977 2875 4010 eausam

733 4040 1012 4105 prucipuus
1036 4049 1152 4087 erat.
1171 4067 1241 4076 —
1256 4041 1451 4108 Rejeeea
1467 4043 1519 4091 in
1541 4043 1760 4093 Galliam
1845 4043 2013 4104 reiecit
2038 4042 2102 4090 nd
2127 4044 2365 4101 Brutum,
2401 4041 2575 4092 Gallia
2610 4041 2713 4089 hoc
2751 4051 2877 4091 tem·

740 4127 824 4166 ese.
848 4119 1017 4169 Noluit
1035 4118 1288 4169 Volcatius
1311 4133 1496 4187 prator
1532 4124 1638 4187 ipse
1662 4124 1758 4172 Ro·
1844 4139 1966 4189 pore
1991 4123 2290 4189 prefectum.
2312 4123 2405 4171 En.
