3023 4773
790 430 1368 516 EPISTOLAE,
1398 433 1646 518 XIII,
1692 453 1795 500 ιο.
2272 457 2350 532 ¹7

222 632 399 656 mm
403 629 1800 652 mmmmmmmmmm
1805 630 1894 650 w·
1898 630 2079 651 mm
2084 631 2359 654 mmm

864 812 1522 893 EPISTOLA
1590 814 1688 892 x.

216 981 293 1033 Μ.
322 981 541 1047 Bruto,
574 994 749 1052 quem
779 978 988 1045 Caesar,
1022 974 1086 1031 in
1109 972 1449 1032 Africanum
1476 971 1695 1031 bellum
1726 970 2096 1049 profecturus
2119 1015 2134 1040 ‚
2175 976 2359 1035 Cisal-

296 1072 457 1149 pinae
484 1071 685 1129 Galliae
716 1069 1056 1148 praefecerat
1083 1068 1208 1146 (lib.
1234 1072 1344 1137 VI,
1370 1069 1538 1146 epist.
1561 1067 1643 1145 6),
1672 1072 1759 1126 M:
1784 1068 2123 1127 Terentium
2142 1075 2361 1132 Varro-

295 1189 434 1227 nem
452 1212 469 1237 ‚
497 1180 852 1246 quaestorem
877 1177 1034 1224 sorte
1062 1164 1295 1237 datum,
1330 1162 1761 1244 diligentissime
1790 1164 2176 1225 commendat.
2219 1169 2364 1244 (Ro-

295 1287 441 1338 mae,
484 1283 639 1324 anno
660 1268 737 1324 U.
763 1266 828 1323 C.
856 1267 1015 1336 707.)
1852 1246 1863 1256 ⁶

874 1468 878 1472 *
911 1440 1225 1507 CICERO
1276 1440 1565 1505 BRUTO
1587 1502 1592 1513 ,
1611 1441 1676 1506 S.

311 1598 557 1686 Quum
590 1590 681 1661 ad
713 1603 783 1661 te
823 1604 992 1661 tuus
1028 1600 1363 1686 quaestor,
1397 1592 1502 1660 M.
1523 1593 1755 1660 Varro
1779 1599 1831 1677 ¹,
1869 1590 2366 1688 proficiscere-

220 1720 363 1789 tur,
425 1699 1058 1773 commendatione
1101 1724 1308 1797 egere
1351 1723 1519 1770 eum
1557 1724 1710 1770 non
1766 1698 2135 1797 putabam.
2184 1706 2367 1776 Satis

217 1820 416 1885 enim
446 1808 1038 1884 commendatum
1066 1809 1200 1880 tibi
1225 1833 1390 1881 eum
1421 1808 1822 1882 arbitrabar
1852 1809 1945 1881 ab
1975 1815 2365 1913 ipsomore

217 1924 625 2018 majorum:
655 1921 813 2018 qui,
855 1933 938 1990 ut
983 1934 1054 1990 te
1096 1930 1247 1991 n'on
1283 1918 1513 2017 fugit,
1549 1919 1738 1991 hanc
1775 1935 2153 2018 quaesturae
2194 1948 2365 1996 con·

215 2033 721 2127 junctionem,
766 2027 1162 2100 liberorum
1193 2028 1754 2101 necessitudini²
1793 2032 2197 2129 proximam
2233 2060 2363 2106 vo-

218 2142 357 2213 luit
386 2165 573 2212 esse.
606 2138 749 2210 Sed
777 2163 1003 2236 quum
1033 2137 1170 2209 sibi
1204 2144 1302 2210 ita
1324 2140 1794 2238 persuasisset
1825 2144 2016 2239 ipse,
2055 2167 2250 2215 meas
2276 2145 2369 2218 de

220 2277 298 2324 se
331 2263 674 2324 accurate
708 2252 1005 2347 scriptas
1037 2249 1280 2319 literas
1316 2252 1711 2319 maximum
1748 2250 1942 2347 apud
1973 2266 2043 2321 te
2076 2253 2365 2349 pondus

221 2361 636 2449 habituras,
667 2385 710 2432 a
753 2382 1015 2457 meque
1052 2356 1565 2448 contenderet,
1602 2372 1684 2429 ut
1716 2382 1935 2456 quam
1974 2358 2367 2460 diligentis·

221 2474 403 2543 sime
437 2470 870 2558 scriberem3
923 2468 1145 2539 malui
1194 2466 1427 2540 facere
1450 2524 1469 2557 ‚
1508 2469 1711 2566 quod
1749 2494 1954 2541 meus
1989 2469 2359 2546 familiaris

220 2584 406 2654 tanti
436 2605 570 2654 sua
604 2582 950 2653 interesse
992 2577 1482 2651 arbitraretur.
1508 2584 1635 2682 ‘Ut
1679 2584 1898 2678 igitur
1941 2580 2207 2655 debere
2247 2609 2362 2656 me

221 2693 460 2765 facere
507 2690 653 2762 hoc
686 2690 1075 2787 intelligas,
1113 2714 1340 2787 quum
1382 2689 1698 2787 primum
1731 2694 1831 2762 M.
1866 2696 2302 2765 Terentius
2284 2722 2362 2766 m

220 2801 468 2875 forum
497 2796 773 2889 venit³‚
805 2799 894 2871 ad
924 2803 1307 2872 amicitiam
1337 2825 1413 2872 se
1440 2823 1677 2871 meam
1705 2801 2032 2873 contulit.
2061 2804 2368 2890 Deinde,

222 2931 307 2986 nt
360 2938 442 2986 se
516 2910 1085 2999 corroboravit4,
1149 2909 1308 2981 duae
1361 2933 1591 2982 causae
1648 2926 2138 3000 accesserunt,
2199 2940 2362 3012 quae

304 3149 350 3181 1.
385 3133 462 3181 Π.
487 3134 675 3179 Varro.
703 3130 932 3179 Manutio
964 3129 1045 3178 ille
1072 3128 1253 3178 doetis-
1342 3127 1555 3182 nominis
1567 3125 2368 3181 commendarierediderim.Csu..

218 3213 380 3259 dnm
404 3213 743 3259 Romanorum
765 3222 861 3273 est,
896 3211 983 3272 qui
1006 3209 1068 3258 de
1094 3227 1147 3257 re
1180 3226 1256 3257 ru-
1342 3233 1412 3245 —
1431 3207 1546 3256 Sch.
1565 3219 1617 3255 et
1637 3208 1736 3266 slii,
1753 3206 1936 3271 quibus
1954 3206 2164 3256 adsentit
2181 3209 2295 3256 ΙΝ.
2309 3213 2363 3260 L.

214 3294 369 3349 adea,
392 3303 446 3337 et
463 3287 694 3354 pluribus
720 3288 827 3336 aliis
846 3288 1060 3352 scripsit.
1087 3291 1156 3338 At
1173 3289 1256 3337 ine
1343 3297 1517 3352 putant
1543 3287 1625 3334 hie
1650 3288 1728 3351 agi
1747 3287 1808 3335 de
1825 3287 2133 3335 M.Terentio
2147 3289 2372 3337 Varrone

212 3371 441 3435 Pintia>
465 3367 602 3416 bello
628 3369 848 3432 Pompeii
878 3368 1107 3416 elassibus
1130 3384 1256 3432 prae-
1342 3365 1529 3423 Gibbs,
1550 3364 1612 3413 de
1641 3381 1741 3428 quo
1768 3365 2001 3430 loquutus
2031 3376 2106 3413 est
2129 3368 2367 3418 Asconius

208 3450 384 3497 fisa-at
400 3447 563 3511 (Plio.
585 3449 683 3502 111,
707 3463 727 3493 x
742 3463 788 3505 ις
812 3447 934 3508 vn,
958 3445 1043 3510 3ο)
1065 3457 1114 3495 et
1131 3449 1256 3509 ejus-
1343 3445 1398 3491 in
1422 3442 1620 3492 scholiis
1642 3444 1706 3492 sd
1734 3456 1856 3494 orat.
1868 3462 1962 3511 pro
1985 3444 2188 3494 Milone.
2207 3448 2299 3499 En.

207 3530 337 3577 dens
383 3528 580 3590 legatus
623 3524 678 3572 in
719 3526 953 3590 Hispania
993 3525 1223 3575 ulteriore
1241 3561 1256 3584 ,
1417 3539 1471 3572 2.
1507 3523 1788 3572 Liberorum
1823 3523 2176 3574 necessitudini.
2206 3529 2362 3592 Epist.

200 3608 497 3656 emes-citum
524 3615 576 3651 et
602 3605 903 3668 provinciam
924 3616 1114 3653 rexerat
1125 3603 1255 3670 (sup.
1346 3604 1441 3667 263
1459 3614 1509 3650 et
1531 3603 1584 3650 in
1610 3603 1778 3651 Divin.
1798 3612 1848 3651 et
1870 3605 1923 3650 in
1952 3613 2071 3651 orst.
2093 3619 2185 3667 pro
2197 3607 2363 3660 Plane.

198 3688 299 3734 Η).
322 3688 447 3744 11,
483 3683 630 3747 epist.
657 3681 767 3747 13),
794 3695 847 3732 ut
875 3683 1095 3742 dubites,
1125 3700 1255 3732 nunc
1416 3683 1469 3731 3.
1498 3684 1560 3728 In
1566 3679 1740 3746 sor-uns
1759 3680 1914 3730 venit.
1942 3683 2106 3745 Quum
2134 3697 2366 3749 pretextu

198 3767 423 3814 dunum
442 3763 588 3811 Bruti
606 3762 816 3823 iunioris
842 3775 1131 3828 questorem
1149 3762 1256 3812 fieri
1345 3762 1594 3826 deposita,
1628 3760 1817 3808 virilem
1853 3760 2042 3821 induit,
2076 3773 2126 3811 et
2158 3767 2209 3811 in
2233 3769 2365 3815 vim-

198 3846 458 3894 vehis-e.
484 3845 724 3891 Prata-es
758 3859 818 3892 eo
856 3846 1055 3908 ingenio
1087 3856 1136 3893 et
1162 3843 1253 3893 do·
1339 3858 1447 3889 rum
1482 3855 1739 3889 numerum
1774 3850 1845 3887 est
1882 3842 2225 3905 transcriptus,
2267 3863 2366 3910 pro

198 3927 376 3972 ezri-a
400 3922 532 3978 fuit,
560 3932 613 3968 ut
639 3921 920 3970 doctissimo
941 3923 1092 3971 Bruto
1112 3925 1253 3987 iguo-
1340 3936 1442 3985 quo
1483 3922 1541 3967 in
1580 3918 1670 3968 lib.
1708 3920 1826 3982 XV,
1871 3922 2011 3985 epist.
2054 3922 2133 3981 16,
2183 3923 2365 3973 dieitur

191 4016 292 4052 tus
317 4018 432 4050 ense
456 4016 567 4049 non
593 4001 840 4064 potuerit,
874 4012 960 4051 sut
985 4001 1067 4049 cui
1090 4003 1254 4050 amiei-
1332 4001 1503 4065 sorum
1535 3999 1788 4065 attingere.
1809 3999 1936 4049 Vide
1955 4011 2004 4050 et
2029 4001 2254 4064 superius
2278 4005 2376 4054 lib..

190 4084 293 4132 11⁰ae
351 4081 483 4129 [ores
539 4080 753 4144 primum
792 4080 984 4128 Tullius
1032 4081 1255 4145 aperiret.
1343 4081 1406 4138 V,
1429 4077 1570 4144 epist.
1594 4078 1642 4127 8.
1670 4082 1817 4128 Omv.

184 4164 396 4213 nim
412 4176 530 4226 ergo
556 4160 632 4207 vel
654 4160 821 4220 hujus,
842 4160 923 4208 vel
948 4161 1120 4209 mutati
1141 4177 1257 4226 pra·
1393 4211 1397 4215 ,
1421 4166 1471 4214 4.
1511 4159 1575 4207 Ut
1611 4173 1662 4206 se
1708 4156 2060 4207 corroboravit.
2090 4159 2159 4206 Ut
2201 4159 2262 4208 sd
2295 4162 2368 4208 vi-

468 4250 569 4318 ῙῘ.
602 4264 697 4311 cic.
712 4279 822 4326 pars
856 4272 1036 4328 quarta.
2089 4268 2128 4311 2
