3023 4773
605 453 1147 525 EPISTOLAE
1197 458 1331 526 AD
1380 458 1879 540 ATTICUM,
1930 460 2050 543 ΙΙ,
2089 458 2151 527 8.
2306 459 2433 530 381

318 578 616 651 modum
653 611 684 643 «
712 576 1188 675 reges'odisse
1223 572 1624 675 superbos³
1646 607 1697 646 n.
1735 580 2068 673 Peraeque
2108 579 2445 651 narrabat

321 694 682 765 incensam
737 714 890 759 esse
942 689 1439 782 juventutem,
1484 711 1723 783 neque
1773 685 1959 757 ferre
2008 687 2157 759 haec
2213 714 2443 788 posse.

321 804 512 868 Bene
555 796 907 868 habemus
959 822 1128 882 n05‚
1176 799 1233 867 si
1279 801 1352 866 in
1395 798 1507 868 his
1545 821 1708 895 spes
1745 810 1890 884 est3
1934 799 2217 895 opinor,
2249 800 2444 872 aliud

321 933 632 1004 agamus.
685 914 835 1005 Ego
889 932 1005 978 me
1049 906 1145 977 do
1190 906 1526 979 historiae.
1579 910 2076 1003 Quamquam,
2126 907 2291 979 licet
2332 935 2449 980 me

319 1014 728 1088 Saufeium⁴
770 1032 981 1115 putes
1025 1040 1209 1103 esse,
1239 1017 1421 1088 nihil
1459 1042 1574 1089 me
1612 1031 1718 1088 est
1748 1018 2068 1087 inertius.

325 1182 326 1185 η
416 1127 556 1197 Sed
611 1135 963 1224 cognosce
1005 1130 1259 1198 itinera
1301 1143 1592 1212 nostra;
1650 1142 1729 1197 ut
1780 1141 2086 1212 statua5‚
2149 1126 2275 1197 ubi
2318 1153 2452 1199 nos

320 1237 604 1306 visurus
632 1238 743 1306 sis.
773 1241 859 1305 In
889 1239 1350 1307 Formianum
1379 1234 1713 1307 volumus
1737 1239 1979 1307 venire
2006 1235 2401 1308 Parilibus⁵
2430 1266 2448 1306 :

322 1345 490 1416 inde
517 1344 901 1443 (quoniam
932 1362 1142 1444 putas
1170 1346 1865 1445 praetermittendum
1893 1344 2103 1417 nobis
2131 1371 2282 1418 esse
2311 1346 2454 1418 hoc

269 1468 272 1469 ’
327 1470 652 1553 tempore
694 1454 1033 1527 Cratera⁶
1076 1457 1279 1526 illum
1317 1455 1743 1550 delicatum)
1779 1454 1915 1525 kal.
1956 1457 2116 1525 mai.
2155 1455 2244 1527 de
2288 1462 2457 1527 For-

325 1567 565 1634 miano
594 1564 1168 1661 proficiscemur,
1207 1582 1290 1637 ut
1327 1569 1522 1637 Antii
1558 1568 1782 1636 simus
1820 1590 1879 1636 a.
1913 1564 1981 1634 d.
2020 1592 2062 1634 v
2091 1591 2260 1636 non.
2293 1570 2454 1638 mai.

327 1673 509 1743 Ludi
549 1678 743 1745 enim
795 1677 987 1746 Antii
1033 1673 1260 1747 futuri
1305 1690 1475 1746 sunt
1517 1702 1555 1745 a
1600 1701 1668 1745 ιν
1708 1675 1795 1745 ad
1836 1673 2020 1771 prid.
2074 1700 2248 1745 non.
2290 1681 2451 1747 mai.

327 1786 464 1856 Eos
499 1784 731 1855 Tullia
767 1800 1086 1882 spectare
1121 1786 1298 1855 vult.
1341 1787 1523 1856 Inde
1560 1789 1803 1883 cogito
1830 1786 1905 1854 in
1935 1785 2415 1856 Tusculanum
2438 1841 2458 1874 ‚

327 1892 589 1964 deinde
631 1897 985 1991 Arpinum
1009 1948 1029 1979 ‚
1067 1900 1373 1964 Romam
1413 1894 1503 1964 ad
1533 1894 1672 1965 kal.
1699 1896 1858 1990 jun.
1898 1896 1995 1965 Te
2023 1908 2148 1964 aut
2177 1895 2251 1963 in
2289 1898 2460 1964 For·

325 2006 608 2087 mian0‚
649 2017 773 2072 aut
810 2006 1033 2089 Antii,
1087 2018 1212 2073 aut
1256 2007 1330 2072 in
1366 2005 1803 2091 Tusculano,
1842 2030 2050 2091 cura,
2086 2020 2168 2075 ut
2218 2004 2456 2075 videa-

330 2137 513 2182 mus.
536 2110 925 2210 Epistolam
964 2113 1410 2210 superiorem
1446 2117 1745 2186 restitue
1776 2113 2011 2203 nobis,
2041 2129 2113 2186 et
2148 2117 2459 2213 appinge

328 2221 604 2318 aliquid
640 2224 832 2292 novi.

405 2415 451 2460 3.
478 2415 630 2477 Reges
657 2413 815 2460 odisse
832 2413 1075 2477 superbos.
1090 2414 1191 2474 Qui
1204 2429 1348 2478 snpra
1439 2412 1552 2460 vide
1583 2414 1727 2476 epist.
1756 2428 1800 2474 ι,
1818 2412 1903 2460 lib.
1930 2416 1984 2473 1,
2003 2424 2052 2460 et
2079 2430 2158 2477 ep.
2191 2430 2235 2472 1,
2253 2413 2465 2464 lib.V11.

329 2493 459 2555 leges
494 2509 598 2541 esse
636 2491 816 2540 vellent
831 2525 846 2549 ,
892 2492 1127 2540 Caesarem
1147 2527 1164 2554 ,
1201 2494 1347 2540 Pom·
1513 2493 1562 2540 ὅ.
1581 2491 1840 2541 Parilibus.
1858 2493 2077 2556 X1,vel,
2093 2504 2149 2541 nt
2162 2494 2246 2541 alii
2271 2494 2464 2552 volunt,

331 2571 494 2633 peium
527 2581 575 2617 et
603 2573 845 2619 Crassum.
867 2571 972 2618 Nec
1001 2571 1175 2618 dubito
1194 2606 1208 2629 ‚
1230 2574 1351 2635 quin
1440 2572 1541 2618 ΧΠ
1568 2570 1664 2617 kal.
1694 2571 1827 2619 maii.
1855 2571 2017 2619 Coun.

333 2650 393 2695 sit
411 2649 769 2698 hemistichium
793 2667 856 2696 ex
883 2660 1044 2698 vetere
1062 2661 1210 2715 poeta
1229 2650 1360 2715 (Ln-·
1513 2649 1562 2697 6.
1599 2650 1818 2699 Cratera.
1849 2651 1986 2699 Baias
2019 2662 2159 2699 notat
2196 2637 2464 2715 συναδοχιὲ

333 2727 463 2783 cilio,
493 2741 549 2776 ut
574 2727 773 2777 Sobata.
797 2740 937 2792 putat
956 2731 995 2791 )‚
1024 2729 1159 2792 qnod
1176 2729 1354 2794 legitur
1439 2733 1563 2789 κῶς,
1585 2729 1648 2776 nd
1673 2746 1795 2792 quau
1812 2747 1961 2779 verno
1977 2742 2195 2795 tempore
2217 2747 2359 2778 canna
2382 2747 2465 2779 vn·

334 2806 395 2854 ad
423 2809 634 2869 Att.vl,
667 2806 697 2858 3
725 2823 737 2856 :
774 2830 795 2851 ι
813 2810 926 2857 Tibi
964 2808 1104 2856 valde
1142 2810 1268 2857 solet
1303 2810 1352 2856 in
1442 2808 1664 2857 litudinis
1686 2807 1994 2857 confluebant
2013 2809 2171 2857 multi.
2195 2809 2318 2856 Nam
2339 2810 2467 2856 Baiae

338 2902 424 2932 ore
456 2903 587 2944 esse,
618 2888 829 2934 Granius
853 2899 1015 2935 antem
1043 2888 1157 2936 Non
1187 2899 1356 2936 conte·
1449 2887 1931 2952 comprehenduntur
1959 2905 2018 2936 eo
2045 2891 2153 2936 sinu
2190 2889 2277 2952 qui
2306 2889 2467 2936 dictus

339 2981 501 3013 mnere
526 2983 600 3024 se,
641 2977 688 3014 et
710 2983 844 3031 reges
872 2967 1032 3014 odisee
1059 2968 1296 3033 superbos
1311 2990 1351 3015 n.
1447 2978 1521 3016 est
1539 2969 1724 3024 Crater,
1746 2967 1871 3013 inter
1886 2967 2129 3014 Misenum
2155 2977 2202 3013 et
2230 2967 2467 3014 Minerva

339 3046 481 3092 Mn«.
1447 3045 1865 3111 promontorium,
1895 3055 1953 3090 nt
1979 3059 2038 3090 ex
2057 3043 2295 3091 Strabone
2315 3059 2469 3091 anno-

411 3133 460 3180 4.
480 3123 747 3190 Saufeium.
775 3125 972 3173 Saufeio
996 3125 1201 3173 similem
1215 3160 1229 3184 ‚
1261 3126 1354 3173 ho·
1445 3137 1517 3173 tat
1534 3125 1722 3173 Bosiua.
1740 3126 1773 3172 J
1776 3139 1865 3171 nu.
1879 3121 2233 3168 ——Delicatum
2247 3156 2262 3181 ,
2283 3121 2470 3169 deliciis

335 3204 514 3251 minem
548 3206 602 3252 in
632 3204 806 3252 studiis
840 3203 1156 3256 laboriosnm.
1186 3206 1355 3251 Gnon.
1447 3205 1672 3268 plenum,
1692 3214 1748 3252 nt
1773 3202 2166 3250 delicatissimum
2180 3200 2309 3248 litun.
2328 3203 2466 3249 Vm.

339 3318 403 3327 ....
453 3284 705 3332 Manutius
754 3294 915 3332 antem
959 3283 1189 3346 intelligit
1235 3285 1355 3331 San·
1448 3277 1516 3333 V,
1556 3285 1635 3332 ⁴0·
1670 3275 1864 3324 Αῐῑῑθῦδ
1890 3283 2049 3321 ‘utem
2086 3272 2314 3321 Ciceroni
2342 3288 2467 3336 Ρη·

339 3363 486 3410 feinm
523 3363 669 3411 fuis„
707 3363 898 3411 ardum
938 3374 987 3411 e.
1017 3362 1356 3425 negligentem,
1447 3353 1780 3402 tet-mittendas
1806 3354 1943 3401 Baias
1971 3361 2223 3400 censuerat
2245 3387 2259 3412 ,
2297 3368 2358 3399 ne
2385 3367 2471 3399 vo-

336 3443 478 3490 Certe
497 3442 588 3491 fuit
604 3444 891 3504 Epicureus.
905 3442 1144 3492 Exn—De
1164 3441 1358 3489 Saufeio
1445 3433 1648 3497 luptatis
1660 3448 1801 3482 etun
1814 3432 2110 3497 peregriml'i
2118 3430 2472 3479 Ὑὶᾶθῐθῐῠῐιῖῡ·
