3023 4773
746 418 820 482 T.
869 414 1378 485 POMPONII
1429 418 1777 486 ATTICI.
2190 420 2329 490 223

225 552 420 625 esset,
446 540 575 633 qui
601 562 748 607 non
774 551 1167 637 utrumque
1196 538 1456 607 horum
1479 536 1782 635 pulchre
1808 538 2039 610 facere
2067 560 2328 639 posset.

229 654 362 719 Pari
391 647 618 718 modo
646 644 952 717 artifices
978 648 1230 733 ceteri,
1272 671 1457 743 quos
1485 647 1725 718 cultus
1751 645 2186 723 domesticus
2213 652 2333 725 ‹le-

221 757 507 843 siderat,
561 759 885 854 apprime
935 755 1133 826 boni.
1187 760 1445 853 Neque
1485 771 1729 828 tamen
1768 757 2030 828 horum
2073 786 2331 858 quem-

221 892 462 965 quam,
513 867 650 936 nisi
685 865 883 936 domi
932 880 1226 953 natum,
1279 865 1629 963 domique
1680 865 1989 956 factum,
2032 869 2330 943 habuit:

219 977 403 1074 quod
452 992 564 1047 est
615 981 899 1074 signum
953 1001 1105 1047 non
1141 976 1376 1048 solum
1417 979 1917 1064 continentiae,
1959 979 2083 1069 sed
2124 985 2361 1052 etiam-

220 1088 613 1185 diligentiae.
659 1092 840 1159 Nam
888 1102 962 1158 et
998 1113 1150 1157 non
1189 1091 1755 1185 intemperanter
1787 1094 2338 1187 concupiscere,

218 1197 410 1296 quod
462 1222 503 1269 a
553 1195 883 1294 pluribus
936 1195 1211 1283 videas,
1259 1199 1701 1268 continentis
1744 1196 1963 1268 debet
2008 1198 2213 1287 duci3
2266 1216 2338 1272 et

218 1312 449 1405 potius
477 1305 873 1403 diligentia,
907 1329 1126 1401 quam
1161 1309 1397 1402 pretio
1442 1330 1731 1404 parare,
1769 1333 1919 1379 non
1960 1308 2339 1383 mediocris

218 1433 317 1489 est
351 1416 746 1487 industriae.
789 1415 1126 1510 Elegans,
1183 1439 1334 1484 non
1370 1414 1831 1511 magnificus3
1882 1418 2342 1514 splendidus,

221 1554 360 1598 non
387 1540 897 1623 sumptuosus3
925 1526 1126 1595 omni
1164 1522 1533 1620 diligentia
1574 1525 2040 1613 munditiem,
2066 1552 2214 1600 non
2244 1530 2343 1601 af-

221 1638 582 1709 fluentiam
615 1634 1018 1707 affectabat.
1049 1633 1385 1731 Supellex
1425 1633 1746 1722 modica,
1780 1661 1935 1706 non
1968 1637 2225 1726 multa3
2261 1657 2343 1712 ut

218 1751 288 1818 in
351 1761 688 1819 neutram
747 1761 1024 1843 partem
1078 1745 1400 1843 conspici
1451 1760 1714 1842 posset.
1763 1748 1915 1817 Nec
1971 1748 2113 1819 hoc
2157 1775 2339 1848 prae-

220 1859 489 1946 terib0,
532 1880 975 1956 quamquam
1013 1855 1386 1926 nonnullis
1434 1854 1592 1927 leve
1628 1858 1866 1926 visum
1903 1859 1988 1926 iri
2036 1874 2287 1954 putem
2321 1888 2337 1931 τ

217 1997 440 2067 quum
472 1974 555 2041 in
596 1969 849 2067 primis
888 1967 1126 2037 lautus
1162 1980 1352 2037 esset
1390 1988 1616 2062 eques
1649 1991 2025 2053 romanuS,
2079 1983 2152 2039 et
2187 1995 2337 2041 non

215 2107 466 2179 parum
496 2079 886 2152 liberaliter
913 2076 1216 2148 domum
1245 2100 1448 2146 suam
1481 2076 1809 2146 omnium
1840 2074 2180 2148 ordinum
2207 2081 2342 2152 ho-

217 2197 444 2264 mines
491 2188 869 2276 invitaret3
940 2189 1207 2259 scimus
1261 2210 1412 2255 non
1462 2185 1810 2283 amplius,
1862 2212 2083 2283 quam
2140 2205 2346 2263 terna

221 2304 434 2375 millia
466 2303 627 2375 aeris
657 2324 989 2399 peraeque
1009 2300 1083 2372 in
1113 2294 1433 2394 singulos
1450 2320 1736 2367 menses
1765 2320 1855 2366 ex
1883 2295 2344 2395 ephemeride

221 2440 378 2485 eum
414 2436 816 2512 expensum
846 2412 1168 2507 sumptui
1205 2406 1391 2479 ferre
1416 2406 1709 2478 solitum
1737 2422 1992 2503 :atque
2022 2408 2161 2482 hoc
2189 2438 2342 2483 non

219 2526 539 2596 auditum
560 2578 580 2609 ,
607 2523 734 2594 sed
770 2523 1139 2618 cognitum
1163 2518 1658 2617 praedicamus.
1686 2522 1884 2616 Saepe
1918 2525 2145 2607 enim,
2171 2546 2340 2619 pro-

221 2652 371 2731 pter
407 2633 993 2716 familiaritatem,
1031 2630 1441 2701 domesticis
1468 2629 1682 2699 rebus
1720 2629 2200 2704 interfuimus.

310 2749 492 2815 XIV.
529 2746 760 2815 Nemo
787 2746 862 2812 in
892 2742 1226 2813 convivio
1257 2739 1411 2835 ejus
1441 2738 1635 2809 aliud
1675 2763 2002 2811 acroama
2037 2743 2343 2832 audivit,

224 2880 434 2951 quam
474 2867 926 2951 anagnosten
956 2878 973 2923 ε
1021 2850 1223 2947 quod
1255 2875 1391 2921 nos
1420 2848 1715 2946 quidem
1740 2850 2342 2943 jucundissimum

224 2963 671 3035 arbitramur.
702 2966 957 3058 Neque
987 2984 1334 3058 umquam
1363 2961 1518 3030 sine
1549 2958 1786 3056 aliqua
1817 2960 2127 3034 lectione
2152 2965 2346 3062 apud

223 3099 380 3145 eum
410 3088 783 3146 coenatum
808 3086 916 3144 est
935 3099 955 3160 ;
976 3085 1058 3142 ut
1078 3096 1228 3142 non
1258 3074 1501 3141 minus
1534 3073 1814 3158 animo,
1851 3095 2070 3167 quam
2097 3088 2347 3145 ventre

221 3187 534 3256 convivae
562 3184 1112 3255 delectarentur.
1138 3184 1464 3278 Namque
1498 3205 1623 3252 eos
1653 3179 1994 3269 vocabat,
2029 3207 2343 3278 quorum

226 3320 454 3384 mores
491 3321 535 3367 a
570 3297 720 3366 suis
755 3318 905 3365 non
953 3291 1455 3363 abhorrerent.
1494 3294 1741 3382 Quum
1788 3307 1987 3363 tanta
2024 3299 2348 3390 pecuniae

223 3405 394 3478 facta
436 3419 624 3477 esset
660 3406 1004 3491 accessio,
1052 3401 1232 3471 nihil
1267 3401 1359 3472 de
1394 3402 1831 3498 quotidiano
1876 3404 2078 3474 cultu
2116 3420 2348 3478 muta—

223 3519 347 3602 vit,
411 3514 595 3585 nihil
654 3513 745 3586 de
790 3516 952 3584 vitae
998 3510 1575 3583 consuetudine:
1629 3527 1974 3609 tantaque
2023 3538 2194 3585 usus
2245 3531 2353 3588 est

222 3625 718 3696 moderatione
746 3678 766 3710 ,
828 3637 911 3694 ut
954 3645 1197 3717 neque
1256 3624 1333 3691 in
1380 3624 1715 3691 sestertio
1751 3625 1966 3691 vicies
1993 3676 2011 3708 ,
2068 3624 2266 3720 quod
2310 3651 2352 3697 a

225 3752 424 3830 patre
459 3748 874 3831 acceperat,
916 3757 1174 3830 parum
1208 3756 1284 3803 se
1321 3729 1699 3829 splendide
1737 3733 2071 3826 gesserit3
2112 3759 2353 3832 neque

224 3847 292 3915 in
347 3848 682 3917 sestertio
738 3846 1009 3915 centies
1058 3841 1476 3914 affluentius
1525 3843 1819 3927 vixerit,
1871 3865 2087 3937 quam
2150 3846 2355 3916 insti-

222 3968 454 4026 tuerat
482 4010 502 4041 ,
565 3956 870 4052 parique
909 3951 1194 4049 fastigio
1237 3952 1513 4024 steterit
1564 3952 1638 4020 in
1688 3965 1996 4048 utraque
2045 3951 2352 4026 fortuna.

223 4066 478 4137 Nullos
534 4063 790 4138 habuit
827 4064 1117 4149 hortos,
1160 4064 1430 4134 nullam
1470 4059 1995 4151 suburbanam,
2058 4078 2181 4134 aut
2218 4088 2375 4165 maj
