3023 4773
701 379 842 467 454
1338 383 1435 451 Μ.
1490 384 1567 449 Τ.
1620 381 2176 452 CICERONIS

692 579 1332 616 “mmmmm

1608 579 2062 602 mmmm

2336 579 2741 620 mm

1350 756 1946 835 EPISTOLA
1999 756 2183 834 XX.

699 916 896 975 Attico
938 917 1310 980 hereditatem
1352 916 1424 975 ab
1466 917 1755 994 avunculo
1806 916 2145 995 gratulatur.
2191 918 2266 975 Se
2310 927 2523 979 mutato
2562 914 2757 973 consilio

774 1013 1195 1073 Thessalonicae
1230 1033 1560 1072 mansurum
1592 1011 1811 1072 scribit.
1849 1013 2046 1071 Attico
2077 1012 2316 1070 salutem
2345 1031 2500 1070 suam
2524 999 2759 1069 commen-

775 1112 900 1186 dat,
926 1126 984 1170 et
1010 1126 1289 1190 quantum
1312 1110 1365 1168 ei
1390 1109 1602 1192 debeat
1628 1107 1897 1170 ostendit.
1943 1107 2430 1188 (Thessalonicae,
2461 1128 2599 1166 anno
2623 1113 2683 1168 U.
2704 1111 2757 1166 C.

773 1211 919 1288 695,
948 1229 1143 1268 mense
1167 1207 1438 1281 octobri.)

797 1388 1106 1451 clcERo
1150 1387 1214 1451 s,
1252 1387 1330 1451 D.
1369 1388 1452 1472 Q.
1489 1387 1858 1476 cAEclLio
1906 1386 1987 1470 Q.
2022 1386 2093 1449 F.
2139 1370 2678 1450 ΡοΜΡοΝΙΑΝο

1563 1490 1877 1556 ΑἸἽῚοο
1901 1505 1947 1555 ι.

788 1638 1004 1725 Qnon
1042 1635 1336 1732 quidem
1376 1641 1472 1706 ita
1508 1658 1663 1705 esse
1679 1644 1732 1721 ⁹,
1770 1647 1843 1705 et
1884 1630 2375 1706 avunculum³
2411 1646 2607 1702 tuum
2631 1628 2764 1700 fun·

691 1757 891 1814 ctum
917 1767 1073 1820 esse
1099 1741 1361 1829 offici0‚
1388 1744 2018 1819 vehementissime
2048 1741 2334 1840 probo.
2365 1742 2653 1842 gaudere
2678 1763 2768 1809 me

695 1870 847 1924 tum
869 1854 1131 1943 dicam,
1157 1858 1213 1926 si
1243 1854 1417 1924 mihi
1447 1854 1588 1924 hoc
1615 1853 1842 1925 verbo
1873 1852 2116 1925 licebit
2137 1855 2263 1924 uti.
2299 1858 2417 1925 Me
2449 1846 2766 1923 miserum!

690 1989 908 2062 quam
944 1965 1183 2042 omnia
1213 1979 1451 2035 essent
1487 1988 1577 2034 ex
1613 1966 2003 2050 sententia,
2041 1965 2098 2033 si
2143 1961 2358 2034 nobis
2400 1964 2686 2045 animus,
2723 1957 2769 2025 si

689 2074 1114 2162 consilium,
1155 2075 1213 2145 si
1265 2073 1445 2145 fides
1498 2097 1794 2159 eorum,
1852 2017 2120 2170 quibus
2162 2071 2614 2154 credidimus,
2647 2091 2766 2137 non

690 2182 1067 2256 defuisset!
1109 2209 1269 2282 quae
1303 2186 1638 2280 colligere
1676 2184 1886 2271 nolo,
1936 2209 2028 2255 ne
2068 2208 2370 2280 augeam
2409 2202 2763 2254 moerorem.

687 2292 826 2364 Sed
860 2294 988 2365 tibi
1023 2299 1265 2368 venire
1301 2300 1377 2367 in
1415 2310 1732 2366 mentem
1760 2298 2006 2365 certo⁴
2045 2295 2192 2365 scio
2214 2349 2233 2380 ‚
2270 2319 2434 2392 quae
2465 2295 2594 2363 vita
2619 2299 2767 2360 esset

688 2417 969 2491 nostra,
951 2431 1167 2541 ‚quae
1197 2407 1539 2493 suavium,
1597 2429 1758 2503 quae
1799 2406 2122 2501 dignitas.
2166 2405 2276 2475 Ad
2312 2431 2473 2502 quae
2515 2423 2766 2498 recupe-

690 2511 943 2598 randa,
974 2536 1107 2610 per
1140 2513 1546 2587 fortunas⁵!
1577 2514 1952 2599 incumbe,
1984 2530 2067 2586 ut
2099 2513 2306 2603 faciS,
2335 2516 2654 2611 diemque
2674 2534 2770 2579 na·

689 2621 901 2691 talem
943 2622 1215 2695 reditus
1254 2627 1394 2694 mei
1413 2649 1637 2719 ,cura
1661 2679 1680 2711 ‚
1721 2639 1805 2717 ut
1836 2627 1908 2695 in
1954 2625 2096 2696 tuis
2123 2624 2445 2698 aedibus⁶
2479 2621 2766 2696 amnis·

762 2839 807 2869 1.
854 2823 912 2884 Q.
953 2823 1144 2887 caecilio
1183 2827 1242 2888 Q.
1271 2827 1326 2874 F.
1366 2826 1706 2889 Pomponiano

687 2899 872 2949 Attico.
910 2903 968 2949 T.
1006 2903 1281 2966 Pomponio
1320 2906 1520 2964 Attico,
1557 2905 1641 2968 qui
1678 2920 1705 2950 a

1795 2839 1896 2889 quo
1925 2841 2003 2888 ep.
2032 2841 2076 2882 1,
2099 2824 2184 2873 lib.
2216 2828 2239 2872 Ι
2255 2860 2270 2881 ‚
2299 2837 2347 2874 te
2373 2826 2620 2892 adoptasse
2642 2833 2684 2869 et
2705 2821 2770 2868 he·

1794 2903 1956 2951 redem
1982 2903 2165 2951 fecisse.
2194 2901 2348 2953 Mur.

685 2982 748 3044 Q.
773 2979 992 3040 Caecilio,
1014 2982 1257 3030 avunculo
1279 3000 1400 3042 suo,
1416 2993 1705 3046 testamento

685 3058 979 3123 adoptatus,
1010 3061 1244 3126 heresque
1277 3079 1340 3109 ex
1367 3062 1604 3109 dodrante
1632 3061 1704 3107 fa-

686 3150 817 3199 etus,
836 3140 938 3201 Q.
955 3141 1256 3206 CaeciliusQ.
1274 3146 1324 3193 1⁴.
1345 3120 1705 3225 Pomponianus

684 3216 876 3265 Atticus
893 3240 919 3258 n
951 3218 1298 3283 appellabatur,
1326 3230 1483 3266 vetere
1510 3220 1704 3285 praeno·

686 3296 815 3342 mine
843 3297 1048 3357 omisso,
1074 3300 1270 3346 nomine
1293 3299 1359 3346 ita
1385 3282 1704 3360 conservate).

685 3385 740 3439 ut
771 3375 824 3423 in
854 3393 980 3424 anm
1013 3376 1274 3435 desineret,
1307 3377 1596 3440 cognomine
1622 3394 1705 3426 eo·

687 3453 796 3500 dem
817 3470 830 3503 ε
855 3473 917 3502 ex
942 3451 1113 3515 usitata
1137 3455 1457 3521 adoptionum
1482 3457 1704 3506 formula.

689 3533 835 3582 Man.

756 3626 805 3659 2.
830 3613 978 3675 Quod
990 3614 1184 3679 quidem
1203 3615 1277 3662 ita
1296 3631 1414 3664 esse.
1436 3615 1703 3681 Epistolam

688 3705 796 3736 cum
826 3696 1211 3758 praescriptione,
1250 3711 1344 3758 qna
1371 3695 1424 3741 in
1450 3696 1526 3742 his
1551 3695 1705 3743 literis

684 3770 896 3832 primum
935 3789 1048 3821 usus
1083 3786 1182 3837 est,
1221 3777 1505 3838 conjungit,
1531 3785 1585 3822 nt
1621 3790 1700 3837 ep.

686 3848 774 3905 ult.
805 3849 892 3898 lib.
921 3854 945 3898 1
974 3851 1036 3899 ad
1065 3855 1177 3901 Div.
1201 3857 1362 3904 Con.
1383 3879 1451 3892 --
1477 3855 1563 3902 Ita
1586 3869 1698 3901 esse.

686 3925 799 3973 Scil.
832 3939 886 3974 ut
914 3939 969 3976 tu
997 3932 1061 3977 sis
1086 3930 1216 3987 filius
1242 3942 1290 3981 et
1317 3932 1453 3981 heres
1472 3932 1702 3983 avunculi

689 4005 790 4059 tui,
822 4008 886 4067 Q.
915 4006 1092 4056 Caecilii
1119 4010 1327 4059 Metelli.
1356 4015 1446 4060 En.

759 4084 808 4133 3.
848 4087 1164 4136 Avunculum.
1217 4084 1280 4151 Q.
1318 4092 1598 4157 Caecilium,
1642 4091 1700 4138 de

1867 2991 1916 3038 4.
1951 2982 2107 3030 cereo.
2136 2981 2266 3039 Alii,
2289 2994 2431 3031 ceree.
2461 2983 2643 3031 Habent
2667 2988 2769 3025 certo

1792 3061 1893 3108 scio
1936 3060 2047 3108 edd.
2078 3061 2222 3107 Rom.
2250 3062 2527 3121 (tutandi-i,
2551 3056 2770 3120 Hervagii.

1793 3141 1851 3187 P.
1878 3139 2114 3197 Manutii,
2152 3139 2287 3204 quod
2327 3142 2520 3204 Ernest.
2552 3141 2725 3188 miratur
2749 3150 2770 3179 a

1794 3219 2015 3267 Victorio
2044 3219 2301 3268 desertum.
2333 3222 2382 3269 J.
2404 3223 2469 3269 V.
2495 3222 2547 3268 1..

1868 3298 1917 3345 5.
1948 3296 2308 3361 Per-fortunas.
2337 3302 2503 3348 Genus
2524 3294 2771 3345 obtestatio·

1792 3377 1893 3436 nis,
1911 3377 2048 3441 quod
2066 3394 2351 3441 usurpamus
2371 3379 2423 3425 in
2441 3396 2492 3425 re
2512 3379 2688 3430 misera,
2704 3386 2773 3418 uec

1793 3473 2018 3520 umquam
2052 3458 2158 3504 sine
2191 3457 2379 3508 dolore.
2422 3480 2446 3499 α
2469 3459 2556 3503 Per
2590 3456 2773 3501 fortunas

1791 3537 1985 3584 miseras
2007 3548 2221 3593 nostras,
2237 3537 2376 3594 vide,
2395 3553 2456 3584 ne
2479 3550 2668 3599 puerum
2684 3543 2772 3593 per·

1793 3615 1947 3663 ditum
1972 3616 2229 3679 perdamus
2244 3633 2295 3663 u:
2326 3616 2379 3662 in
2401 3612 2598 3678 epistola
2624 3610 2679 3657 ad
2699 3609 2774 3653 ‘re-

1791 3696 2007 3763 rentiam.
2047 3717 2072 3736 α
2099 3696 2188 3743 Per
2240 3695 2460 3742 fortunas
2503 3704 2633 3750 tuas,
2674 3683 2773 3735 dixit

1788 3774 1993 3832 Caelius,
2022 3790 2108 3836 per
2133 3774 2313 3822 liberos
2333 3809 2348 3833 ,
2381 3774 2582 3827 Cicero,
2608 3780 2652 3816 te
2674 3779 2772 3818 oro,

1789 3865 1836 3902 et
1860 3852 2063 3900 obsecro
2076 3885 2093 3911 ‚
2113 3869 2175 3899 ne
2197 3852 2316 3916 quid
2336 3852 2528 3916 gravius
2548 3850 2607 3897 de
2625 3844 2774 3895 salute,

1790 3943 1836 3980 et
1856 3930 2190 3979 incolumitate
2209 3943 2289 3978 tua
2313 3931 2550 3979 consulas.
2565 3952 2589 3969 ι·
2611 3926 2735 3972 Mu.

1859 4013 1911 4058 6.
1937 4002 2153 4058 AEdibus.
2173 4010 2252 4056 Ab
2272 4009 2517 4057 avunculo
2534 4003 2722 4061 relictis,
2737 4000 2775 4044 5¹¹

1789 4090 2032 4152 Quirinali
2053 4092 2190 4141 colle.
2219 4093 2336 4140 vid.
2366 4094 2548 4154 Nepos.
2582 4089 2666 4134 En.
