3023 4773
627 368 763 467 196
1268 371 1365 436 M.
1417 371 1491 435 T.
1549 371 2103 442 CICERONIS

614 495 837 566 nimia
868 486 1683 589 ewou892¹⁵suspicionem
1716 487 1781 562 ei
1815 492 2125 589 aliquam
2149 494 2588 591 importaret.
2606 500 2755 571 De-

615 602 783 675 inde
823 599 1004 672 illud
1058 606 1271 673 etiam
1313 600 1494 671 mihi
1540 602 2042 688 succurrebat,
2086 627 2299 700 grave
2344 603 2597 693 esse¹⁶‚
2636 633 2757 679 me

613 713 704 784 de
739 711 1012 807 judicio
1061 713 1283 809 patris
1321 710 1665 805 judicare.
1724 716 1958 783 Tuum
2016 728 2254 784 tamen
2309 715 2627 787 studium
2679 734 2760 789 et.

614 823 1030 903 consilium,
1058 835 1340 918 gratum
1377 835 1906 919 acceptumque
1948 839 2056 894 est
2100 824 2297 894 mihi.
2344 830 2757 899 Excusatio-

610 958 781 1005 nem
825 934 1319 1029 angustiarum
1358 936 1465 1002 tui
1517 933 1865 1028 temporis
1905 934 2178 1031 accipio
2235 961 2251 1003 ε
2310 937 2460 1007 scio
2514 941 2709 1009 enim
2733 994 2755 1026 ‚

612 1066 831 1141 quam
870 1042 1098 1114 soleas
1134 1065 1286 1114 esse
1336 1057 1753 1139 occupatus.
1802 1043 2074 1114 Emisse
2120 1058 2193 1113 te
2231 1043 2583 1141 praedium
2621 1074 2755 1119 ve-

611 1154 989 1225 hementer
1019 1149 1337 1247 gaudem
1380 1150 1830 1250 feliciterque
1866 1151 1996 1223 tibi
2033 1178 2188 1225 rem
2220 1155 2431 1226 istam
2465 1160 2760 1229 evenire

610 1266 848 1361 cupio,
896 1268 1049 1333 Hoc
1092 1262 1334 1333 loco¹7
1369 1287 1483 1332 me
1513 1261 1648 1333 tibi
1674 1263 2056 1360 gratulari,
2100 1265 2253 1334 noli
2298 1267 2566 1338 mirari.
2609 1272 2758 1338 Eo-

610 1374 775 1446 dem
811 1374 1005 1443 enim
1045 1370 1192 1443 fere
1225 1372 1420 1459 loc0‚
1448 1388 1530 1442 tu
1566 1384 1897 1470 quoque,
1929 1374 2183 1446 emisse
2221 1390 2329 1463 te,
2372 1374 2602 1449 fecisti
2637 1404 2760 1450 me

609 1486 1012 1555 certiorem.
1045 1480 1303 1552 Habes.
1343 1481 1811 1580 Deponendae
1840 1481 1973 1553 tibi
1994 1481 2243 1556 sunt¹⁸
2272 1485 2757 1559 urbanitates:

608 1596 921 1666 rusticus
978 1597 1345 1663 Romanus
1371 1604 1432 1650 ¹9
1494 1591 1723 1664 factus
1774 1620 1870 1663 es.
1933 1594 2328 1685 Quomodo
2376 1620 2513 1694 ego
2574 1599 2761 1669 mihi

609 1728 808 1776 nunc
852 1718 1018 1774 ante
1071 1701 1323 1774 oculos
1369 1717 1580 1773 tuum
1614 1702 2224 1797 jucundissimum
2278 1723 2761 1804 conspectum

610 1815 999 1915 propono?
1020 1811 1270 1883 videor
1293 1814 1487 1884 enim
1515 1811 1762 1884 videre
1784 1829 2147 1886 ementem
2176 1829 2247 1886 te
2274 1816 2578 1888 rusticas
2609 1842 2762 1907 reS,

610 1950 778 1997 cum
802 1924 1038 1995 villico
1069 1924 1529 2021 loquentem,
1554 1924 1629 1993 in
1668 1922 1923 1995 lacinia
1949 1939 2353 1997 servantem
2388 1952 2476 1998 ex
2504 1951 2765 2000 mensa

606 2034 923 2107 secunda
945 2036 1217 2106 semina
1236 2045 1323 2103 ²⁰.
1362 2032 1502 2105 Sed
1543 2032 1745 2131 quod
1771 2034 1859 2109 ad
1887 2058 2041 2106 rem
2072 2039 2412 2133 pertinet,
2447 2062 2565 2108 me
2592 2052 2763 2109 tum

606 2148 739 2218 tibi
779 2144 1127 2233 defuisse,
1161 2169 1366 2242 aeque
1413 2167 1496 2215 ac
1540 2159 1663 2231 tu,
1709 2143 1946 2217 doleo.
2002 2144 2141 2216 Sed
2184 2144 2335 2216 noli
2371 2145 2757 2236 dubitare,

611 2262 711 2327 mi
737 2259 946 2339 Tiro,
986 2256 1168 2351 quin
1220 2269 1290 2325 te
1331 2252 1834 2326 sublevaturus
1876 2258 2047 2340 sim,
2088 2257 2146 2325 si
2195 2254 2413 2327 modo
2457 2255 2763 2331 fortuna

691 2557 773 2604 15.
805 2544 1015 2607 Σπουδὴ.
1054 2553 1298 2618 Propensa
1322 2550 1549 2600 voluntas
1578 2553 1641 2601 ad

611 2635 842 2698 Gorgiam
868 2631 1201 2681 retinendum.

689 2717 765 2763 16.
797 2713 962 2759 Grave
980 2729 1109 2764 esse,
1142 2727 1218 2759 me
1239 2711 1304 2768 de
1320 2712 1517 2776 judicio
1537 2728 1640 2776 pa-

611 2796 717 2843 tris.
737 2793 853 2840 Non
874 2804 1004 2841 recte
1026 2792 1182 2840 facere
1202 2807 1279 2839 me
1294 2825 1309 2848 ‚
1333 2792 1376 2837 si
1402 2791 1464 2838 de
1487 2793 1641 2855 patris

605 2873 796 2938 judicio
850 2874 915 2918 ita
962 2871 1184 2932 judicare
1230 2870 1406 2918 vellem
1429 2905 1447 2933 ,
1498 2871 1638 2933 qnasi

608 2955 711 3003 falli
730 2964 898 3018 posset
923 2953 977 2999 in
1002 2966 1081 3009 eo,
1104 2950 1241 3015 quod
1258 2951 1555 2999 existimaret
1576 2949 1636 2996 de

608 3034 808 3097 Gorgia.
828 3033 1238 3081 Mm.—Frnstra
1261 3041 1338 3076 me
1356 3039 1637 3093 suspectum

606 3112 859 3172 Emestio,
884 3101 970 3175 qui
996 3109 1162 3158 mallet
1165 3108 1353 3176 filium,
1378 3119 1429 3156 et
1449 3118 1638 3156 senten-

608 3196 724 3243 tiam
753 3208 854 3240 esse
882 3189 1152 3254 generalem
1181 3197 1336 3251 putat.
1361 3187 1411 3235 J.
1431 3186 1496 3235 V.
1524 3189 1583 3236 L.

685 3283 761 3334 ¹⁸7·
791 3265 899 3319 Hoc
930 3270 1055 3317 Ioco.
1085 3269 1189 3314 Hac
1215 3278 1354 3332 parte
1380 3267 1633 3329 epistolae:

605 3369 758 3416 quum
779 3346 1186 3414 gratulationibus
1215 3345 1428 3396 tribuere
1454 3346 1635 3409 primas

609 3433 705 3478 fere
733 3427 1049 3496 epistolarum
1078 3436 1242 3490 partes
1270 3425 1529 3473 soleamus.

681 3512 761 3557 18.
810 3507 904 3555 Ubi
941 3504 1241 3570 deponenda
1277 3503 1368 3551 tibi
1392 3505 1506 3552 sint.
1537 3504 1634 3553 Ubi

605 3587 847 3635 molestias
873 3596 922 3634 et
941 3584 1175 3648 ineptias,
1198 3600 1308 3648 quae
1329 3583 1495 3632 multae
1519 3595 1633 3632 sunt

606 3670 656 3715 in
686 3666 819 3715 Urbe
848 3665 1057 3713 serendae
1074 3697 1091 3723 ,
1119 3665 1315 3727 quoties
1344 3679 1507 3711 earum
1545 3674 1632 3712 ιε-

604 3747 738 3795 dinm
779 3755 827 3791 te
869 3745 1080 3808 ceperit,
1122 3743 1280 3807 fugias
1325 3753 1374 3790 et
1416 3743 1632 3803 abjicias.

602 3830 652 3876 J.
679 3828 733 3873 Β.
754 3823 927 3871 Gnosi.
966 3847 1039 3858 -—·
1074 3824 1275 3870 Praestat
1312 3822 1436 3870 forte
1458 3820 1634 3879 lectio,

602 3932 626 3949 ..
647 3905 809 3954 Habes
826 3936 840 3960 ,
866 3898 1174 3965 deponenda:
1202 3900 1289 3948 nbi
1311 3902 1408 3948 sint
1431 3899 1626 3948 urbani-

603 3996 723 4032 tates
742 4005 785 4029 ι».
816 3983 864 4029 J.
885 3981 954 4030 V.
977 3981 1031 4027 L.

675 4079 755 4125 19·
791 4058 1012 4110 Rusticus
1048 4059 1311 4106 Romanus.
1349 4059 1623 4107 Honestum

597 4158 774 4191 nomm
802 4151 872 4188 est
909 4136 1089 4203 plebeii
1121 4138 1339 4185 ordinis:
1371 4139 1485 4205 qnia
1511 4151 1626 4189 vera

1727 2556 1925 2604 Romuli
1979 2557 2143 2620 proles
2201 2557 2470 2621 agrestibus
2521 2558 2762 2624 operibus

1727 2635 2041 2684 exercebatur
2055 2671 2070 2693 ‚
2108 2647 2157 2684 et
2175 2637 2401 2685 rusticam
2421 2637 2611 2701 plebem
2632 2651 2765 2702 pre-

1729 2715 1943 2778 ponebat
1968 2716 2164 2764 nrbanae
2181 2751 2196 2777 ,
2215 2734 2368 2780 quum
2385 2733 2612 2782 proces-es
2628 2720 2761 2767 civi-

1729 2794 1844 2841 tatis
1869 2795 1924 2842 in
1950 2795 2078 2858 agris
2105 2801 2424 2856 morarentur,
2449 2807 2498 2843 et
2521 2796 2606 2844 nbi
2628 2814 2763 2846 con·

1730 2872 1893 2920 silium
1911 2874 2164 2938 publicum
2184 2875 2556 2934 desiderabam
2572 2892 2600 2923 e
2621 2876 2764 2926 villis

1726 2952 2089 3001 arcessebantur
2120 2955 2175 3002 in
2214 2964 2462 3013 senatum,
2497 2954 2628 3002 unde
2663 2959 2761 3021 qni

1726 3046 1814 3079 eos
1864 3032 2133 3080 evocabant
2156 3069 2171 3092 ,
2223 3033 2440 3081 vincor-es
2496 3037 2759 3086 nominati.

1726 3111 1900 3159 Cicero
1945 3127 2039 3177 pro
2087 3112 2257 3162 Sextio
2310 3113 2363 3160 in
2405 3114 2760 3179 Optimatinm,

1726 3189 1823 3236 boc
1849 3202 1945 3248 est,
1970 3192 2055 3255 qni
2086 3192 2290 3240 consilia
2318 3207 2403 3241 sua
2436 3193 2626 3258 optimo
2652 3199 2761 3243 cui·

1725 3283 1821 3330 que
1864 3269 2064 3333 probari
2108 3270 2290 3319 vellent
2306 3305 2322 3330 ,
2366 3281 2497 3319 secta
2540 3272 2758 3323 collocat

1725 3347 2082 3411 «municipales
2107 3350 2413 3414 rusticosque
2439 3352 2692 3400 Romanos
2712 3377 2756 3402 -.

1723 3425 1798 3473 Id.
1817 3425 1879 3473 de
1904 3428 2191 3477 Senectute:
2221 3452 2245 3470 n
2267 3431 2472 3478 Possum
2498 3433 2759 3480 nominare

1722 3520 1783 3552 ex
1832 3521 1949 3569 agro
2007 3506 2189 3555 Sabino
2227 3510 2435 3557 rusticos
2473 3512 2754 3570 Romanos,

1721 3583 1912 3631 vicinos
1937 3595 1989 3632 et
2014 3585 2268 3633 familiares
2294 3603 2484 3638 meos».
2507 3587 2620 3637 Lib.
2641 3592 2670 3638 1
2689 3589 2757 3639 de

1722 3664 1894 3712 Divin.
1915 3665 2080 3712 «Exin
2103 3665 2297 3713 cuidam
2317 3669 2499 3716 rustico
2521 3669 2756 3718 Romano

1724 3742 1985 3792 dormienti
2016 3745 2151 3792 visus
2179 3756 2254 3793 est
2289 3747 2456 3794 venire
2492 3749 2581 3810 qui
2620 3748 2755 3797 dice·

1724 3833 1826 3880 ret,
1869 3823 2204 3887 praesultorem
2239 3825 2333 3872 sibi
2373 3841 2472 3872 non
2507 3826 2755 3890 placuisse

1713 3901 1844 3949 ludis
1867 3924 1910 3950 ιι.
1948 3902 2059 3950 Tib.
2093 3904 2314 3952 Atinium
2349 3926 2377 3947 ιι
2399 3904 2461 3953 de
2486 3905 2633 3969 plebe
2660 3908 2750 3956 ho-

1714 3983 1891 4028 minem
1913 4003 1938 4023 ι·
1966 3982 2179 4048 appellat
2197 3984 2378 4033 Livius.
2401 3985 2572 4034 Gaon.

1786 4077 1868 4110 πο.
1888 4062 2098 4110 Semina.
2130 4064 2392 4111 Pomorum
2409 4097 2424 4122 ‚
2449 4080 2562 4126 quae
2586 4081 2748 4115 come-

1716 4138 1897 4189 duntur
1923 4143 1975 4190 in
2002 4140 2214 4190 secunda
2240 4158 2419 4191 mensa.
2442 4144 2589 4191 Mart.
