3023 4773
761 376 837 441 T.
884 375 1414 444 POMPONII
1479 375 1842 445 ATTICI.
2214 397 2366 471 ους)

255 493 585 565 divinatio
607 489 1034 590 appellanda
1054 506 1162 564 est
1177 508 1526 592 perpetua
1543 493 1885 564 naturalis
1898 493 2374 590 bonitas‚quae

257 604 456 674 nullis
474 602 762 675 casibus
781 626 1021 699 neque
1041 606 1302 699 agitur,
1323 628 1563 700 neque
1584 606 1953 674 minuitur.
1969 608 2368 676 HostisAn—

254 718 487 785 tonius
507 713 904 809 judicatus,
935 715 1138 786 ltalia
1163 728 1508 800 cesserat3
1538 740 1702 812 spes
1730 714 2148 785 restituendi
2178 712 2374 784 nulla

251 839 416 895 erat.
441 827 611 895 Non
639 825 876 895 solum
904 825 1065 920 ejus
1090 827 1361 896 inimici
1387 879 1406 913 ,
1440 828 1570 922 qui
1600 839 1758 895 tum
1791 839 1994 896 erant
2015 828 2371 923 potentis·

247 937 425 1022 simi,
438 950 513 1006 et
529 934 847 1032 plurimi,
869 933 991 1006 sed
1010 938 1221 1006 etiam
1238 937 1369 1032 qui
1383 934 1803 1006 adversariis
1820 935 1884 1030 ej
1896 959 1976 1004 us
1991 959 2065 1005 se
2082 931 2373 1020 dabant,

247 1058 315 1114 et
346 1048 422 1114 in
451 1069 544 1116 eo
571 1042 900 1115 laedendo
932 1069 1008 1116 se
1036 1043 1351 1143 aliquam
1380 1060 1964 1141 consequuturos
1990 1041 2374 1141 sperabant

247 1154 988 1242 commendationem,
1027 1158 1325 1226 Antonii
1367 1151 1749 1226 familiares
1784 1151 2380 1250 insequebantur,

245 1288 548 1335 uxorem
594 1264 915 1336 Fulviam
958 1263 1304 1335 omnibus
1338 1263 1561 1336 rebus
1601 1264 1909 1362 spoliare
1945 1261 2376 1361 cupiebant,

246 1373 510 1445 liberos
535 1377 752 1445 etiam
787 1374 1242 1470 exstinguere
1277 1374 1649 1473 parabant.
1673 1377 1974 1461 Atticus,
1997 1398 2227 1471 quum
2261 1377 2376 1442 Ci-

245 1487 525 1554 ceronis
546 1483 801 1554 intima
821 1482 1303 1556 familiaritate
1323 1500 1680 1573 uteretur,
1704 1488 2173 1557 amicissimus
2194 1497 2377 1553 esset

243 1598 495 1677 Brut0,
540 1618 688 1664 non
735 1592 956 1663 modo
990 1575 1186 1664 nihil'
1210 1596 1294 1665 iis
1330 1594 1630 1666 indulsit
1659 1594 1749 1665 ad
1787 1598 2187 1665 Antonium
2220 1597 2378 1662 vio-

246 1702 540 1772 landum
565 1755 584 1789 ‚
621 1701 748 1773 sed
783 1727 824 1773 e
862 1707 1228 1775 contrario
1266 1702 1650 1776 familiares
1678 1704 1834 1798 ejus
1865 1730 1954 1775 ex
1977 1703 2175 1774 Urbe
2213 1727 2378 1800 pro-

248 1810 637 1909 fugientes,
674 1827 1037 1909 quantum
1072 1817 1347 1912 potuit,
1382 1817 1597 1902 texit3
1636 1816 1907 1912 quibus
1938 1814 2159 1886 rebus
2186 1814 2375 1883 indi.-

246 1936 597 2020 guerunt,
615 1921 887 2018 adjuvit
910 1948 927 1991 ε
954 1928 1025 1993 Ρ.
1051 1948 1224 1995 vero
1238 1925 1635 1995 Volumnio
1655 1949 1738 1995 ea
1758 1924 2049 2009 tribuit,
2070 1937 2150 1992 ut
2172 1922 2379 2019 plura

247 2059 285 2103 a
321 2047 622 2130 parente
644 2032 1002 2131 proficisci
1026 2059 1177 2105 non
1210 2036 1609 2133 potuerint.
1646 2037 1792 2132 Ipsi
1822 2050 2063 2105 autem
2087 2032 2381 2117 Fulviae,

249 2168 478 2240 quum
516 2142 767 2214 litibus
797 2142 1286 2226 distineretur,
1310 2148 1736 2241 magnisque
1767 2142 2163 2214 terroribus
2178 2168 2387 2213 vexa·

252 2267 474 2336 retur,
496 2267 695 2322 tanta
727 2251 1098 2349 diligentia
1126 2251 1448 2324 officium
1486 2278 1700 2324 suum
1730 2256 2078 2352 praestitit‚
2115 2268 2195 2323 ut
2233 2253 2382 2323 nul·

249 2363 396 2433 lum
429 2362 550 2434 illa
582 2363 844 2435 stiterit
876 2363 1367 2436 vadimonium
1408 2368 1564 2437 sine
1602 2366 1875 2452 Attico,
1914 2364 2034 2438 hic
2074 2388 2381 2461 sponsor

252 2478 576 2546 omnium
616 2499 863 2545 rerum
903 2474 1144 2546 fuerit.
1174 2477 1375 2565 Quin
1406 2477 1894 2572 etiam,quum
1920 2475 2038 2546 illa
2069 2473 2380 2545 fundum

254 2583 562 2655 secunda
621 2583 914 2656 fortuna
955 2586 1244 2656 emisset
1284 2589 1359 2655 in
1405 2584 1636 2673 diem3
1678 2609 1920 2683 neque
1980 2581 2147 2683 post
2196 2583 2381 2655 cala-

257 2699 573 2768 mitatem
601 2720 968 2767 versuram
993 2694 1225 2767 facere
1263 2699 1653 2795 potuisset;
1675 2696 1793 2767 ille
1825 2721 1901 2767 se
1929 2698 2385 2792 interposuit,

258 2805 784 2903 pecuniamque
823 2810 979 2878 sine
1016 2805 1336 2894 foenore,
1379 2811 1687 2903 sineque
1734 2806 1875 2876 ulla
1921 2806 2384 2903 stipulatione

258 2917 320 2984 ei
343 2914 686 3005 credidit,
716 2919 1107 2988 maximum
1136 2918 1548 2988 existimans
1576 2931 1964 3014 quaestum,
1994 2939 2383 2988 memorem

260 3042 688 3123 gratumque
729 3030 1103 3125 cognosci,
1147 3028 1507 3125 simulque
1551 3030 1868 3124 aperire,
1919 3051 1993 3096 se
2040 3052 2191 3097 non
2236 3023 2382 3094 for-

259 3149 476 3224 tunae,
511 3136 640 3210 sed
677 3138 1102 3210 hominibus
1138 3139 1371 3210 solere
1408 3163 1561 3211 esse
1597 3137 2129 3225 amicum.Quae
2154 3158 2385 3233 quum

261 3243 601 3333 faciebat,
646 3273 865 3319 nemo
923 3273 1093 3320 eum
1140 3252 1487 3346 temporis
1522 3272 1750 3337 ,causa
1818 3245 2049 3318 facere
2101 3258 2386 3342 poterat

260 3358 681 3429 existimare.
711 3361 1001 3430 Nemini
1044 3361 1237 3429 enim
1275 3363 1350 3428 in
1386 3363 1809 3456 opinionem
1848 3355 2213 3441 veniebat,
2244 3357 2386 3423 An-

261 3471 537 3538 tonium
584 3493 834 3540 rerum
885 3470 1311 3567 potiturum.
1351 3467 1491 3540 Sed
1533 3473 1794 3540 sensim
1844 3472 1902 3539 is
1939 3493 1979 3537 a
2017 3465 2384 3536 nonnullis

261 3576 727 3700 optimatibus
743 3576 1437 3676 reprehendebatur,
1464 3577 1667 3700 quod
1693 3601 1945 3674 parum
1976 3574 2214 3647 odisse
2252 3597 2389 3642 ma-

263 3681 362 3754 los
396 3688 589 3758 cives
626 3686 1013 3760 videretur.
1045 3688 1173 3759 Ille
1200 3702 1442 3758 autem
1473 3688 1586 3758 sui
1614 3685 1903 3780 judicii,
1932 3673 2174 3782 potius
2208 3682 2382 3781 quid

267 3818 335 3865 se
371 3794 602 3870 facere
636 3823 766 3896 par
811 3815 996 3872 esset
1029 3799 1485 3884 intuebatur,
1535 3820 1755 3893 quam
1785 3795 1965 3893 quid
1992 3795 2113 3867 alii
2143 3793 2386 3866 lauda-

273 3909 406 3975 turi
450 3905 713 3980 forent.

361 4020 442 4087 X.
487 4023 849 4091 Conversa
880 4018 1120 4092 subito
1150 4003 1438 4090 fortuna
1472 4033 1598 4088 est.
1644 4021 1739 4088 Ut
1778 4020 2136 4089 Antonius
2173 4013 2387 4086 rediit
