3023 4773
828 424 1662 510 EPISTOLAE‚xv1,
1711 423 1821 492 18.

258 548 499 628 κοιλίας.
563 551 702 617 Fac
763 543 999 616 bellus
1061 560 1418 616 revertare
1483 571 1499 612 :

2262 450 2383 521 ¹9¹

1576 567 1727 613 nou
1791 543 2011 615 modo
2079 559 2182 636 te,
2264 547 2394 619 sed

258 658 465 728 etiam
499 654 990 728 Tusculanum
1036 661 1369 726 nostrum
1406 655 1572 752 plus
1606 678 1862 725 amem.
1899 656 2387 729 Parhedrum⁷

258 770 523 855 excita,
552 782 637 838 ut
672 766 965 836 hortum
997 767 1149 861 ipse
1179 759 1585 836 conducat⁸
1616 792 1632 833 :
1666 767 1768 834 sic
1794 764 2128 835 olitorem
2155 768 2392 864 ipsum

257 875 771 950 commovebis.
791 875 1041 947 Helico
1055 886 1087 934 9
1108 877 1590 973 nequissimus
1607 878 1758 946 H-S
1778 899 1890 946 cm
1913 873 2130 946 dabat
2146 930 2165 963 ‚
2189 878 2394 950 nullo
2449 865 2452 872 ’

254 992 499 1086 aprico
531 986 750 1058 horto
769 997 857 1072 ¹⁰,
885 986 1090 1057 nullo
1112 990 1505 1059 emissario¹
1524 999 1573 1073 ¹,
1600 984 1800 1057 nulla
1824 990 2131 1058 maceria
2149 1042 2168 1076 ‚
2193 989 2394 1060 nulla

256 1124 434 1171 casa.
461 1102 603 1169 Iste
630 1122 765 1168 nos
810 1111 1008 1168 tanta
1043 1100 1370 1195 impensa
1411 1095 1733 1180 derideat
1749 1094 2126 1167 ¹²?calface
2166 1096 2400 1168 homi-

255 1235 449 1297 nem,
472 1224 556 1279 ut
582 1233 718 1307 ego
747 1203 1269 1278 Mothonem13.
1286 1212 1540 1305 Itaque
1583 1205 1847 1278 abutor
1877 1211 2256 1278 coronis&
2287 1212 2395 1279 De

255 1314 596 1389 Crabra¹⁵
626 1316 807 1414 quid
836 1311 1110 1414 agatur,
1140 1320 1271 1396 etsi
1295 1342 1491 1390 nuuc
1510 1315 1808 1414 quidem
1837 1320 2052 1392 etiam
2087 1321 2397 1395 nimium

256 1535 543 1583 vitationem
598 1532 896 1581 lassitudinis
941 1546 954 1581 τ
1014 1530 1277 1599 περίπατον

258 1614 540 1681 ὥρμει-ρον,
552 1613 928 1661 ambulationem
948 1612 1245 1660 moderatam
1264 1626 1279 1661 τ

256 1691 439 1761 τέρψιν,
479 1692 859 1741 oblectationem
884 1706 898 1740 ε
935 1690 1149 1741 εὐλυσίαν
1179 1707 1277 1740 κοι-

256 1771 356 1829 λίας
370 1808 386 1828 ,
403 1772 685 1820 facilitatem
702 1770 816 1820 alvi.
838 1769 974 1818 Idem
996 1770 1163 1819 schola
1189 1774 1277 1820 s·-

255 1852 491 1899 lernitsna
523 1851 749 1916 proeprit
786 1850 881 1897 hoc
906 1849 1148 1898 disticho:
1188 1851 1279 1898 «Si

255 1932 343 1979 tihi
367 1929 594 1979 deficiant
612 1929 813 1990 medici,
851 1929 1027 1976 medici
1048 1929 1139 1976 tibi
1161 1928 1282 1977 fiant

255 2015 370 2060 Raec
398 2011 516 2066 tria,
545 2025 680 2056 mens
697 2007 890 2070 hilaris,
910 2011 1101 2072 requies
1118 2008 1280 2056 mode-

256 2102 381 2147 rata,
407 2088 612 2136 diaeta».
634 2088 729 2134 En.

326 2186 376 2230 7.
426 2165 750 2214 Parhedrum.
792 2166 994 2230 Proprie
1038 2158 1281 2233 πάρεδρος

255 2264 470 2296 assessor
502 2256 613 2294 est:
660 2245 948 2293 transfertur
977 2244 1042 2291 ad
1075 2245 1193 2300 alia,
1229 2256 1280 2293 et

252 2327 584 2375 consiliarium
598 2361 614 2386 ‚
633 2335 717 2371 aut
742 2323 992 2371 custodem
1019 2321 1277 2388 significat.

253 2412 472 2456 Fortasse
506 2406 729 2470 loquitur
768 2405 942 2453 Cicero
987 2405 1048 2452 de
1085 2404 1280 2452 olitoris

252 2488 435 2536 vicino.
449 2488 596 2535 Mu.
614 2513 684 2521 —
702 2482 997 2532 SedSchiitz
1017 2494 1065 2531 et
1090 2486 1205 2533 J.v.
1221 2486 1276 2534 L.
1329 2480 1333 2485 ⁷

253 2567 513 2631 proprium
539 2580 642 2612 esse
668 2579 847 2612 nomen
870 2574 1062 2628 putant.
1081 2566 1171 2611 En.

322 2647 374 2693 8.
404 2647 518 2708 Ipse
539 2642 802 2694 conducat.
829 2644 943 2702 Est,
993 2643 1088 2690 nisi
1119 2642 1277 2700 fallor,

250 2725 396 2786 hujus
442 2725 546 2771 loci
590 2739 759 2770 sensus
792 2738 806 2772 ε
851 2722 1016 2770 Olitor
1054 2733 1278 2770 nostrum

251 2803 452 2851 hortum
501 2801 617 2850 facit
661 2801 881 2859 minimi,
926 2801 1278 2865 minimumque

250 2901 345 2948 pro
364 2901 425 2931 eo
444 2881 840 2946 pretiumosfert,
861 2891 994 2928 ratus
1011 2882 1278 2930 affuturum

251 2966 529 3020 nemiuem,
571 2961 658 3025 qui
691 2961 812 3008 velit
842 2977 956 3009 eum
987 2960 1279 3009 conducere.

252 3046 321 3091 At
347 3058 517 3106 quaere
547 3040 674 3088 inter
706 3040 898 3088 viciuos
925 3038 1162 3102 aliquem,
1192 3041 1280 3104 qui

250 3121 455 3170 hortum
496 3121 631 3166 hunc
667 3118 746 3165 vel
782 3118 846 3166 ad
874 3129 1064 3182 tempus
1092 3118 1281 3167 condu-

248 3212 354 3258 cet,
376 3209 465 3248 aut
490 3198 644 3262 fingat
671 3197 797 3246 velle
823 3215 873 3246 se
891 3196 1184 3246 conducere.
1201 3198 1282 3246 Sic

248 3281 479 3328 olitorem
530 3278 765 3327 excitabis
786 3315 801 3339 ,
844 3288 896 3326 et
939 3276 1186 3333 adduces,
1227 3287 1284 3324 ut

248 3375 491 3407 ammam
519 3358 741 3422 pecuniae
777 3359 1008 3417 maiorem
1039 3355 1160 3402 mihi
1186 3355 1283 3402 sol-

248 3450 346 3487 vat.
376 3439 659 3499 Quam-n.

320 3535 371 3580 9.
404 3515 594 3563 Helico.
626 3517 707 3564 sic
737 3524 922 3561 veteres
947 3512 1064 3560 libri
1088 3528 1282 3575 omnes,

247 3612 297 3647 et
325 3600 530 3664 opinor,
556 3596 811 3654 mendose,
849 3594 1059 3642 obscure
1084 3592 1284 3656 quidem

247 3692 397 3728 certe-
430 3680 574 3726 Man.
607 3703 681 3713 —
699 3675 952 3722 Victorius
978 3675 1172 3737 reponit
1192 3674 1283 3720 Sa-

248 3761 361 3807 laeo
381 3792 398 3818 ,
445 3756 584 3820 qnod
619 3754 732 3802 Sch.
762 3753 971 3820 probat,
1016 3763 1064 3800 et
1092 3753 1286 3801 Cicero-

248 3856 363 3887 nem
395 3846 543 3901 putat
575 3836 635 3883 de
660 3835 771 3899 ipso
798 3831 974 3881 olitore
999 3832 1156 3897 loqui.
1194 3834 1284 3880 Er-

250 3917 413 3966 nestio
432 3928 598 3964 autem
610 3914 779 3962 Helico
804 3912 1063 3960 videbatur
1084 3912 1284 3960 hortum

249 4008 366 4045 ante
388 3993 692 4044 conductum
710 3992 959 4048 babuisse,
981 4008 1127 4054 quem
1139 4002 1282 4058 vocet

248 4076 602 4139 nequissimum
618 4107 633 4133 ,
660 4074 774 4136 quia
795 4083 880 4120 aut
903 4070 1159 4135 pecuniam
1179 4086 1279 4118 non

249 4153 507 4213 solvisset,
535 4163 624 4201 aut
648 4152 747 4200 alio
776 4167 876 4215 quo
907 4149 1056 4198 modo
1083 4165 1275 4214 peccas-

1365 1543 1453 1581 set.
1474 1535 1583 1580 Imo
1601 1542 1761 1580 autem
1784 1532 2066 1580 Salacouem
2082 1544 2231 1582 vocat
2257 1533 2397 1583 illum

1366 1613 1622 1672 olitorem,
1659 1611 1796 1676 quod
1821 1613 2019 1660 hortum
2050 1612 2272 1661 nondum
2296 1615 2367 1662 sic
2382 1649 2400 1673 ,

1364 1702 1422 1739 ut
1456 1707 1591 1738 nunc
1629 1701 1764 1752 erat,
1794 1691 2043 1739 excultum
2071 1702 2121 1739 et
2145 1704 2399 1751 ornatum.

1365 1787 1447 1818 n·s
1470 1786 1556 1817 cm
1582 1769 1874 1818 conduxerit
1889 1806 1903 1828 ‚
1927 1787 2159 1834 nuncque
2181 1771 2395 1835 pretium

1363 1849 1625 1898 loc-ationis
1641 1850 1805 1914 augeri
1825 1850 1964 1898 nolit.
1988 1851 2119 1912 Ergo
2140 1850 2191 1898 h.
2211 1850 2248 1900 l.
2268 1851 2395 1899 Sala-

1366 1946 1427 1977 co
1453 1941 1525 1977 est
1558 1924 1790 1979 δαπανῶν
1813 1928 1930 1979 ὅπου
1954 1927 2022 1996 μὴ
2042 1923 2123 1977 δεῖ
2138 1965 2153 1989 ,
2171 1941 2225 1977 ut
2243 1933 2400 1978 inter-

1365 2020 1586 2073 pretatur
1609 2009 1990 2073 Theophrastus.
2031 2007 2150 2060 Sca.
2192 2036 2263 2047 —
2298 2011 2399 2060 Alii

1372 2088 1646 2146 conjiciunt
1670 2087 1852 2136 helluo.
1872 2090 1921 2136 J.
1939 2091 2003 2138 V.
2023 2091 2077 2136 1..

1442 2183 1521 2215 10.
1548 2166 1733 2230 Ape-ico
1771 2165 1927 2213 boreo.
1967 2168 2180 2232 Api-icus
2219 2168 2395 2218 hortus

1365 2256 1439 2293 est
1466 2244 1636 2307 tepido
1671 2260 1728 2292 ac
1760 2244 1885 2302 leni,
1914 2261 2017 2293 non
2045 2248 2399 2296 tort-entissime

1365 2324 1458 2372 soli
1474 2325 1742 2386 expositus.
1760 2323 1934 2388 Aprici
1952 2325 2201 2390 colles‚qui
2221 2329 2400 2376 orienti

1364 2404 1458 2453 soli
1480 2404 1676 2453 obversi
1693 2416 1829 2463 sunt,
1855 2404 2057 2455 Ovidio.
2076 2407 2285 2471 Aprice‘zs
2308 2420 2402 2457 tet·-

1364 2501 1448 2531 ms
1475 2495 1624 2547 poeta
1659 2484 1945 2549 simpliciter
1986 2488 2222 2551 opposuit
2265 2488 2400 2554 frigi-

1367 2563 1601 2612 dioribus.
1641 2563 1720 2613 Cl.
1744 2564 1943 2613 Salmas.
1973 2566 2236 2623 Exercitnt.
2260 2568 2391 2631 Plin-

1365 2662 1416 2710 p.
1439 2659 1542 2707 990
1558 2677 1572 2702 ,
1609 2642 1695 2705 ubi
1713 2642 1825 2691 vide
1843 2644 1999 2709 plura.
2022 2648 2171 2694 Mur.

1445 2741 1527 2772 ιι.
1556 2724 1842 2772 Emissario.
1882 2726 2015 2772 Loco
2039 2758 2056 2785 ,
2098 2726 2399 2790 qui-aquam

1366 2805 1572 2860 emittat,
1591 2803 1788 2851 sistatve
1812 2802 2037 2851 obicibus
2059 2804 2137 2851 vel
2157 2805 2397 2865 demissis,

1364 2884 1442 2932 vel
1472 2882 1687 2931 reclusis.
1709 2881 1836 2929 Vide
1854 2883 2056 2939 Suetou.
2079 2883 2252 2933 Claud.
2277 2901 2362 2943 zo.

1444 2979 1526 3010 ια.
1572 2963 1672 3009 Iste
1708 2977 1799 3007 nos
1836 2973 1980 3009 tanea
2018 2962 2234 3024 impensa
2270 2964 2402 3011 deri·

1366 3041 1498 3090 deae.
1535 3041 1722 3104 Nempe
1767 3054 1870 3089 nou
1916 3040 1978 3088 sit
2023 3040 2276 3098 ferendum
2290 3077 2306 3101 ,
2342 3053 2400 3091 ut

1366 3136 1519 3183 quum
1550 3130 1735 3167 tautam
1767 3104 2032 3182 impensam
2061 3118 2318 3168 fecerimus
2343 3122 2396 3169 in

1369 3199 1472 3247 istis
1497 3198 1754 3263 operibus,
1793 3212 1883 3244 nos
1909 3196 2109 3245 irrideat
2146 3198 2253 3257 ille,
2280 3201 2321 3247 si
2343 3202 2395 3247 ei

1368 3279 1567 3326 hortum
1592 3277 1768 3326 vlliore
1793 3276 1955 3343 pretio
1981 3276 2214 3325 locemus.
2249 3279 2365 3339 Seu.

1447 3358 1532 3405 13.
1554 3356 1854 3405 Mothonem.
1876 3357 2019 3403 Forte
2037 3356 2184 3403 alium
2213 3358 2400 3407 condu-

1371 3446 1555 3483 ctorem
1590 3435 1723 3484 horti
1755 3437 1811 3483 in
1843 3436 1936 3483 alla
1965 3435 2220 3483 Ciceronis
2258 3437 2394 3486 villa.

1371 3513 1587 3575 Quidam
1627 3515 1904 3573 volucrunt⁴
1938 3514 2049 3561 «M.
2085 3514 2398 3575 Othonem»,

1372 3591 1459 3640 sed
1478 3592 1673 3640 videtur
1689 3591 1951 3657 legendum
1970 3614 1994 3633 a
2013 3592 2188 3641 Matho
2200 3614 2241 3653 ι,
2262 3597 2399 3658 quod

1371 3672 1624 3720 invenitur
1644 3674 1746 3730 lx,
1776 3673 1862 3729 25.
1882 3673 1972 3719 En.

1447 3758 1529 3806 14.
1563 3752 1756 3811 Abutor
1792 3749 2005 3797 coronis.
2045 3751 2184 3800 Nihil
2219 3755 2396 3804 admo.

1372 3833 1488 3880 dum
1530 3830 1702 3879 floreas
1739 3830 1845 3890 ejus
1885 3819 2091 3879 coronas
2113 3865 2128 3891 ,
2152 3845 2238 3882 aut
2270 3836 2400 3885 dona

1371 3910 1616 3977 ejusmodi
1639 3924 1831 3957 moror:
1855 3909 2013 3956 malim
2041 3922 2098 3959 ut
2127 3914 2281 3975 majus
2303 3932 2398 3978 pro

1372 3991 1525 4040 horto
1546 3990 1755 4054 pretium
1784 3991 2070 4038 constituat.
2092 3992 2362 4054 Quinum.
2405 4042 2410 4043 ⁷

1449 4086 1467 4116 ι
1482 4070 1529 4118 5.
1542 4071 1616 4117 De
1630 4068 1834 4118 Crabra.
1851 4069 2242 4134 Agri-Tusculani
2256 4087 2399 4135 aqua,

1366 4164 1459 4212 pro
1505 4165 1602 4211 qua
1651 4148 1825 4196 Cicero
1875 4148 2070 4198 videtur
2113 4151 2401 4218 Tusculanis
