3023 4773
833 396 1415 483 EPISTOLAE,
1451 397 1699 484 XIII,
1748 394 1866 482 43.
2324 396 2412 493 57

276 517 493 590 meli²
519 519 963 614 negotiatur,
987 518 1210 589 homo
1240 518 1416 589 mihi
1438 518 1818 590 familiaris.
1837 522 2020 589 Eum
2039 518 2170 592 tibi
2200 521 2415 592 unice

273 624 753 711 commend03
791 651 1027 724 eoque
1064 631 1317 727 magis,
1357 629 1562 726 quod
1606 655 1837 727 quum
1874 631 2110 728 ipsum
2158 630 2414 729 diligo,

271 752 435 807 tum
470 735 671 833 quod
705 740 992 834 negotia
1028 754 1371 836 procurat
1401 746 1481 811 L.
1517 742 1799 839 Egnatii
1835 740 1997 812 Rufi
2031 770 2046 811 :
2092 768 2244 840 quo
2279 768 2414 840 ego

269 872 428 918 uno
449 850 693 945 equite
714 874 1017 920 romano
1047 848 1592 923 familiarissime
1628 867 1818 938 utor,
1842 866 1916 923 et
1951 854 2079 949 qui
2113 878 2418 926 consue-

269 960 533 1033 tudine
570 962 1025 1058 quotidiana,
1083 979 1242 1036 tum
1283 963 1537 1037 officiis
1573 968 1906 1064 plurimis
1942 968 2417 1066 maximisque

270 1071 457 1142 mihi
507 1073 940 1167 conjunctus
999 1088 1122 1146 est.
1192 1079 1520 1174 Oppium
1576 1079 1795 1175 igitur
1839 1092 2270 1176 praesentem
2311 1082 2416 1150 ‘ut

268 1179 566 1278 diligas,
628 1185 912 1281 Egnatii
965 1183 1284 1257 absentis
1323 1212 1479 1257 rem
1532 1202 1615 1259 ut
1667 1202 1956 1276 tueare,
2012 1213 2217 1285 aeque
2251 1213 2293 1260 a
2341 1203 2414 1261 te

267 1305 485 1388 peto,
528 1315 610 1361 ac
646 1293 704 1362 si
740 1318 899 1365 mea
943 1296 1228 1391 negotia
1265 1311 1527 1367 essent.
1568 1297 1833 1382 Velim,
1869 1300 2233 1370 memoriae
2271 1314 2412 1370 tuae

266 1424 520 1488 causa,
564 1401 691 1473 des
730 1403 1101 1475 literarum
1148 1406 1423 1503 aliquid
1446 1405 1498 1495 3,
1541 1433 1705 1505 quae
1746 1407 1880 1479 tibi
1921 1410 1997 1478 in
2044 1410 2417 1506 provincia

265 1510 719 1583 reddantur:
759 1512 887 1584 sed
918 1516 1015 1586 ita
1047 1516 1492 1606 conscribas,
1530 1534 1615 1589 ut
1649 1533 1846 1608 tum,
1888 1545 2118 1617 quum
2158 1545 2276 1591 eas
2310 1520 2412 1592 le·

267 1646 431 1719 geS,
481 1620 691 1694 facile
744 1623 1112 1695 recordari
1159 1628 1389 1723 possis
1442 1627 1663 1724 hujus
1717 1653 1894 1699 meae
1938 1629 2411 1701 commenda-

266 1735 491 1805 tionis
556 1734 1021 1832 diligentiam.
1082 1743 1237 1808 Hoc
1282 1752 1351 1809 te
1404 1738 1875 1811 vehementer
1923 1741 2142 1811 etiam
2191 1753 2412 1838 atque

271 1848 485 1914 etiam
531 1870 737 1942 rog0.

339 2032 394 2066 α.
452 2016 734 2065 Philomeli.
784 2017 1110 2067 Philomelam
1128 2053 1143 2078 ,
1210 2036 1299 2068 sen
1386 2016 1580 2081 Oppius
1598 2015 1840 2081 petiturus
1859 2025 1976 2063 erat.
1997 2011 2416 2063 Caum—Vult

264 2095 637 2156 Philomelium,
664 2096 902 2161 oppidum
928 2098 1119 2161 Magna
1144 2098 1300 2162 Phry·
1385 2094 1549 2143 literas
1574 2111 1601 2142 a
1628 2095 1772 2143 Gallo
1795 2094 1927 2156 dari,
1953 2111 2064 2158 qnae
2086 2093 2148 2141 ab
2167 2093 2336 2157 Oppio
2361 2093 2416 2139 in

266 2177 375 2240 gia.
410 2178 534 2240 Snp.
561 2176 651 2225 lib.
674 2179 778 2235 111,
810 2177 949 2241 epist.
974 2179 1027 2225 8.
1388 2175 1642 2237 provincia
1670 2174 1715 2221 ei
1737 2173 1878 2221 reddi
1904 2183 2131 2238 possent,
2155 2188 2258 2236 quo
2293 2171 2411 2219 faei-

336 2257 389 2302 3.
413 2255 697 2302 Lieeramm
715 2255 919 2320 aliquid.
941 2257 1046 2304 Aut
1075 2256 1298 2304 nondum
1385 2252 1481 2300 lius
1517 2269 1626 2299 eum
1667 2251 1763 2300 sibi
1808 2269 1833 2300 a
1880 2252 2116 2300 Cicerone
2157 2250 2413 2314 diligenter

264 2336 515 2401 Ingressus
554 2336 649 2383 fuit
680 2337 1010 2402 provinciam,
1050 2335 1116 2384 ad
1150 2351 1297 2399 quam
1386 2332 1777 2382 commendatum
1844 2348 1946 2379 esse
2012 2331 2411 2379 reminisceretur.

263 2432 314 2463 se
337 2417 583 2480 parabat:
612 2427 698 2464 aut
722 2433 749 2464 e
772 2419 1022 2481 provincia
1040 2417 1204 2464 literas
1216 2418 1300 2477 jn·
1385 2417 1530 2462 Hunc
1576 2429 1771 2462 sensum
1814 2412 2035 2476 sequitur
2077 2411 2304 2469 Ρνένοεε,
2359 2421 2411 2457 et

263 2494 409 2545 betur
433 2498 658 2557 mittere,
684 2513 794 2561 quae
812 2496 1139 2561 polliceantur
1157 2495 1299 2560 quod
1385 2495 1434 2541 J.
1450 2495 1518 2542 V.
1543 2497 1598 2543 L.
1622 2492 1870 2558 probavit.
1892 2494 1986 2542 En.

1291 2676 1844 2698 mmmm
1850 2672 2402 2696 mmmmm

260 2679 731 2700 mm
735 2679 1010 2699 mm

844 2865 1458 2945 EPISTOLA
1511 2864 1836 2942 XLIV.

255 3022 549 3083 Eumdem
574 3023 837 3103 Oppium
866 3026 1055 3084 eidem
1085 3026 1255 3085 Gallo
1284 3023 1685 3094 commendat,
1736 3040 1850 3079 una
1876 3040 2012 3078 cum
2032 3018 2260 3098 Egnatii
2293 3038 2399 3076 ne-

978 3124 1168 3202 gotiis.
1198 3123 1396 3202 (Anno
1427 3120 1700 3198 incerto.)

647 3298 740 3363 Μ.
769 3301 843 3364 Τ.
878 3302 948 3365 c.
987 3301 1355 3384 QmNTm
1401 3301 1686 3366 GALLO
1727 3299 1789 3364 s.
1827 3298 1901 3361 Ρ.
1936 3298 2016 3361 1).

352 3447 527 3514 E‘rsr
579 3467 672 3513 ex
710 3445 894 3532 tuis,
952 3460 1026 3517 et
1067 3470 1159 3517 ex
1205 3451 1285 3517 L.
1337 3446 1599 3543 Oppii,
1653 3441 2178 3515 familiarissimi
2220 3441 2399 3524 mei,

253 3555 489 3625 literis
548 3557 898 3652 cognovi,
958 3571 1032 3627 te
1078 3581 1476 3628 memorem
1538 3551 2183 3626 commendationis
2230 3576 2404 3622 meae

253 3663 517 3751 fuisse,
556 3663 813 3761 idque,
857 3691 991 3764 pro
1035 3680 1159 3737 tua
1196 3691 1477 3738 summa
1516 3692 1682 3763 erga
1719 3689 1835 3734 me
1876 3661 2357 3733 benivolentia
2383 3717 2404 3746 ,

255 3799 550 3871 proque
582 3790 827 3846 nostra
853 3778 1389 3850 necessitudine
1407 3833 1426 3866 ‚
1454 3777 1753 3847 minime
1782 3799 1941 3844 sum
1975 3772 2397 3843 admiratus:

255 3898 505 3955 tamen
543 3887 759 3956 etiam
794 3901 1013 3986 atque
1051 3889 1268 3960 etiam
1299 3887 1431 3959 tibi
1460 3893 1541 3958 L.
1567 3890 1888 3983 Oppium
1929 3895 2354 3980 praesentem
2379 3934 2400 3966 ,

252 4003 427 4069 etL.
442 4001 764 4096 Egnatii,
777 4003 921 4071 mei
951 4001 1518 4086 familiarissimi,
1546 3999 1863 4096 absentis
1881 3997 2169 4095 negotia
2196 4018 2397 4064 com-

248 4107 550 4182 mende.
579 4114 805 4183 Tanta
845 4111 1019 4184 mihi
1057 4138 1223 4185 cum
1269 4139 1356 4185 eo
1391 4089 1849 4184 necessitudo
1880 4122 1990 4179 est
2026 4103 2394 4175 familiari-
