3023 4773
574 406 1092 474 EPISTOLAE
1142 407 1280 473 AD
1337 408 1842 492 ATTmUM,
1890 409 1954 491 1,
2009 407 2112 475 13.
2269 434 2408 503 299

286 520 530 610 detur,
593 521 770 595 facie
839 526 1065 622 magis
1090 580 1108 613 ,
1178 553 1396 625 quam
1458 526 1731 598 facetiis
1793 525 2135 599 ridiculus
2157 582 2175 616 ‚
2227 528 2408 599 nibil

284 643 578 726 agens¹⁷
626 657 792 704 cum
830 634 1244 732 republica,
1290 640 1659 733 sejunctus
1695 636 1787 707 ab
1816 636 2325 735 optimatibus:
2369 665 2410 710 a

282 765 433 837 quo
459 740 639 812 nihil
668 768 913 840 speres
939 744 1117 816 boni
1145 746 1561 845 reipublicae
1584 801 1604 832 ‚
1633 750 1801 844 quia
1828 772 1977 818 non
2006 748 2192 835 vult3
2227 748 2408 818 nihil

280 866 559 923 metuas
594 854 794 940 mali,
834 859 1005 952 quia
1034 881 1185 928 non
1212 858 1451 929 audet.
1478 858 1650 952 Ejus
1678 872 1920 927 autem
1951 856 2221 953 collega
2244 853 2304 899 ¹⁸
2336 872 2410 928 et

279 968 357 1034 in
381 990 500 1038 me
523 966 1132 1064 perhonorificus,
1159 987 1232 1043 et
1258 974 1571 1070 partium
1590 969 1955 1042 studiosus
1973 994 2054 1041 ac
2072 968 2411 1041 defensor

276 1073 661 1150 bonarum.
709 1083 906 1170 Quin
937 1106 1135 1151 nunc
1172 1082 1422 1152 leviter
1447 1093 1508 1137 ¹9
1542 1082 1730 1151 inter
1764 1104 1840 1150 se
1868 1077 2239 1150 dissident.
2273 1080 2408 1151 Sed

278 1212 574 1274 vereor,
616 1216 709 1261 ne
741 1193 882 1264 hoc
903 1246 921 1279 ,
953 1192 1154 1290 quod
1192 1191 1542 1266 infectum
1576 1208 1719 1280 est,
1755 1206 1994 1289 serpat
2019 1190 2307 1287 longius
2323 1201 2410 1257 ²⁰.

278 1297 516 1371 Credo
554 1304 748 1372 enim
787 1318 859 1374 te
897 1303 1222 1390 audisse,
1265 1327 1494 1400 quum
1530 1301 1722 1400 apud
1752 1306 2091 1372 Caesarem
2123 1323 2257 1395 pro
2285 1322 2413 1395 po·

279 1408 458 1504 pulo
483 1407 723 1497 fieret,
745 1414 1021 1486 venisse
1047 1438 1137 1484 eo
1164 1412 1502 1484 muliebri
1524 1415 1785 1484 vestitu
1813 1413 2043 1482 virum
2064 1436 2084 1496 ς
2104 1408 2328 1505 idque
2346 1419 2406 1452 ²¹

279 1518 703 1592 sacrificium
748 1549 976 1620 quum
1016 1527 1332 1623 virgines
1360 1528 1915 1608 instaur-assent,
1961 1523 2404 1591 mentionem

279 1651 321 1696 a
356 1632 444 1718 Q.
484 1632 874 1704 Cornificio
916 1637 991 1705 in
1032 1650 1285 1706 senatu
1327 1634 1588 1705 factam
1617 1634 1718 1730 (is
1750 1631 1885 1703 fuit
1909 1634 2285 1730 princeps;
2319 1654 2412 1700 ne

279 1750 364 1808 tu
397 1737 582 1813 forte
620 1742 935 1840 aliquem
973 1761 1302 1816 nostrum
1340 1760 1554 1844 putes
1577 1745 1640 1840 >3
1678 1757 1928 1841 postea
1969 1765 2125 1812 rem
2166 1764 2255 1810 ex
2296 1763 2411 1809 se-

279 1852 827 1923 natusconsulto
880 1854 971 1925 ad
998 1855 1405 1952 ,pontifices
1463 1857 1761 1928 relatam
1781 1864 1872 1940 ²²,
1924 1853 2147 1948 idque
2188 1849 2281 1921 ab
2325 1853 2413 1920 iis

278 1958 481 2029 nefas
510 1985 662 2032 esse
694 1962 1107 2047 decretum;
1146 1966 1408 2037 deinde
1445 1991 1536 2035 ex
1574 1961 2198 2036 senatusconsulto
2233 1985 2408 2031 con—

276 2068 489 2139 sules‘
520 2072 972 2166 rogationem
1021 2076 1540 2171 promulgasse;
1579 2078 1792 2145 uxori
1838 2079 2185 2145 Caesarem
2226 2095 2412 2141 nun-

273 2170 465 2247 tiu'm
502 2182 881 2252 remisisse.
924 2186 1007 2252 In
1046 2183 1180 2256 hac
1220 2209 1429 2254 causa
1468 2187 1669 2270 Piso,
1711 2184 2018 2254 amicitia
2055 2186 2129 2251 P.
2177 2179 2409 2253 Clodii

275 2286 541 2359 ductus
560 2343 581 2378 ‚
609 2314 901 2389 operam
931 2290 1085 2381 dat‚'
1125 2308 1208 2364 ut
1236 2320 1319 2365 ea
1344 2294 1654 2391 rogati0‚
1685 2316 1903 2391 quam
1945 2292 2099 2389 ipse
2128 2288 2308 2374 fert,
2340 2302 2413 2359 et

276 2539 366 2586 En.
412 2564 484 2573 —
517 2538 630 2586 Sine
679 2537 962 2589 dicacitate.
1005 2542 1106 2605 Qui
1152 2541 1299 2589 diffe-

277 2628 386 2664 rant
422 2617 663 2665 dicacitas
702 2629 751 2666 et
791 2620 1070 2683 cavillatio,
1107 2621 1209 2672 vid.
1240 2621 1301 2670 de

277 2696 417 2744 Orat.
467 2698 552 2758 11,
599 2699 681 2753 54.
728 2699 824 2746 Hic
862 2699 980 2748 dicit
1016 2700 1112 2748 hoc
1148 2717 1300 2765 genus

277 2788 485 2822 morosoe
528 2775 852 2825 cavillationis
895 2779 1042 2828 rideri
1060 2813 1077 2840 ,
1119 2783 1306 2829 etiamsi

280 2869 378 2901 non
409 2854 477 2902 sit
504 2853 671 2914 dicax,
696 2856 746 2904 h.
770 2873 815 2905 e.
843 2857 1057 2907 breviter
1090 2871 1141 2908 et
1165 2871 1306 2909 acute

281 2932 432 2981 dictis
456 2934 674 2982 festivus.
697 2937 814 2985 Sca.

307 3044 314 3050 ·
355 3029 434 3073 17·
466 3013 604 3061 Nihil
627 3031 791 3078 agens.
819 3018 1070 3080 Nusquam
1099 3018 1197 3067 hoc
1224 3020 1299 3068 lo-

278 3091 460 3155 quendi
485 3108 638 3155 genus
660 3094 872 3157 reperias
893 3110 906 3144 :
932 3096 1189 3160 legendum
1214 3100 1299 3163 igi·

279 3182 360 3222 tur
400 3194 426 3213 u
447 3172 569 3220 nihil
597 3188 744 3237 agens
778 3190 889 3222 cum
926 3177 1114 3239 populo
1131 3200 1173 3224 ιι.
1202 3180 1295 3225 Po·

275 3250 423 3315 putus
467 3262 541 3298 est
576 3255 824 3314 sejunctus
858 3254 920 3302 ab
959 3256 1298 3320 optimatibus.

277 3333 402 3380 Sunt
419 3329 532 3377 duae
551 3332 810 3392 factiones,
833 3334 982 3383 altera
999 3336 1173 3399 populi
1191 3369 1208 3396 ‚
1231 3338 1299 3384 al-

279 3420 376 3457 tera
405 3411 716 3474 optimatum.
739 3416 847 3462 Hoc
868 3415 1030 3478 itaque
1048 3415 1168 3463 dicit
1185 3419 1298 3464 «ni-

275 3490 345 3537 hil
373 3506 521 3554 agens
554 3509 664 3540 cum
701 3494 920 3558 populo,
947 3497 1197 3556 sejunctus
1233 3496 1298 3544 ab

277 3570 594 3632 optimatibus
616 3594 639 3614 ι
664 3609 679 3630 ,
707 3590 863 3638 neque
888 3577 1044 3640 placet
1080 3576 1296 3640 populo,

279 3662 435 3711 nequo
452 3652 793 3714 optimatibus,
810 3656 969 3703 neutri
988 3655 1114 3720 parti
1131 3658 1295 3705 servit.

281 3727 489 3776 Mean·-

352 3809 434 3856 18.
470 3809 682 3875 Collega.
712 3813 783 3860 M.
811 3814 1052 3862 Messalla.
1157 3849 1162 3868 t

281 3937 284 3942 ,
311 3919 316 3924 -
359 3902 437 3948 ¹9·
464 3889 628 3952 Vulgo
655 3892 771 3953 quin
797 3892 908 3940 imo.
937 3894 1031 3941 Sed
1050 3904 1191 3941 vetus
1216 3911 1300 3941 co-

279 3964 375 4014 dex
410 3965 559 4016 habet
597 3984 609 4017 :
653 3993 676 4010 ν
706 3972 838 4032 Quin
883 3989 1014 4020 nunc
1068 3975 1295 4023 leviter».

282 4043 457 4094 Boaius
491 4048 679 4097 Baua.

305 4147 312 4156 ‹
353 4139 440 4192 poc
466 4130 662 4192 Vereor,
691 4145 750 4177 ne
773 4130 881 4187 hoc,
908 4132 1046 4194 quod
1064 4133 1296 4196 infectum

1389 2553 1460 2589 est
1477 2576 1493 2598 ,
1533 2552 1702 2604 serpae
1734 2541 1941 2605 longius.
1973 2542 2152 2588 Sensus
2181 2540 2263 2588 hic
2290 2551 2365 2587 est
2395 2555 2408 2589 :

1388 2621 1560 2668 Timeo
1583 2637 1643 2667 ne
1666 2619 1876 2675 macula,
1905 2636 2015 2684 quae
2035 2620 2225 2685 pridem
2243 2637 2270 2667 a
2292 2619 2409 2668 Clo·

1391 2698 1476 2746 dio
1514 2699 1793 2763 reipublice
1822 2699 2049 2764 adspersa
2088 2711 2198 2757 est,
2248 2709 2410 2763 serpat

1385 2777 1598 2843 longius.
1628 2779 1796 2828 Solent
1826 2781 1956 2827 enim
1981 2779 2183 2827 maculae
2209 2795 2400 2841 serpere

1385 2870 1434 2906 et
1459 2859 1643 2922 porrigi
1678 2860 1885 2922 lougius.
1925 2860 2057 2909 Dicit
2085 2858 2146 2906 de
2167 2874 2222 2905 ea
2259 2856 2398 2914 labo,

1386 2955 1496 3002 quae
1524 2949 1625 2986 erat
1651 2939 1874 3002 adspersa
1893 2939 2175 3003 reipublice
2198 2948 2403 3001 propter

1388 3019 1706 3066 violationem
1746 3019 1894 3065 Bonae
1929 3020 2063 3065 Dea.
2094 3019 2310 3065 Musar.
2336 3042 2409 3052 -

1387 3098 1481 3145 Sed
1505 3097 1727 3146 nondum
1754 3096 1815 3144 de
1835 3096 2022 3144 incestu
2041 3096 2203 3145 Clodii
2224 3095 2409 3159 aliquid

1388 3177 1607 3239 dixerat;
1644 3193 1762 3240 ergo
1798 3175 1969 3224 melius
2006 3174 2350 3239 exponendum
2390 3190 2403 3222 ε

1388 3257 1523 3320 quod
1565 3258 1702 3316 tabe,
1722 3257 1799 3326 vel
1823 3266 1959 3320 peste
2001 3265 2279 3303 contactum
2306 3267 2380 3303 est
2400 3287 2415 3308 .

1389 3339 1545 3385 trabat
1572 3350 1720 3402 atque
1745 3335 1929 3387 inficiat
1954 3335 2182 3384 ulteriora
2197 3370 2210 3394 ,
2239 3333 2292 3381 id
2310 3344 2410 3393 est,

1387 3432 1450 3464 ne
1474 3418 1584 3464 talis
1617 3418 1791 3466 consul
1823 3415 2023 3480 collegae
2047 3430 2180 3462 suam
2200 3413 2408 3463 scabiem

1385 3496 1592 3544 affricet.
1614 3500 1852 3545 Gnonov.

1459 3590 1544 3622 οι.
1571 3576 1683 3624 Sch.
1700 3587 1902 3624 auctore
1929 3576 2135 3634 Murato,
2162 3574 2408 3638 rescripsit

1397 3673 1420 3695 ι
1441 3654 1652 3718 ideoque
1671 3675 1727 3712 v»,
1767 3654 1801 3702 i.
1841 3671 1886 3702 e.
1932 3665 1980 3701 et
2026 3663 2230 3718 propter
2279 3652 2406 3701 hanc

1388 3748 1597 3790 causam,
1614 3734 1729 3797 qnia
1754 3749 1885 3781 sacra
1909 3734 2095 3797 polluta
2113 3745 2285 3789 essent,
2309 3730 2408 3780 rir-

1390 3812 1525 3874 gines
1542 3845 1547 3850 -
1564 3812 1781 3860 Vestales
1827 3812 2113 3862 sacrificium
2150 3804 2407 3860 instauras-

1392 3902 1519 3938 sent.
1540 3893 1637 3939 En.

1461 3995 1549 4027 aa.
1570 3981 1756 4036 Ernest.
1777 3980 2030 4044 proprium
2049 3981 2100 4028 iu
2119 3981 2209 4028 bac
2230 3996 2282 4027 re
2300 3995 2404 4026 ver-

1387 4057 1671 4122 bumputnt
1708 4059 1853 4107 fuisse
1879 4060 2091 4120 delatam
2112 4095 2125 4116 ,
2166 4070 2211 4105 et
2238 4060 2308 4105 sic
2346 4058 2405 4102 le·

1389 4137 1617 4200 gendum.
1640 4141 1821 4202 J.v.·1..
