3023 4773
585 361 724 430 328
1228 367 1324 432 M.
1375 367 1450 431 T.
1506 367 2061 434 CICERONIS

582 503 652 558 te
694 513 989 589 quoque
1043 492 1280 583 ipsum
1338 484 1822 556 discedentem
1877 510 1916 554 a
1963 483 2177 555 nobis
2220 486 2567 582 suspicari
2607 490 2713 570 vi-

582 598 883 682 debam,
934 594 1226 667 subesse
1269 595 1514 665 nescio
1556 593 1733 691 quid
1789 595 2155 692 opinionis
2201 594 2712 681 incommodae,

469 752 472 755 >
578 708 1046 802 sauciumque
1088 703 1245 798 ejus
1289 704 1607 774 animum
1650 702 1994 774 insedisse
2040 703 2387 799 quasdam
2430 704 2716 777 odiosas

579 817 1024 914 suspiciones
1054 842 1070 884 ε
1108 813 1375 912 quibus
1403 838 1541 911 ego
1571 812 1847 884 mederi
1879 838 2110 910 quum
2134 837 2472 911 cuperem
2502 830 2713 886 antea

579 952 807 1025 saepe,
849 941 923 997 et
978 925 1473 1001 vehementius
1526 924 1742 995 etiam
1806 938 1971 1020 post
2034 927 2486 995 sortitionem
2536 948 2708 1021 pro-

577 1039 907 1122 vinciae¹;
948 1060 1082 1111 nec
1120 1048 1401 1113 tantum
1443 1032 1931 1130 intelligebam
1975 1036 2040 1103 ei
2070 1057 2222 1105 esse
2257 1032 2711 1120 offensionis,

578 1163 930 1243 quantum
987 1145 1202 1216 literae
1253 1160 1390 1215 tua·
1445 1144 1852 1230 declarant,
1898 1166 2031 1214 nec
2068 1157 2347 1214 tantum
2384 1142 2713 1242 proficie-

575 1256 782 1340 bam,
818 1269 1170 1353 quantum
1198 1253 1549 1326 volebam.
1592 1253 1732 1325 Sed
1770 1267 2009 1325 tamen
2045 1253 2186 1324 hoc
2214 1278 2330 1324 me
2361 1255 2516 1350 ipse
2545 1277 2713 1324 con·

579 1363 884 1451 solabar,
921 1364 1120 1461 quod
1159 1388 1307 1440 non
1351 1361 1809 1449 dubitabam,
1848 1364 2029 1460 quin
2076 1377 2146 1445 te
2197 1362 2316 1434 ille
2362 1377 2491 1433 aut
2524 1367 2710 1460 Dyr-

575 1473 888 1559 rhachii,
927 1487 1052 1544 aut
1079 1474 1152 1543 in
1185 1474 1336 1543 istis
1372 1473 1550 1543 locis
1587 1474 1865 1571 uspiam
1889 1476 2169 1543 visurus
2201 1487 2387 1547 esset
2406 1484 2459 1542 ².
2498 1472 2713 1563 Quod

576 1609 807 1681 quum
862 1582 1265 1669 accidisset,
1323 1582 1778 1654 confidebam
1843 1608 1924 1654 ac
1981 1584 2159 1653 mihi
2212 1607 2711 1681 persuaseram

576 1693 773 1782 fore,
818 1709 899 1765 ut
941 1694 1184 1766 omnia
1228 1694 1683 1791 placarentur
1720 1696 1908 1765 inter
1941 1718 2070 1764 vos
2110 1719 2260 1764 non
2301 1693 2527 1772 modo
2567 1719 2712 1769 ser-

573 1830 795 1877 mone
846 1829 927 1877 ac
976 1803 1503 1902 disputatione,
1547 1803 1670 1875 sed
1723 1818 2121 1902 conspectu
2174 1807 2334 1901 ipso
2373 1829 2712 1901 congres-

577 1939 809 2011 suque
847 1928 1107 1984 vestr0.
1153 1916 1332 1985 Nam
1356 1968 1376 2000 ‚
1420 1929 1693 2010 quanta
1737 1916 1828 1983 sit
1866 1914 1939 1983 in
1986 1914 2263 2001 Quinto
2300 1911 2518 1984 fratre
2546 1939 2712 1986 meo

578 2024 916 2107 comitas,
966 2038 1238 2120 quanta
1269 2023 1726 2118 jucunditas,
1769 2047 1989 2120 quam
2041 2020 2277 2095 mollis
2319 2023 2602 2116 animus
2642 2039 2716 2097 et

576 2132 669 2203 ad
695 2130 1177 2228 accipiendam
1194 2187 1213 2219 ,
1242 2147 1316 2203 et
1342 2132 1430 2203 ad
1461 2132 1967 2230 deponendam
1992 2130 2468 2210 offensionem
2487 2188 2507 2219 ,
2533 2133 2711 2204 nihil

575 2243 833 2312 attinet
875 2266 994 2311 me
1031 2241 1121 2312 ad
1163 2256 1272 2330 te,
1326 2246 1453 2339 qui
1499 2267 1582 2313 ea
1622 2243 1843 2327 nosti,
1889 2241 2226 2314 scribere.
2273 2243 2409 2314 Sed
2452 2243 2711 2315 accidit

576 2352 1209 2450 perincommode,
1262 2351 1462 2450 quod
1518 2377 1686 2424 eum
1744 2377 2103 2450 nusquam
2155 2352 2418 2424 vidisti.
2472 2354 2710 2426 Valuit

578 2462 771 2531 enim
811 2460 1016 2558 plus,
1060 2461 1259 2559 quod
1315 2478 1465 2534 erat
1515 2463 1618 2533 illi
1678 2463 2203 2534 nonnullorum
2240 2463 2557 2560 artificiis
2598 2468 2709 2536 in-

575 2572 935 2644 culcatum
962 2628 981 2658 ‚
1029 2598 1248 2670 quam
1286 2590 1408 2645 aut
1452 2573 1809 2661 officium,
1852 2588 1975 2645 aut
2016 2576 2474 2648 necessitudo
2499 2574 2551 2664 ³,
2588 2591 2714 2647 aut

573 2709 778 2762 amor
817 2697 1055 2754 vester
1090 2683 1208 2754 ille
1255 2686 1643 2781 pristiam,
1697 2685 1825 2780 qui
1865 2683 2258 2781 plurimum
2309 2687 2547 2778 valere
2582 2685 2709 2757 de-

570 2794 749 2866 buit.
802 2798 1040 2890 Atque
1091 2794 1301 2890 hujus
1345 2793 1790 2866 incommodi
1835 2794 2047 2891 culpa
2077 2793 2204 2864 ubi
2240 2794 2579 2889 resideat,
2618 2793 2709 2866 fa-

574 2905 777 2976 cilius
843 2928 1138 3001 possum
1210 2907 1615 2976 existimare
1642 2959 1662 2991 ‚
1734 2929 1949 3003 quam
2027 2903 2366 2976 scribere.
2436 2911 2710 2978 Vereor

576 3017 812 3099 enim,
866 3038 995 3098 ne,
1050 3012 1224 3083 dum
1284 3013 1665 3086 defendam
1724 3038 1965 3099 mem,
2018 3039 2169 3084 non
2216 3040 2503 3112 parcam
2542 3018 2704 3086 tuis.

575 3127 755 3195 Nam
787 3125 889 3194 sic
921 3124 1281 3221 intellig0‚
1328 3140 1410 3194 ut
1453 3125 1635 3219 nihil
1672 3149 1713 3195 a
1752 3124 2214 3196 domesticis4
2255 3127 2570 3197 vulneris
2596 3125 2703 3196 fa-

576 3246 770 3308 ctum
806 3234 928 3317 sit,
976 3232 1154 3302 illud
1195 3233 1526 3328 quidem,
1567 3235 1769 3333 quod
1819 3249 2007 3333 erat,
2055 3260 2181 3306 eos
2220 3251 2409 3307 certe
2450 3261 2699 3308 sanare

572 3343 915 3446 potuisse.
970 3341 1108 3419 Sed
1166 3341 1467 3436 hujusce
1530 3348 1635 3415 rei
1688 3349 1910 3416 totius
1963 3345 2258 3431 vitium,
2314 3345 2510 3443 quod
2573 3347 2703 3417 ali-

650 3542 692 3572 1.
714 3529 829 3572 Post
848 3525 1148 3572 sermionem
1155 3526 1433 3589 provinciae.
1447 3530 1590 3576 Post·
1752 3531 1801 3576 3.
1822 3527 2151 3578 Necessitudo.
2161 3532 2366 3592 Propter
2384 3530 2702 3594 Pomponiam

574 3621 718 3669 quam
745 3605 789 3650 ei
808 3607 923 3652 Asia
946 3606 1196 3669 provincia
1220 3619 1351 3657 sorte
1372 3607 1590 3656 obvenit.
1681 3607 1837 3655 Attici
1889 3622 2104 3654 sororem
2124 3641 2139 3665 ,
2198 3609 2377 3670 Quinti
2416 3611 2674 3673 conjugem
2690 3646 2706 3670 ,

576 3686 688 3746 Quo
719 3686 1027 3746 perspicuum
1062 3688 1152 3744 sit,
1194 3703 1294 3734 non
1334 3704 1395 3735 eo
1430 3686 1588 3734 solum
1678 3702 1789 3749 quoe
1824 3685 2012 3732 difficili
2043 3687 2239 3750 ingenio
2277 3687 2399 3747 suit;
2427 3688 2707 3750 vid.lih.v‚

574 3764 750 3809 iratum
799 3763 945 3811 fuisse
988 3766 1224 3827 Quintum
1244 3801 1258 3823 ‚
1314 3767 1427 3829 qnia
1475 3781 1586 3813 cnm
1677 3767 1816 3828 epist.
1835 3780 1878 3811 1.
1902 3765 1988 3813 En.

571 3843 682 3903 ipso
708 3839 892 3903 legatus
914 3845 965 3893 in
987 3845 1150 3894 Asiam
1175 3847 1369 3895 Atticus
1391 3846 1459 3893 ire
1480 3845 1586 3894 nol·
1746 3852 1799 3898 4.
1825 3848 1871 3890 A
1885 3843 2172 3893 domesticis.
2189 3845 2234 3891 A
2248 3860 2420 3893 sorore
2438 3857 2551 3896 tua:
2571 3862 2707 3909 qun,

572 3921 656 3967 let.
685 3921 831 3967 Mu«.
1673 3940 1824 3988 quum
1850 3940 1976 3970 uxor
2003 3926 2064 3971 sit
2095 3926 2158 3987 Q.
2190 3924 2352 3970 fratri·
2369 3959 2383 3981 ‚
2413 3926 2627 3973 animum
2650 3926 2703 3972 il-

644 4017 690 4047 2.
732 3999 922 4047 Visurees
948 4015 1077 4049 cssct.
1125 4006 1179 4050 In
1205 4005 1366 4051 Asiam
1387 4003 1586 4069 profici·
1673 4002 1768 4052 lius
1804 4003 2050 4050 iracundia
2082 4014 2382 4051 commotum
2423 4004 2616 4061 sedare,
2656 4015 2703 4052 et

563 4097 714 4128 scens.
736 4081 894 4128 Gonu.
1678 4085 1835 4145 potuit
1856 4117 1870 4141 ,
1897 4096 1944 4131 et
1974 4082 2158 4130 debuit.
2186 4083 2347 4131 Coun.
