<?xml version="1.0" encoding="UTF-8"?>
<!DOCTYPE html PUBLIC "-//W3C//DTD XHTML 1.0 Transitional//EN"
    "http://www.w3.org/TR/xhtml1/DTD/xhtml1-transitional.dtd">
<html xmlns="http://www.w3.org/1999/xhtml" xml:lang="en" lang="en">
 <head>
  <title>
</title>
<meta http-equiv="Content-Type" content="text/html;charset=utf-8" />
  <meta name='ocr-system' content='tesseract 3.04.00' />
  <meta name='ocr-capabilities' content='ocr_page ocr_carea ocr_par ocr_line ocrx_word'/>
</head>
<body>
  <div class='ocr_page' id='page_1' title='image "./mtciceronisquae01bouigoog_0272.png"; bbox 0 0 3023 4773; ppageno 0'>
   <div class='ocr_carea' id='block_1_1' title="bbox 619 355 2252 463">
    <p class='ocr_par' dir='ltr' id='par_1_1' title="bbox 619 355 2252 463">
     <span class='ocr_line' id='line_1_1' title="bbox 619 355 2252 463; baseline -0.001 -39"><span class='ocrx_word' id='word_1_1' title='bbox 619 356 754 429; x_wconf 75' lang='lat'><strong>262</strong></span> <span class='ocrx_word' id='word_1_2' title='bbox 1101 355 1645 425; x_wconf 70' lang='lat' dir='ltr'><strong>PRAEFA‘rlo</strong></span> <span class='ocrx_word' id='word_1_3' title='bbox 1694 359 2252 463; x_wconf 31' lang='lat' dir='ltr'><strong>J.,o1,1v13&#39;r1.</strong></span> 
     </span>
    </p>
   </div>
   <div class='ocr_carea' id='block_1_2' title="bbox 600 477 2743 2899">
    <p class='ocr_par' dir='ltr' id='par_1_2' title="bbox 607 477 2743 884">
     <span class='ocr_line' id='line_1_2' title="bbox 611 477 2741 568; baseline 0.003 -27"><span class='ocrx_word' id='word_1_4' title='bbox 611 479 1001 542; x_wconf 79' lang='lat' dir='ltr'><strong>conferrem.</strong></span> <span class='ocrx_word' id='word_1_5' title='bbox 1040 477 1148 541; x_wconf 89' lang='lat' dir='ltr'><strong>Sic</strong></span> <span class='ocrx_word' id='word_1_6' title='bbox 1182 478 1514 567; x_wconf 81' lang='lat' dir='ltr'><strong>recognita</strong></span> <span class='ocrx_word' id='word_1_7' title='bbox 1545 480 1678 543; x_wconf 82' lang='lat' dir='ltr'><strong>suis</strong></span> <span class='ocrx_word' id='word_1_8' title='bbox 1717 502 1992 568; x_wconf 79' lang='lat' dir='ltr'><strong>quaeque</strong></span> <span class='ocrx_word' id='word_1_9' title='bbox 2016 480 2176 544; x_wconf 86' lang='lat' dir='ltr'><strong>locis</strong></span> <span class='ocrx_word' id='word_1_10' title='bbox 2218 480 2529 554; x_wconf 75' lang='lat' dir='ltr'><strong>inseram,</strong></span> <span class='ocrx_word' id='word_1_11' title='bbox 2590 502 2741 549; x_wconf 84' lang='lat' dir='ltr'><strong>cum</strong></span> 
     </span>
     <span class='ocr_line' id='line_1_3' title="bbox 609 582 2741 674; baseline 0.002 -28"><span class='ocrx_word' id='word_1_12' title='bbox 609 584 730 647; x_wconf 91' lang='lat' dir='ltr'><strong>hac</strong></span> <span class='ocrx_word' id='word_1_13' title='bbox 783 582 1258 671; x_wconf 82' lang='lat' dir='ltr'><strong>subscriptione</strong></span> <span class='ocrx_word' id='word_1_14' title='bbox 1312 584 1587 649; x_wconf 79' lang='lat' dir='ltr'><strong>«Bosius</strong></span> <span class='ocrx_word' id='word_1_15' title='bbox 1631 586 2008 649; x_wconf 86' lang='lat' dir='ltr'><strong>Baluzianus</strong></span> <span class='ocrx_word' id='word_1_16' title='bbox 2041 617 2100 666; x_wconf 70' lang='lat' dir='ltr'><strong>u,</strong></span> <span class='ocrx_word' id='word_1_17' title='bbox 2146 608 2275 674; x_wconf 82' lang='lat' dir='ltr'><strong>qua</strong></span> <span class='ocrx_word' id='word_1_18' title='bbox 2307 585 2741 674; x_wconf 84' lang='lat' dir='ltr'><strong>significetur,</strong></span> 
     </span>
     <span class='ocr_line' id='line_1_4' title="bbox 609 687 2743 777; baseline 0.002 -26"><span class='ocrx_word' id='word_1_19' title='bbox 609 711 717 770; x_wconf 88' lang='lat' dir='ltr'><strong>ea,</strong></span> <span class='ocrx_word' id='word_1_20' title='bbox 752 688 990 777; x_wconf 90' lang='lat' dir='ltr'><strong>quibus</strong></span> <span class='ocrx_word' id='word_1_21' title='bbox 1018 687 1321 768; x_wconf 87' lang='lat' dir='ltr'><strong>adjuncta</strong></span> <span class='ocrx_word' id='word_1_22' title='bbox 1349 690 1462 772; x_wconf 91' lang='lat' dir='ltr'><strong>sit,</strong></span> <span class='ocrx_word' id='word_1_23' title='bbox 1495 713 1631 754; x_wconf 91' lang='lat' dir='ltr'><strong>non</strong></span> <span class='ocrx_word' id='word_1_24' title='bbox 1659 714 1737 754; x_wconf 80' lang='lat' dir='ltr'><strong>ex</strong></span> <span class='ocrx_word' id='word_1_25' title='bbox 1762 692 2052 756; x_wconf 84' lang='lat' dir='ltr'><strong>Bosianis</strong></span> <span class='ocrx_word' id='word_1_26' title='bbox 2088 692 2245 756; x_wconf 91' lang='lat' dir='ltr'><strong>olim</strong></span> <span class='ocrx_word' id='word_1_27' title='bbox 2279 691 2496 775; x_wconf 81' lang='lat' dir='ltr'><strong>editis,</strong></span> <span class='ocrx_word' id='word_1_28' title='bbox 2521 691 2635 756; x_wconf 89' lang='lat' dir='ltr'><strong>sed</strong></span> <span class='ocrx_word' id='word_1_29' title='bbox 2664 716 2743 757; x_wconf 83' lang='lat' dir='ltr'><strong>ex</strong></span> 
     </span>
     <span class='ocr_line' id='line_1_5' title="bbox 607 793 1809 884; baseline 0.004 -28"><span class='ocrx_word' id='word_1_30' title='bbox 607 794 750 876; x_wconf 84' lang='lat' dir='ltr'><strong>illo,</strong></span> <span class='ocrx_word' id='word_1_31' title='bbox 791 816 988 882; x_wconf 86' lang='lat' dir='ltr'><strong>quem</strong></span> <span class='ocrx_word' id='word_1_32' title='bbox 1025 793 1189 875; x_wconf 84' lang='lat' dir='ltr'>dixi,</span> <span class='ocrx_word' id='word_1_33' title='bbox 1222 795 1390 859; x_wconf 92' lang='lat' dir='ltr'><strong>libro</strong></span> <span class='ocrx_word' id='word_1_34' title='bbox 1420 797 1618 884; x_wconf 86' lang='lat' dir='ltr'><strong>petita</strong></span> <span class='ocrx_word' id='word_1_35' title='bbox 1652 820 1809 861; x_wconf 89' lang='lat' dir='ltr'><strong>esse.</strong></span> 
     </span>
    </p>

    <p class='ocr_par' dir='ltr' id='par_1_3' title="bbox 604 899 2743 1518">
     <span class='ocr_line' id='line_1_6' title="bbox 692 899 2735 990; baseline 0.001 -28"><span class='ocrx_word' id='word_1_36' title='bbox 692 899 810 963; x_wconf 89' lang='lat'><em>111.</em></span> <span class='ocrx_word' id='word_1_37' title='bbox 865 900 1192 981; x_wconf 87' lang='lat' dir='ltr'><strong>Quoniam</strong></span> <span class='ocrx_word' id='word_1_38' title='bbox 1224 899 1305 964; x_wconf 88' lang='lat' dir='ltr'><strong>de</strong></span> <span class='ocrx_word' id='word_1_39' title='bbox 1339 902 1528 966; x_wconf 87' lang='lat' dir='ltr'><strong>variis</strong></span> <span class='ocrx_word' id='word_1_40' title='bbox 1562 902 1949 966; x_wconf 89' lang='lat' dir='ltr'><strong>lectionibus</strong></span> <span class='ocrx_word' id='word_1_41' title='bbox 1984 903 2147 990; x_wconf 90' lang='lat' dir='ltr'><strong>coepi</strong></span> <span class='ocrx_word' id='word_1_42' title='bbox 2175 901 2415 984; x_wconf 84' lang='lat' dir='ltr'><strong>dicere,</strong></span> <span class='ocrx_word' id='word_1_43' title='bbox 2438 901 2564 965; x_wconf 90' lang='lat' dir='ltr'><strong>hoc</strong></span> <span class='ocrx_word' id='word_1_44' title='bbox 2596 922 2735 965; x_wconf 90' lang='lat' dir='ltr'><strong>non</strong></span> 
     </span>
     <span class='ocr_line' id='line_1_7' title="bbox 606 1004 2735 1096; baseline -0 -28"><span class='ocrx_word' id='word_1_45' title='bbox 606 1004 917 1096; x_wconf 77' lang='lat' dir='ltr'><strong>omittam.</strong></span> <span class='ocrx_word' id='word_1_46' title='bbox 979 1006 1187 1087; x_wconf 77' lang='lat' dir='ltr'><strong>QuaS,</strong></span> <span class='ocrx_word' id='word_1_47' title='bbox 1241 1019 1318 1068; x_wconf 91' lang='lat' dir='ltr'><strong>ut</strong></span> <span class='ocrx_word' id='word_1_48' title='bbox 1362 1006 1733 1070; x_wconf 88' lang='lat' dir='ltr'><strong>institutum</strong></span> <span class='ocrx_word' id='word_1_49' title='bbox 1784 1023 1881 1070; x_wconf 89' lang='lat' dir='ltr'><strong>est</strong></span> <span class='ocrx_word' id='word_1_50' title='bbox 1936 1030 2195 1089; x_wconf 89' lang='lat' dir='ltr'><strong>meum,</strong></span> <span class='ocrx_word' id='word_1_51' title='bbox 2252 1005 2422 1070; x_wconf 85' lang='lat' dir='ltr'><strong>dabo</strong></span> <span class='ocrx_word' id='word_1_52' title='bbox 2472 1005 2735 1069; x_wconf 89' lang='lat' dir='ltr'><strong>Victorii</strong></span> 
     </span>
     <span class='ocr_line' id='line_1_8' title="bbox 604 1110 2737 1200; baseline 0.001 -28"><span class='ocrx_word' id='word_1_53' title='bbox 604 1110 882 1200; x_wconf 82' lang='lat' dir='ltr'><strong>signatas</strong></span> <span class='ocrx_word' id='word_1_54' title='bbox 930 1110 1230 1191; x_wconf 90' lang='lat' dir='ltr'><strong>nomine,</strong></span> <span class='ocrx_word' id='word_1_55' title='bbox 1281 1130 1416 1174; x_wconf 89' lang='lat' dir='ltr'><strong>non</strong></span> <span class='ocrx_word' id='word_1_56' title='bbox 1451 1111 1881 1200; x_wconf 82' lang='lat' dir='ltr'><strong>suppeditavit</strong></span> <span class='ocrx_word' id='word_1_57' title='bbox 1931 1112 2037 1175; x_wconf 88' lang='lat' dir='ltr'><strong>illa</strong></span> <span class='ocrx_word' id='word_1_58' title='bbox 2087 1134 2361 1199; x_wconf 90' lang='lat' dir='ltr'><strong>operum</strong></span> <span class='ocrx_word' id='word_1_59' title='bbox 2415 1111 2737 1175; x_wconf 82' lang='lat' dir='ltr'><strong>Ciceronis</strong></span> 
     </span>
     <span class='ocr_line' id='line_1_9' title="bbox 606 1214 2736 1299; baseline -0 -20"><span class='ocrx_word' id='word_1_60' title='bbox 606 1216 902 1279; x_wconf 89' lang='lat' dir='ltr'><strong>omnium</strong></span> <span class='ocrx_word' id='word_1_61' title='bbox 917 1214 1165 1279; x_wconf 87' lang='lat' dir='ltr'><strong>Veneta</strong></span> <span class='ocrx_word' id='word_1_62' title='bbox 1184 1214 1382 1279; x_wconf 91' lang='lat' dir='ltr'><strong>editio</strong></span> <span class='ocrx_word' id='word_1_63' title='bbox 1397 1216 1840 1299; x_wconf 90' lang='lat' dir='ltr'><strong>MDXXXVI,</strong></span> <span class='ocrx_word' id='word_1_64' title='bbox 1857 1216 1971 1281; x_wconf 90' lang='lat' dir='ltr'><strong>sed</strong></span> <span class='ocrx_word' id='word_1_65' title='bbox 1984 1216 2354 1280; x_wconf 85' lang='lat' dir='ltr'><strong>Florentina</strong></span> <span class='ocrx_word' id='word_1_66' title='bbox 2369 1216 2736 1296; x_wconf 71' lang='lat' dir='ltr'><strong>MDLXXI,</strong></span> 
     </span>
     <span class='ocr_line' id='line_1_10' title="bbox 609 1320 2743 1409; baseline 0 -27"><span class='ocrx_word' id='word_1_67' title='bbox 609 1322 674 1382; x_wconf 90' lang='lat' dir='ltr'><strong>in</strong></span> <span class='ocrx_word' id='word_1_68' title='bbox 707 1344 833 1408; x_wconf 88' lang='lat' dir='ltr'><strong>qua</strong></span> <span class='ocrx_word' id='word_1_69' title='bbox 864 1336 1193 1409; x_wconf 86' lang='lat' dir='ltr'><strong>reparator</strong></span> <span class='ocrx_word' id='word_1_70' title='bbox 1219 1320 1324 1403; x_wconf 81' lang='lat' dir='ltr'><strong>ille</strong></span> <span class='ocrx_word' id='word_1_71' title='bbox 1348 1322 1679 1405; x_wconf 75' lang='lat' dir='ltr'><strong>Ciceronis</strong></span> <span class='ocrx_word' id='word_1_72' title='bbox 1698 1372 1716 1405; x_wconf 91' lang='lat'><strong>,</strong></span> <span class='ocrx_word' id='word_1_73' title='bbox 1744 1347 1818 1387; x_wconf 90' lang='lat' dir='ltr'><strong>ac</strong></span> <span class='ocrx_word' id='word_1_74' title='bbox 1846 1323 2114 1405; x_wconf 86' lang='lat' dir='ltr'><strong>vindex,</strong></span> <span class='ocrx_word' id='word_1_75' title='bbox 2149 1320 2482 1386; x_wconf 68' lang='lat' dir='ltr'><strong>industriae</strong></span> <span class='ocrx_word' id='word_1_76' title='bbox 2511 1343 2743 1384; x_wconf 91' lang='lat' dir='ltr'><strong>monu-</strong></span> 
     </span>
     <span class='ocr_line' id='line_1_11' title="bbox 607 1427 2739 1518; baseline 0.001 -29"><span class='ocrx_word' id='word_1_77' title='bbox 607 1442 899 1491; x_wconf 85' lang='lat' dir='ltr'><strong>mentum</strong></span> <span class='ocrx_word' id='word_1_78' title='bbox 927 1450 1058 1490; x_wconf 87' lang='lat' dir='ltr'><strong>suae</strong></span> <span class='ocrx_word' id='word_1_79' title='bbox 1076 1474 1093 1501; x_wconf 88' lang='lat'><strong>,</strong></span> <span class='ocrx_word' id='word_1_80' title='bbox 1129 1444 1193 1491; x_wconf 91' lang='lat' dir='ltr'><strong>et</strong></span> <span class='ocrx_word' id='word_1_81' title='bbox 1217 1428 1484 1511; x_wconf 80' lang='lat' dir='ltr'><strong>criticae,</strong></span> <span class='ocrx_word' id='word_1_82' title='bbox 1518 1447 1594 1495; x_wconf 91' lang='lat' dir='ltr'><strong>ut</strong></span> <span class='ocrx_word' id='word_1_83' title='bbox 1624 1431 1712 1495; x_wconf 88' lang='lat' dir='ltr'><strong>ita</strong></span> <span class='ocrx_word' id='word_1_84' title='bbox 1735 1429 1976 1511; x_wconf 86' lang='lat' dir='ltr'><strong>dicam,</strong></span> <span class='ocrx_word' id='word_1_85' title='bbox 1998 1428 2324 1518; x_wconf 84' lang='lat' dir='ltr'><strong>religionis</strong></span> <span class='ocrx_word' id='word_1_86' title='bbox 2355 1450 2492 1491; x_wconf 89' lang='lat' dir='ltr'><strong>esse</strong></span> <span class='ocrx_word' id='word_1_87' title='bbox 2512 1427 2739 1491; x_wconf 87' lang='lat' dir='ltr'><strong>voluit.</strong></span> 
     </span>
    </p>

    <p class='ocr_par' dir='ltr' id='par_1_4' title="bbox 600 1532 2742 2476">
     <span class='ocr_line' id='line_1_12' title="bbox 692 1532 2739 1624; baseline -0 -27"><span class='ocrx_word' id='word_1_88' title='bbox 692 1532 805 1598; x_wconf 89' lang='lat' dir='ltr'><strong>IV.</strong></span> <span class='ocrx_word' id='word_1_89' title='bbox 842 1533 1079 1596; x_wconf 82' lang='lat' dir='ltr'><strong>Haberi</strong></span> <span class='ocrx_word' id='word_1_90' title='bbox 1101 1535 1339 1621; x_wconf 90' lang='lat' dir='ltr'><strong>possim</strong></span> <span class='ocrx_word' id='word_1_91' title='bbox 1359 1584 1377 1617; x_wconf 90' lang='lat'><strong>,</strong></span> <span class='ocrx_word' id='word_1_92' title='bbox 1394 1535 1576 1624; x_wconf 91' lang='lat' dir='ltr'><strong>quod</strong></span> <span class='ocrx_word' id='word_1_93' title='bbox 1605 1559 1740 1600; x_wconf 89' lang='lat' dir='ltr'><strong>esse</strong></span> <span class='ocrx_word' id='word_1_94' title='bbox 1767 1537 1942 1615; x_wconf 88' lang='lat' dir='ltr'><strong>nolo,</strong></span> <span class='ocrx_word' id='word_1_95' title='bbox 1969 1537 2312 1598; x_wconf 86' lang='lat' dir='ltr'><strong>immernor</strong></span> <span class='ocrx_word' id='word_1_96' title='bbox 2334 1550 2398 1596; x_wconf 91' lang='lat' dir='ltr'><strong>et</strong></span> <span class='ocrx_word' id='word_1_97' title='bbox 2428 1535 2739 1621; x_wconf 70' lang='lat' dir='ltr'><strong>ingratus»,</strong></span> 
     </span>
     <span class='ocr_line' id='line_1_13' title="bbox 602 1636 2738 1728; baseline 0 -28"><span class='ocrx_word' id='word_1_98' title='bbox 602 1639 724 1701; x_wconf 90' lang='lat' dir='ltr'><strong>nisi</strong></span> <span class='ocrx_word' id='word_1_99' title='bbox 744 1636 1112 1725; x_wconf 84' lang='lat' dir='ltr'><strong>praedicem,</strong></span> <span class='ocrx_word' id='word_1_100' title='bbox 1129 1655 1446 1727; x_wconf 90' lang='lat' dir='ltr'><strong>quantum</strong></span> <span class='ocrx_word' id='word_1_101' title='bbox 1470 1641 1739 1705; x_wconf 84' lang='lat' dir='ltr'><strong>Nicolao</strong></span> <span class='ocrx_word' id='word_1_102' title='bbox 1763 1641 2059 1705; x_wconf 88' lang='lat' dir='ltr'><strong>Huberto</strong></span> <span class='ocrx_word' id='word_1_103' title='bbox 2080 1639 2412 1728; x_wconf 84' lang='lat' dir='ltr'><strong>Mongalto</strong></span> <span class='ocrx_word' id='word_1_104' title='bbox 2436 1637 2705 1701; x_wconf 86' lang='lat' dir='ltr'><strong>debeam</strong></span> <span class='ocrx_word' id='word_1_105' title='bbox 2721 1687 2738 1718; x_wconf 92' lang='lat'><strong>,</strong></span> 
     </span>
     <span class='ocr_line' id='line_1_14' title="bbox 602 1742 2742 1836; baseline 0 -29"><span class='ocrx_word' id='word_1_106' title='bbox 602 1744 717 1831; x_wconf 91' lang='lat' dir='ltr'><strong>qui</strong></span> <span class='ocrx_word' id='word_1_107' title='bbox 763 1744 1147 1809; x_wconf 81' lang='lat' dir='ltr'><strong>elaboranda</strong></span> <span class='ocrx_word' id='word_1_108' title='bbox 1180 1768 1281 1828; x_wconf 84' lang='lat' dir='ltr'><strong>ea,</strong></span> <span class='ocrx_word' id='word_1_109' title='bbox 1315 1770 1445 1834; x_wconf 78' lang='lat' dir='ltr'><strong>qua</strong></span> <span class='ocrx_word' id='word_1_110' title='bbox 1481 1770 1847 1811; x_wconf 89' lang='lat' dir='ltr'><strong>sermonem</strong></span> <span class='ocrx_word' id='word_1_111' title='bbox 1880 1747 2162 1836; x_wconf 78' lang='lat' dir='ltr'><strong>patrium</strong></span> <span class='ocrx_word' id='word_1_112' title='bbox 2195 1742 2452 1824; x_wconf 82' lang='lat' dir='ltr'><strong>ditavit,</strong></span> <span class='ocrx_word' id='word_1_113' title='bbox 2485 1745 2742 1831; x_wconf 89' lang='lat' dir='ltr'><strong>Episto-</strong></span> 
     </span>
     <span class='ocr_line' id='line_1_15' title="bbox 600 1847 2740 1941; baseline -0.001 -28"><span class='ocrx_word' id='word_1_114' title='bbox 600 1851 806 1914; x_wconf 86' lang='lat' dir='ltr'><strong>larum</strong></span> <span class='ocrx_word' id='word_1_115' title='bbox 822 1848 903 1912; x_wconf 86' lang='lat' dir='ltr'><strong>ad</strong></span> <span class='ocrx_word' id='word_1_116' title='bbox 917 1850 1202 1913; x_wconf 88' lang='lat' dir='ltr'><strong>Atticum</strong></span> <span class='ocrx_word' id='word_1_117' title='bbox 1220 1852 1751 1941; x_wconf 85' lang='lat' dir='ltr'><strong>interpretatione</strong></span> <span class='ocrx_word' id='word_1_118' title='bbox 1770 1851 2238 1941; x_wconf 81' lang='lat' dir='ltr'><strong>elegantissima</strong></span> <span class='ocrx_word' id='word_1_119' title='bbox 2264 1847 2332 1914; x_wconf 92' lang='lat' dir='ltr'><strong>id</strong></span> <span class='ocrx_word' id='word_1_120' title='bbox 2352 1865 2740 1936; x_wconf 87' lang='lat' dir='ltr'><strong>assequutus</strong></span> 
     </span>
     <span class='ocr_line' id='line_1_16' title="bbox 602 1956 2740 2049; baseline -0.001 -28"><span class='ocrx_word' id='word_1_121' title='bbox 602 1974 732 2040; x_wconf 83' lang='lat' dir='ltr'><strong>est,</strong></span> <span class='ocrx_word' id='word_1_122' title='bbox 760 1972 837 2019; x_wconf 91' lang='lat' dir='ltr'><strong>ut</strong></span> <span class='ocrx_word' id='word_1_123' title='bbox 861 1957 928 2019; x_wconf 89' lang='lat' dir='ltr'><strong>in</strong></span> <span class='ocrx_word' id='word_1_124' title='bbox 962 1956 1084 2020; x_wconf 86' lang='lat' dir='ltr'><strong>illis</strong></span> <span class='ocrx_word' id='word_1_125' title='bbox 1115 1958 1366 2022; x_wconf 88' lang='lat' dir='ltr'><strong>acutius</strong></span> <span class='ocrx_word' id='word_1_126' title='bbox 1404 1960 1833 2049; x_wconf 84' lang='lat' dir='ltr'><strong>grammaticis</strong></span> <span class='ocrx_word' id='word_1_127' title='bbox 1872 1959 2178 2025; x_wconf 88' lang='lat' dir='ltr'><strong>omnibus</strong></span> <span class='ocrx_word' id='word_1_128' title='bbox 2214 1956 2564 2045; x_wconf 68' lang='lat' dir='ltr'><strong>saepissime</strong></span> <span class='ocrx_word' id='word_1_129' title='bbox 2597 1980 2740 2020; x_wconf 87' lang='lat' dir='ltr'><strong>cer-</strong></span> 
     </span>
     <span class='ocr_line' id='line_1_17' title="bbox 603 2060 2740 2155; baseline 0 -28"><span class='ocrx_word' id='word_1_130' title='bbox 603 2079 804 2128; x_wconf 85' lang='lat' dir='ltr'><strong>neret.</strong></span> <span class='ocrx_word' id='word_1_131' title='bbox 858 2060 1180 2149; x_wconf 85' lang='lat' dir='ltr'><strong>Equidem</strong></span> <span class='ocrx_word' id='word_1_132' title='bbox 1222 2087 1388 2153; x_wconf 83' lang='lat' dir='ltr'><strong>opus</strong></span> <span class='ocrx_word' id='word_1_133' title='bbox 1431 2066 1626 2130; x_wconf 85' lang='lat' dir='ltr'><strong>laudo</strong></span> <span class='ocrx_word' id='word_1_134' title='bbox 1648 2114 1667 2148; x_wconf 93' lang='lat'><strong>,</strong></span> <span class='ocrx_word' id='word_1_135' title='bbox 1726 2066 2038 2155; x_wconf 88' lang='lat' dir='ltr'><strong>quoniam</strong></span> <span class='ocrx_word' id='word_1_136' title='bbox 2086 2087 2222 2128; x_wconf 82' lang='lat' dir='ltr'><strong>esse</strong></span> <span class='ocrx_word' id='word_1_137' title='bbox 2280 2064 2495 2151; x_wconf 89' lang='lat' dir='ltr'><strong>ipsum</strong></span> <span class='ocrx_word' id='word_1_138' title='bbox 2546 2062 2740 2127; x_wconf 85' lang='lat' dir='ltr'><strong>laude</strong></span> 
     </span>
     <span class='ocr_line' id='line_1_18' title="bbox 605 2167 2741 2258; baseline -0.001 -25"><span class='ocrx_word' id='word_1_139' title='bbox 605 2168 1056 2258; x_wconf 83' lang='lat' dir='ltr'><strong>dignissimum</strong></span> <span class='ocrx_word' id='word_1_140' title='bbox 1081 2167 1327 2254; x_wconf 77' lang='lat' dir='ltr'><strong>judico,</strong></span> <span class='ocrx_word' id='word_1_141' title='bbox 1343 2172 1673 2254; x_wconf 87' lang='lat' dir='ltr'><strong>Quoniam</strong></span> <span class='ocrx_word' id='word_1_142' title='bbox 1698 2190 1916 2236; x_wconf 87' lang='lat' dir='ltr'><strong>autem</strong></span> <span class='ocrx_word' id='word_1_143' title='bbox 1937 2168 2255 2251; x_wconf 87' lang='lat' dir='ltr'><strong>ejusmodi</strong></span> <span class='ocrx_word' id='word_1_144' title='bbox 2276 2183 2372 2231; x_wconf 88' lang='lat' dir='ltr'><strong>est</strong></span> <span class='ocrx_word' id='word_1_145' title='bbox 2387 2217 2405 2249; x_wconf 91' lang='lat'><strong>,</strong></span> <span class='ocrx_word' id='word_1_146' title='bbox 2427 2168 2509 2231; x_wconf 90' lang='lat' dir='ltr'><strong>ab</strong></span> <span class='ocrx_word' id='word_1_147' title='bbox 2531 2169 2741 2232; x_wconf 87' lang='lat' dir='ltr'><strong>amico</strong></span> 
     </span>
     <span class='ocr_line' id='line_1_19' title="bbox 602 2272 2739 2367; baseline -0.001 -28"><span class='ocrx_word' id='word_1_148' title='bbox 602 2298 742 2340; x_wconf 86' lang='lat' dir='ltr'><strong>esse</strong></span> <span class='ocrx_word' id='word_1_149' title='bbox 780 2298 854 2339; x_wconf 88' lang='lat' dir='ltr'><strong>ac</strong></span> <span class='ocrx_word' id='word_1_150' title='bbox 885 2272 1088 2357; x_wconf 82' lang='lat' dir='ltr'><strong>sodali</strong></span> <span class='ocrx_word' id='word_1_151' title='bbox 1133 2278 1502 2363; x_wconf 88' lang='lat' dir='ltr'><strong>profectum</strong></span> <span class='ocrx_word' id='word_1_152' title='bbox 1545 2277 1826 2367; x_wconf 85' lang='lat' dir='ltr'><strong>gaudeo,</strong></span> <span class='ocrx_word' id='word_1_153' title='bbox 1876 2294 1941 2341; x_wconf 91' lang='lat' dir='ltr'><strong>et</strong></span> <span class='ocrx_word' id='word_1_154' title='bbox 1979 2275 2341 2365; x_wconf 79' lang='lat' dir='ltr'><strong>Academiae</strong></span> <span class='ocrx_word' id='word_1_155' title='bbox 2387 2275 2438 2336; x_wconf 92' lang='lat' dir='ltr'><strong>F</strong></span> <span class='ocrx_word' id='word_1_156' title='bbox 2440 2274 2739 2353; x_wconf 85' lang='lat' dir='ltr'><strong>rancicae,</strong></span> 
     </span>
     <span class='ocr_line' id='line_1_20' title="bbox 602 2381 2009 2476; baseline 0.001 -30"><span class='ocrx_word' id='word_1_157' title='bbox 602 2382 788 2462; x_wconf 84' lang='lat' dir='ltr'><strong>cujus</strong></span> <span class='ocrx_word' id='word_1_158' title='bbox 819 2381 1121 2446; x_wconf 87' lang='lat' dir='ltr'><strong>fovemur</strong></span> <span class='ocrx_word' id='word_1_159' title='bbox 1153 2383 1347 2448; x_wconf 87' lang='lat' dir='ltr'><strong>ambo</strong></span> <span class='ocrx_word' id='word_1_160' title='bbox 1380 2385 1449 2448; x_wconf 87' lang='lat' dir='ltr'><strong>in</strong></span> <span class='ocrx_word' id='word_1_161' title='bbox 1483 2385 1667 2467; x_wconf 85' lang='lat' dir='ltr'><strong>sinu,</strong></span> <span class='ocrx_word' id='word_1_162' title='bbox 1703 2384 2009 2476; x_wconf 86' lang='lat' dir='ltr'><strong>gratulor.</strong></span> 
     </span>
    </p>

    <p class='ocr_par' dir='ltr' id='par_1_5' title="bbox 602 2486 2741 2899">
     <span class='ocr_line' id='line_1_21' title="bbox 695 2486 2741 2576; baseline -0 -25"><span class='ocrx_word' id='word_1_163' title='bbox 695 2489 771 2551; x_wconf 90' lang='lat' dir='ltr'><strong>V.</strong></span> <span class='ocrx_word' id='word_1_164' title='bbox 797 2489 1047 2572; x_wconf 84' lang='lat' dir='ltr'><strong>Restat,</strong></span> <span class='ocrx_word' id='word_1_165' title='bbox 1073 2506 1149 2553; x_wconf 92' lang='lat' dir='ltr'><strong>ut</strong></span> <span class='ocrx_word' id='word_1_166' title='bbox 1167 2489 1616 2559; x_wconf 83' lang='lat' dir='ltr'><strong>adumbratam</strong></span> <span class='ocrx_word' id='word_1_167' title='bbox 1643 2493 1928 2557; x_wconf 69' lang='lat' dir='ltr'><strong>historice</strong></span> <span class='ocrx_word' id='word_1_168' title='bbox 1947 2491 2170 2571; x_wconf 76' lang='lat' dir='ltr'><strong>totiuS,</strong></span> <span class='ocrx_word' id='word_1_169' title='bbox 2195 2510 2389 2576; x_wconf 89' lang='lat' dir='ltr'><strong>quam</strong></span> <span class='ocrx_word' id='word_1_170' title='bbox 2415 2486 2511 2550; x_wconf 83' lang='lat' dir='ltr'><strong>hae</strong></span> <span class='ocrx_word' id='word_1_171' title='bbox 2537 2486 2741 2550; x_wconf 84' lang='lat' dir='ltr'><strong>literae</strong></span> 
     </span>
     <span class='ocr_line' id='line_1_22' title="bbox 603 2591 2737 2683; baseline -0.001 -27"><span class='ocrx_word' id='word_1_172' title='bbox 603 2593 1145 2683; x_wconf 85' lang='lat' dir='ltr'><strong>complectuntur,</strong></span> <span class='ocrx_word' id='word_1_173' title='bbox 1168 2595 1695 2662; x_wconf 84' lang='lat' dir='ltr'><strong>informationem</strong></span> <span class='ocrx_word' id='word_1_174' title='bbox 1720 2597 2092 2661; x_wconf 87' lang='lat' dir='ltr'><strong>habeamus.</strong></span> <span class='ocrx_word' id='word_1_175' title='bbox 2122 2591 2562 2675; x_wconf 87' lang='lat' dir='ltr'><strong>Quamobrem</strong></span> <span class='ocrx_word' id='word_1_176' title='bbox 2597 2592 2737 2654; x_wconf 93' lang='lat' dir='ltr'><strong>col-</strong></span> 
     </span>
     <span class='ocr_line' id='line_1_23' title="bbox 602 2698 2741 2793; baseline -0.001 -28"><span class='ocrx_word' id='word_1_177' title='bbox 602 2702 765 2766; x_wconf 82' lang='lat' dir='ltr'><strong>lecta</strong></span> <span class='ocrx_word' id='word_1_178' title='bbox 806 2701 915 2767; x_wconf 90' lang='lat' dir='ltr'><strong>hic</strong></span> <span class='ocrx_word' id='word_1_179' title='bbox 947 2704 1160 2769; x_wconf 80' lang='lat' dir='ltr'><strong>statim</strong></span> <span class='ocrx_word' id='word_1_180' title='bbox 1192 2702 1364 2768; x_wconf 83' lang='lat' dir='ltr'><strong>dabo</strong></span> <span class='ocrx_word' id='word_1_181' title='bbox 1398 2721 1781 2793; x_wconf 82' lang='lat' dir='ltr'><strong>argumenta</strong></span> <span class='ocrx_word' id='word_1_182' title='bbox 1816 2703 2133 2766; x_wconf 90' lang='lat' dir='ltr'><strong>librorum</strong></span> <span class='ocrx_word' id='word_1_183' title='bbox 2152 2699 2309 2770; x_wconf 83' lang='lat' dir='ltr'><strong>XVI</strong></span> <span class='ocrx_word' id='word_1_184' title='bbox 2336 2705 2380 2781; x_wconf 91' lang='lat'><strong>¹,</strong></span> <span class='ocrx_word' id='word_1_185' title='bbox 2406 2721 2547 2788; x_wconf 83' lang='lat' dir='ltr'><strong>quae</strong></span> <span class='ocrx_word' id='word_1_186' title='bbox 2571 2698 2741 2762; x_wconf 88' lang='lat' dir='ltr'><strong>Leo-</strong></span> 
     </span>
     <span class='ocr_line' id='line_1_24' title="bbox 607 2807 2120 2899; baseline -0.001 -28"><span class='ocrx_word' id='word_1_187' title='bbox 607 2808 844 2881; x_wconf 84' lang='lat' dir='ltr'><strong>nardus</strong></span> <span class='ocrx_word' id='word_1_188' title='bbox 867 2809 1219 2898; x_wconf 81' lang='lat' dir='ltr'><strong>Malaspina</strong></span> <span class='ocrx_word' id='word_1_189' title='bbox 1241 2810 1515 2898; x_wconf 84' lang='lat' dir='ltr'><strong>singulis</strong></span> <span class='ocrx_word' id='word_1_190' title='bbox 1548 2810 1797 2899; x_wconf 82' lang='lat' dir='ltr'><strong>singula</strong></span> <span class='ocrx_word' id='word_1_191' title='bbox 1828 2807 2120 2896; x_wconf 79' lang='lat' dir='ltr'><strong>praefixit.</strong></span> 
     </span>
    </p>
   </div>
   <div class='ocr_carea' id='block_1_3' title="bbox 682 3002 2523 3080">
    <p class='ocr_par' dir='ltr' id='par_1_6' title="bbox 682 3002 2523 3080">
     <span class='ocr_line' id='line_1_25' title="bbox 682 3002 2523 3080; baseline -0.002 -24"><span class='ocrx_word' id='word_1_192' title='bbox 682 3025 724 3080; x_wconf 62' lang='lat' dir='ltr'><strong>i.</strong></span> <span class='ocrx_word' id='word_1_193' title='bbox 745 3007 852 3073; x_wconf 73' lang='lat' dir='ltr'><strong>Noe</strong></span> <span class='ocrx_word' id='word_1_194' title='bbox 875 3020 1036 3059; x_wconf 74' lang='lat' dir='ltr'><strong>autem</strong></span> <span class='ocrx_word' id='word_1_195' title='bbox 1062 3009 1317 3058; x_wconf 68' lang='lat' dir='ltr'><strong>maluimus</strong></span> <span class='ocrx_word' id='word_1_196' title='bbox 1341 3007 1531 3074; x_wconf 70' lang='lat' dir='ltr'><strong>singula</strong></span> <span class='ocrx_word' id='word_1_197' title='bbox 1554 3018 1832 3073; x_wconf 74' lang='lat' dir='ltr'><strong>argumenta</strong></span> <span class='ocrx_word' id='word_1_198' title='bbox 1859 3006 1997 3055; x_wconf 72' lang='lat' dir='ltr'><strong>libris</strong></span> <span class='ocrx_word' id='word_1_199' title='bbox 2023 3006 2122 3055; x_wconf 72' lang='lat' dir='ltr'><strong>suis</strong></span> <span class='ocrx_word' id='word_1_200' title='bbox 2141 3002 2407 3071; x_wconf 69' lang='lat' dir='ltr'><strong>praefigere.</strong></span> <span class='ocrx_word' id='word_1_201' title='bbox 2430 3006 2523 3053; x_wconf 82' lang='lat' dir='ltr'><strong>En.</strong></span> 
     </span>
    </p>
   </div>
   <div class='ocr_carea' id='block_1_4' title="bbox 1027 3253 1040 3294">
    <p class='ocr_par' dir='ltr' id='par_1_7' title="bbox 1027 3253 1040 3294">
     <span class='ocr_line' id='line_1_26' title="bbox 1027 3253 1040 3294; baseline 0 0"><span class='ocrx_word' id='word_1_202' title='bbox 1027 3253 1040 3294; x_wconf 54' lang='lat' dir='ltr'><strong>&#39;a</strong></span> 
     </span>
    </p>
   </div>
   <div class='ocr_carea' id='block_1_5' title="bbox 1217 3385 2108 3416">
    <p class='ocr_par' dir='ltr' id='par_1_8' title="bbox 1217 3385 2108 3416">
     <span class='ocr_line' id='line_1_27' title="bbox 1217 3385 2108 3416; baseline 0 1357"><span class='ocrx_word' id='word_1_203' title='bbox 1217 3385 2108 3416; x_wconf 95' lang='lat' dir='ltr'><strong> </strong></span> 
     </span>
    </p>
   </div>
  </div>
 </body>
</html>
