3023 4773
496 433 1043 504 EPISTOLAE
1092 438 1231 506 AD
1282 435 2014 525 ATTICUM‚VII‚
2066 432 2133 501 8.
2232 428 2374 503 665

264 551 524 650 quibus
556 555 698 644 ille,
730 555 906 653 quid
945 582 1231 648 censes»,
1267 561 1527 652 aiebat,
1547 562 1912 634 facturum
1940 578 2091 627 esse
2114 555 2377 651 ipsum,

263 665 319 731 si
372 664 450 732 in
500 667 1025 761 possessionem
1083 669 1498 767 reipublicae
1550 671 1870 757 venerit,
1935 690 2165 763 quum
2229 663 2380 734 haec

263 786 574 866 quaestor
611 774 797 869 ejus,
835 775 1166 874 infirmus
1202 794 1274 851 et
1310 782 1557 879 inops,
1593 780 1854 853 audeat
1881 775 2158 850 dicere?
2181 776 2377 864 Quid

261 880 534 951 multa?
583 907 734 954 non
777 883 1000 957 modo
1053 913 1203 959 non
1259 907 1596 990 expetere
1648 914 1895 990 pacem
1948 892 2152 958 istam
2178 939 2197 972 ‚
2249 882 2377 966 sed

262 990 473 1059 etiam
522 992 773 1064 timere
815 999 1013 1067 visus
1068 1013 1195 1070 est.
1239 1007 1343 1072 Ex
1392 1003 1560 1073 illas>
1601 1017 1843 1073 autem
1880 997 2234 1071 sententia
2277 998 2376 1065 ita

262 1097 744 1196 relinquendae
795 1103 1012 1177 Urbis
1069 1124 1312 1181 movet
1363 1111 1773 1201 hominem,
1825 1125 1912 1182 ut
1954 1119 2157 1206 puto.
2193 1104 2374 1174 Mihi

261 1222 503 1279 autem
550 1209 727 1282 illud
778 1214 1356 1289 molestissimum
1396 1236 1545 1310 est,
1593 1222 1794 1320 quod
1830 1217 2160 1292 solvendi
2205 1229 2377 1288 sunt

260 1321 537 1389 nummi
578 1323 833 1393 Caesari
856 1379 876 1412 ,
921 1341 992 1397 et
1024 1330 1591 1403 instrumentum
1624 1332 1976 1430 triumphi
2007 1356 2096 1403 eo
2135 1327 2377 1402 confe-

258 1424 586 1496 rendum.
632 1432 756 1498 Est
802 1433 993 1502 enim
1036 1433 1306 1533 ἄμορφον
1328 1442 1413 1523 ¹⁰,
1449 1442 2053 1534 ἀντιπολιτευομένου
2081 1463 2377 1533 χρεωφει··

254 1534 433 1606 λίτην
468 1555 642 1602 esse.
673 1534 813 1603 Sed
841 1534 1028 1630 haee,
1064 1556 1137 1612 et
1169 1544 1395 1620 multa
1430 1545 1566 1616 alia
1603 1569 1870 1617 coram.

328 1690 384 1738 9.
400 1677 484 1724 Ex
507 1675 615 1726 illa.
652 1679 835 1727 Locum
856 1696 958 1728 esse
982 1685 1268 1737 mendosum

255 1765 530 1817 agnoscunt
558 1771 755 1806 omnes:
773 1775 919 1822 quem
944 1761 1013 1808 sie
1047 1767 1270 1814 emenda-

256 1832 338 1882 bat
363 1835 593 1882 Octavius
627 1839 952 1901 Pantagathus
972 1855 986 1889 :
1006 1864 1031 1884 α
1047 1843 1157 1890 Mea
1180 1861 1269 1892 au-

222 1907 225 1908 ’
256 1921 352 1959 tem
375 1914 610 1962 sententia
633 1931 736 1962 non
772 1916 1101 1979 relinquenda!
1130 1922 1274 1969 Urbis

254 1989 418 2039 movet
444 1991 691 2041 hominem
712 2016 755 2040 n.
778 1983 979 2059 Semper
1004 1998 1135 2045 enim
1160 2016 1275 2048 een-

254 2070 353 2116 suit
378 2070 550 2119 Cicero
572 2070 625 2118 in
642 2072 777 2120 Urbe
792 2084 937 2137 etque
953 2076 1006 2122 in
1025 2077 1157 2125 Italia
1172 2095 1275 2127 ma-

254 2147 470 2196 nendum
490 2150 653 2213 :quod
670 2153 932 2215 Pompeius
949 2169 1051 2203 non
1069 2154 1276 2205 libenter

255 2225 502 2277 audiebat.
528 2230 670 2276 Hane
689 2247 807 2278 vero
830 2233 1157 2293 conjecturem
1175 2252 1275 2284 non

252 2301 457 2352 infirmis
478 2316 640 2355 tuetur
665 2311 958 2373 argumentis
975 2312 1243 2379 Malaspina
1255 2349 1272 2377 ,

254 2400 456 2448 eamque
488 2386 539 2434 in
583 2401 867 2454 pontextum
902 2393 1162 2442 Lambinus
1194 2397 1274 2443 in-

256 2466 493 2515 troduxit.
526 2469 656 2527 Nos,
688 2471 870 2535 quibus
911 2490 1014 2522 non
1045 2487 1119 2524 est
1145 2476 1273 2524 circa

1356 1694 1567 1742 frontem
1592 1708 1657 1740 aes
1677 1690 1880 1755 triplex,
1900 1688 2186 1752 Pantagathi
2204 1687 2374 1734 soetum

1354 1789 1449 1837 pro
1466 1772 1694 1820 Tulliano
1716 1786 1993 1836 supponere
2011 1767 2237 1816 nolumus
2259 1781 2272 1814 :
2291 1765 2378 1813 sed

1358 1850 1516 1898 missis
1527 1851 1730 1898 aliorum
1744 1851 2062 1914 interpretum
2075 1847 2217 1910 nugis
2230 1860 2376 1910 quam

1359 1927 1605 1989 plurimis,
1645 1929 1839 1986 locum,
1861 1938 1919 1975 ut
1961 1937 2061 1984 est,
2091 1933 2376 1989 corruptum

1361 2005 1661 2056 exhibemus.
1700 2008 1846 2055 Omv.
1882 2032 1954 2043 —
1983 2008 2172 2054 Ernest.
2213 2018 2378 2051 emen-

1363 2081 1579 2131 dandum
1607 2095 1774 2146 putat,
1801 2085 1925 2132 «ma
1957 2094 2118 2131 eutem
2142 2081 2377 2130 sententia

1361 2176 1463 2209 non
1489 2161 1820 2228 relinquenda
1846 2162 1996 2211 Urbis
2030 2172 2195 2209 movet
2218 2161 2380 2208 homi·

1362 2256 1471 2287 nem
1491 2261 1533 2290 ι.
1582 2240 1805 2304 Plerique
1842 2240 2044 2303 legunt,
2080 2240 2159 2287 ira
2203 2240 2289 2287 rel.
2329 2255 2378 2287 u.

1361 2319 1518 2366 Valde
1540 2328 1613 2365 est
1637 2318 1851 2366 incertus
1887 2317 2039 2367 loeus.
2064 2320 2115 2367 J.
2137 2319 2207 2366 V.
2234 2320 2292 2365 1..

1437 2415 1515 2448 10.
1543 2384 1780 2465 Ᾰμορφον.
1808 2398 1927 2446 Non
1954 2397 2091 2445 decet
2110 2431 2125 2454 ,
2162 2399 2264 2459 ejus
2293 2398 2379 2459 qui

1361 2478 1616 2527 eontrarioe
1630 2479 1693 2525 sit
1710 2478 1936 2525 factionis
1949 2514 1964 2538 ,
1978 2476 2243 2525 debitorem
2258 2469 2378 2523 esse.

1536 2624 1624 2642 m

908 2737 1517 2817 EPISTOLA
1574 2741 1721 2817 IX.

256 2878 408 2937 Petit
430 2880 503 2939 ab
531 2883 754 2955 Attico,
777 2900 845 2945 ut
870 2886 980 2946 sibi
1005 2888 1161 2947 dicat
1182 2890 1323 2966 quid
1351 2889 1503 2947 inter
1530 2891 1771 2949 Caesaris
1813 2904 1872 2950 et
1910 2878 2169 2969 Pompeii
2202 2888 2375 2947 dissi—

339 2975 465 3048 dia,
507 2998 577 3036 ex
610 2979 731 3039 istis
756 2983 917 3043 malis
948 3005 1199 3062 quorum
1219 3007 1399 3045 unum
1424 2986 1791 3046 subeundum
1819 2987 1921 3059 sit,
1950 2988 2247 3046 minimum
2276 3007 2382 3065 pu-

336 3082 437 3131 tet.
476 3074 569 3152 (In
593 3078 938 3150 Formiano,
971 3101 1124 3140 anno
1155 3087 1228 3142 U.
1254 3086 1318 3142 C.
1351 3085 1496 3157 703,
1535 3103 1729 3142 mense
1755 3081 2093 3161 decembri.)

924 3227 1242 3292 CICERO
1291 3230 1600 3294 ATTICO
1645 3230 1709 3295 S.

355 3357 845 3445 Qum-mmm,
886 3360 1163 3456 inquis,
1226 3383 1266 3428 a
1315 3373 1387 3430 te
1435 3361 1866 3459 accipiendae
1913 3363 2134 3434 literae
2170 3363 2388 3433 sunt?

255 3467 331 3535 Si
359 3464 683 3554 habebo,
717 3469 834 3539 cui
865 3466 1063 3557 dem,
1102 3470 1449 3566 quotidie.
1482 3476 1574 3542 At
1603 3473 1749 3568 jam
1782 3475 1935 3571 ipse
1975 3474 2163 3545 ades.
2200 3478 2384 3545 Tum

253 3574 511 3671 igitur,
553 3601 781 3673 quum
819 3603 1123 3667 venero,
1165 3580 1504 3652 desinam.
1544 3585 1740 3654 Unas
1774 3583 1986 3655 video
2027 3583 2207 3653 mihi
2243 3609 2286 3654 a
2312 3599 2383 3654 te

252 3710 414 3756 non
459 3712 610 3758 esse
639 3687 995 3774 redditas;
1032 3714 1212 3786 quas
1239 3695 1320 3761 L.
1345 3693 1722 3780 Quintius,
1758 3691 2119 3764 familiaris
2148 3717 2351 3764 meus
2372 3747 2390 3779 ‚

253 3820 488 3892 quum
552 3795 803 3884 ferret,
860 3797 948 3870 ad
1007 3798 1303 3871 bustum
1357 3801 1600 3873 Basili¹
1659 3805 2077 3875 vulneratus
2137 3817 2210 3874 et
2260 3802 2385 3875 de-

332 3963 376 3997 t.
422 3948 509 3997 Ad
530 3950 716 3998 bustum
741 3952 898 4000 Basili
913 3954 1202 4002 vulneratus
1224 3966 1272 4003 et
1358 3954 1542 4003 Urbem
1611 3966 1974 4005 monumentum
2027 3956 2171 4005 Basili
2226 3954 2386 4021 (alias

249 4025 554 4090 despoliatus
599 4040 686 4078 ese.
756 4030 1000 4079 Asconius
1052 4034 1104 4080 in
1148 4043 1270 4082 orat.
1361 4033 1562 4098 Basilii)
1586 4034 1671 4098 qui
1696 4034 1835 4084 loeus
1859 4037 2130 4086 latrociniis
2157 4036 2248 4084 fuit
2274 4050 2384 4099 per-

246 4121 345 4168 pro
383 4105 567 4154 Milone
594 4122 609 4155 :
639 4128 663 4149 ιι
688 4108 779 4155 Via
814 4110 977 4174 Appia
1014 4123 1085 4159 est
1116 4128 1273 4176 prope
1361 4128 1505 4176 qnam
1535 4114 1727 4162 infamis
1747 4138 1791 4163 ··.
