3023 4773
684 422 827 493 658
1332 424 1428 489 M.
1480 423 1559 487 T.
1615 421 2159 489 clcERoms
2201 485 2223 519 ,.

684 556 801 613 tus
838 556 987 614 est:
1022 539 1112 612 de
1166 543 1431 612 ceteris·
1467 538 1688 612 rebus
1725 540 1949 613 habes
1985 543 2432 639 Dionysium.
2475 549 2818 618 Sororem

684 666 881 725 tuam
910 676 1061 744 non
1101 652 1380 723 venisse
1412 652 1488 721 in
1522 657 1922 739 Arcanum,
1953 655 2198 723 miror.
2234 658 2339 724 De
2371 653 2820 756 Chrysippo,

677 786 922 835 meum
965 761 1345 832 consilium
1375 760 1668 859 probari
1706 761 1878 850 tibi,
1920 787 2068 833 non
2113 763 2412 834 moleste
2443 762 2621 837 fero.
2663 772 2820 866 Ego

680 875 754 943 in
794 871 1280 943 Tusculanum
1319 872 1500 943 nibil
1541 896 1713 944 sane
1759 872 1901 943 hoc
1949 887 2299 970 tempore.
2348 879 2659 947 Devium
2709 894 2821 949 est

677 988 805 1058 τοῖς
841 981 1189 1048 ἀπαντῶσιν
1214 974 1282 1065 3,
1324 992 1397 1049 et
1444 976 1667 1049 habet
1707 979 1842 1050 alia
1881 971 2263 1075 δύσχρηστα.
2312 980 2450 1052 Sed
2497 982 2590 1054 de
2639 989 2818 1054 For-

674 1093 915 1159 miano
951 1090 1404 1169 Tarracinam
1445 1086 1677 1185 pridie
1720 1086 1854 1159 kal.
1891 1088 2077 1182 jan.,
2106 1087 2274 1161 iude
2306 1092 2814 1188 Pomptinam⁴

674 1221 1065 1283 summam3
1128 1196 1296 1268 inde
1336 1196 1702 1270 Albanum
1738 1200 2062 1296 Pompeii
2101 1228 2116 1268 :
2158 1200 2256 1270 ita
2293 1189 2384 1271 ad
2416 1200 2698 1273 Urbem
2732 1228 2818 1274 111

675 1332 944 1394 nonas,
978 1308 1194 1377 natali
1222 1332 1405 1377 meo.
1431 1312 1542 1379 De
1571 1307 1939 1406 republica
1967 1307 2288 1405 quotidie
2314 1315 2540 1406 magis
2562 1315 2815 1383 timeo.

674 1421 840 1488 Non
879 1418 1071 1486 enim
1121 1416 1344 1500 boni,
1392 1432 1475 1487 ut
1520 1432 1816 1514 putant,
1874 1418 2354 1489 consentiunt.
2403 1422 2610 1509 Quos
2673 1445 2816 1518 ego

675 1529 952 1623 equites
986 1550 1368 1612 romanoe,
1406 1551 1593 1623 quos
1629 1539 1993 1632 senatores
2039 1524 2225 1595 vidi.
2211 1526 2240 1578 ³
2275 1528 2403 1622 qui
2460 1531 2814 1600 acerrime

675 1662 906 1734 quum
934 1648 1207 1723 cetera,
1236 1652 1390 1707 tum
1416 1636 1557 1706 hoc
1586 1637 1718 1705 iter
1743 1637 2086 1732 Pompeii·
2099 1637 2610 1733 vituperarent.
2632 1644 2815 1710 Pace

673 1752 1028 1844 opus'est.
1081 1753 1184 1817 Ex
1240 1749 1533 1817 victoria
1577 1769 1808 1841 quum
1854 1745 2080 1815 multa
2132 1747 2347 1833 mala,
2397 1762 2551 1817 tum
2615 1765 2816 1820 certe

673 1871 1022 1953 tyrannus
1056 1852 1084 1897 ⁵
1117 1857 1427 1927 exsistet.
1475 1854 1619 1924 Sed
1664 1854 1813 1924 haec
1856 1854 2284 1953 propediem
2332 1881 2602 1927 coram.
2652 1866 2815 1930 Jam

672 1968 887 2064 plane
931 1966 1102 2036 mihi
1147 1965 1386 2052 deest,
1424 1964 1628 2061 quod
1675 1962 1765 2034 ad
1805 1979 1877 2036 te
1920 1963 2248 2036 scribam.
2290 1970 2437 2038 Nec
2475 1973 2679 2037 enim
2725 1969 2815 2040 de

667 2076 1067 2173 republica,
1106 2074 1306 2172 quod
1348 2089 1657 2171 uterque
1694 2089 2024 2147 nostrum
2063 2078 2198 2148 scit
2229 2078 2516 2166 eadem;
2566 2094 2639 2149 et
2680 2078 2811 2151 do-

673 2189 962 2257 mestica
1007 2201 1180 2257 nota
1226 2199 1398 2257 sunt
1448 2183 1825 2256 ambobus.
1869 2187 2254 2284 Reliquum
2301 2202 2412 2259 est
2447 2188 2720 2282 jamri,
2755 2195 2811 2262 si

632 2295 790 2365 *hic
833 2299 1039 2366 sinat.
1100 2300 1282 2367 Nam
1324 2319 1461 2393 ego
1510 2296 1571 2365 is
1620 2320 1816 2381 sum,
1867 2296 1995 2392 qui
2049 2296 2153 2366 illi
2207 2296 2508 2370 concedi
2553 2313 2812 2397 putem

668 2406 913 2477 utilius
948 2431 1097 2476 esse
1137 2404 1336 2502 quod
1370 2404 1722 2503 postulat,
1755 2429 1976 2501 quam
2013 2407 2211 2500 signa
2245 2405 2581 2478 conferri.
2611 2412 2810 2480 ’Sero

671 2518 862 2585 enim
912 2518 1310 2584 resistimus
1349 2514 1412 2583 ei
1436 2550 1471 2599 ,·
1510 2537 1734 2608 quem
1776 2539 1904 2610 per
1944 2539 2172 2587 annos
2207 2514 2457 2586 decern
2493 2518 2811 2590 aluimus

669 2638 920 2694 contra
967 2646 1119 2692 nos.
1165 2621 1358 2711 Quid
1402 2624 1621 2693 sentis
1657 2624 1933 2720 igitur?
1971 2625 2236 2721 inquis,
2267 2625 2454 2696 Nihil
2490 2627 2808 2714 scilicet,

667 2737 799 2802 nisi
839 2731 928 2802 de
969 2731 1327 2801 sententia
1367 2746 1532 2817 tua;
1589 2758 1725 2805 nec
1761 2734 1960 2831 prius
2014 2733 2342 2832 quidem,
2385 2762 2606 2833 quam
2671 2764 2810 2809 no-

666 2857 894 2913 strum
929 2842 1297 2937 negotium
1330 2836 1363 2884 ⁶
1414 2856 1542 2911 aut
1576 2839 2135 2932 confecerimus,
2191 2857 2315 2914 aut
2371 2843 2810 2941 deposueri-

665 2973 847 3019 mus.
907 2951 1091 3018 Cura
1145 2946 1403 3041 igitur,
1467 2962 1549 3017 ut
1612 2947 1872 3018 valeas.'
1933 2949 2340 3045 Aliquando
2390 2950 2738 3047 ἀπότριψαι
2777 2961 2808 3004 ⁷

665 3072 1089 3157 quartanam
1127 3058 1333 3127 istam
1369 3056 1778 3153 diligentia‘,
1826 3082 1985 3153 quae
2013 3058 2090 3127 in
2119 3071 2191 3129 te
2217 3083 2498 3128 summa
2524 3074 2656 3130 est.

736 3276 905 3332 3.Τοῖς
922 3274 1427 3324 ἀπαπῶσιν.οὔνὶιω
1441 3275 1682 3339 prodeun-
1769 3276 1849 3325 rit.
1877 3277 2022 3324 ΜΛΝ.
2058 3301 2126 3314 -
2151 3277 2247 3324 Alii
2285 3292 2395 3324 cum
2423 3277 2604 3336 Bosio‚
2649 3280 2808 3326 Pom-

662 3358 812 3405 tibus.
831 3353 1222 3421 -ηΔύσχρηστω
1246 3354 1575 3402 incommoda.
1759 3355 1958 3420 prinam
1991 3372 2255 3414 amm,
2279 3356 2377 3404 boc
2405 3366 2512 3413 est,
2553 3372 2806 3409 m

732 3442 783 3491 4.
806 3434 1086 3483 Pontinum.
1102 3432 1344 3481 Praedium
1364 3432 1431 3481 ad
1449 3435 1682 3482 Pontinas
1767 3435 2040 3499 Pomptina:
2071 3433 2261 3499 paludis
2286 3447 2493 3498 partem·

658 3514 879 3579 paludes.
903 3512 1121 3561 Verbum
1155 3529 1368 3571 sumam,
1391 3512 1680 3562 crediderim
1843 3516 1891 3562 5.
1922 3514 2055 3570 Alii,
2081 3513 2312 3575 tyrannis.
2341 3517 2389 3562 J.
2415 3515 2478 3561 V.
2507 3515 2560 3561 L.

659 3593 934 3650 abundare,
957 3601 1005 3639 et
1030 3590 1251 3640 additum
1288 3590 1348 3638 ab
1366 3591 1558 3656 «liquo,
1595 3592 1679 3655 qui
1836 3591 1888 3641 6.
1913 3594 2144 3640 Nostrum
2169 3592 2803 3657 negucium.1‘riunphun.

661 3672 721 3721 de
758 3672 992 3727 Pontinio
1012 3671 1269 3721 Ciceronis
1291 3670 1449 3736 legato
1478 3687 1680 3736 κοσμ-
1839 3688 1890 3731 7.
1923 3659 2207 3737 Ᾰπότριψαι.
2237 3670 2541 3735 Abasgia.
