3023 4773
573 386 1085 458 EPISTOLAE
1134 331 1266 456 AD
1313 387 1810 474 ATTICUM,
1851 390 2001 475 111,
2051 385 2158 457 13.
2275 390 2408 472 441

314 513 548 600 Quem
593 524 835 581 autem
878 522 1156 579 motum
1196 523 1270 580 te
1309 509 1554 582 videre
1596 513 2004 609 scripseras,
2039 511 2168 607 qui
2209 509 2424 582 nobis

313 620 506 690 utilis
540 617 696 691 fore
724 614 1113 704 videretur,
1143 643 1311 690 eum
1340 622 1681 691 nuntiant
1701 673 1720 703 ,
1744 625 1872 715 qui
1904 620 2205 690 veniunt
2222 673 2242 705 ,
2268 619 2427 689 nul-

315 728 467 800 lum
500 727 680 801 fore.
736 733 819 799 In
858 726 1172 799 tribunis
1228 727 1461 825 plebis
1505 728 1887 824 designatis
1934 727 2213 824 reliqua
2260 750 2426 825 spes

316 852 422 909 est
460 866 476 908 ε
522 863 740 934 quam
774 841 831 908 si
880 852 1296 934 exspectaro
1317 893 1338 927 ‚
1390 864 1540 910 non
1579 840 1753 926 erit,
1805 836 2005 934 quod
2056 851 2268 934 putes
2306 861 2424 908 me

313 970 541 1034 causae
578 971 752 1017 meae
776 956 906 1017 ac²
941 946 1294 1019 voluntati
1328 972 1658 1019 meorum
1699 945 2030 1018 defuisse.
2059 945 2277 1037 Quod
2311 971 2427 1017 me

316 1080 503 1153 saepe
556 1080 877 1140 accusas,
940 1081 1071 1127 cur
1112 1056 1310 1128 hunc
1349 1083 1594 1130 meum
1638 1081 1879 1129 casum
1934 1071 2081 1127 tam
2123 1058 2431 1153 graviter

313 1161 577 1254 feram,
617 1165 836 1238 debes
885 1168 1257 1264 ignoscere
1278 1221 1299 1255 ,
1357 1193 1587 1264 quum
1633 1168 1733 1237 ita
1771 1191 1887 1236 me
1930 1163 2275 1235 afflictum
2323 1165 2429 1233 vi-

316 1276 441 1347 des
458 1274 512 1365 ³,
550 1291 626 1347 ut
658 1278 1019 1347 neminem
1056 1301 1401 1372 umquam
1429 1302 1567 1348 nec
1601 1276 1862 1346 videris
1884 1329 1904 1365 ‚
1934 1299 2071 1346 nec
2094 1273 2426 1344 audieris.

315 1387 498 1454 Nam
540 1384 737 1480 quod
776 1383 1029 1456 scribis
1070 1399 1140 1456 te
1175 1385 1461 1474 audire,
1495 1410 1612 1457 me
1646 1387 1861 1457 etiam
1895 1387 2157 1454 mentis
2190 1407 2431 1454 errore

319 1516 407 1562 ex
444 1491 693 1590 dolore
736 1491 966 1564 affici:
1011 1494 1187 1564 mihi
1230 1519 1402 1567 vero
1449 1519 1656 1567 mens
1692 1495 1967 1591 integra
2012 1507 2139 1564 est.
2196 1498 2434 1589 Atque

318 1604 592 1671 utinam
622 1617 764 1672 tam
799 1603 872 1671 in
909 1604 1232 1699 periculo
1263 1602 1554 1676 fuisset!
1590 1628 1819 1699 quum
1856 1627 1990 1698 ego
2018 1603 2135 1689 iis,
2168 1601 2435 1698 quibus

321 1735 553 1781 meam
593 1711 894 1782 salutem
938 1716 1374 1784 carissimam
1416 1737 1570 1785 esse
1613 1709 2048 1796 arbitrabar,
2093 1711 2434 1780 inimicis-

321 1821 516 1890 simis
550 1820 1199 1918 crudelissimisque
1235 1847 1404 1894 usus
1445 1847 1604 1893 sum
1633 1849 1649 1892 ε
1696 1824 1863 1918 qui,
1890 1834 1973 1891 ut
2013 1844 2128 1890 me
2160 1818 2438 1916 paullu-

321 1929 474 1999 lum
522 1928 848 1999 inclinari
902 1932 1158 2002 timore
1196 1930 1586 2018 ,viderunt,
1645 1934 1747 2002 sic
1795 1929 2288 2028 impulerunt,
2353 1942 2438 1998 ut

323 2039 528 2107 omni
568 2061 699 2108 suo
746 2039 1011 2109 scelere
1056 2054 1128 2110 et
1171 2038 1473 2137 perfidia
1505 2039 1979 2111 abuterentur
2019 2038 2108 2110 ad
2142 2039 2438 2110 exitium

324 2171 589 2217 meum.
624 2153 832 2219 Nunc
852 2203 871 2234 ,
899 2151 1245 2245 quoniam
1275 2165 1379 2221 est
1407 2153 1750 2246 Cyzicum
1777 2155 1810 2214 4
1848 2150 2058 2221 nobis
2087 2148 2443 2236 eundum,

325 2282 477 2353 quo
519 2261 745 2329 rarius
786 2258 876 2330 ad
921 2285 1036 2331 me
1074 2258 1290 2330 literae
1328 2257 1804 2357 perferentur,
1845 2258 1988 2329 hoc
2022 2260 2233 2329 velim
2280 2258 2440 2329 dili-

322 2370 610 2464 gentius
648 2372 928 2457 omnia,
962 2397 1122 2468 quae
1157 2375 1445 2469 putaris.
1469 2396 1587 2442 me
1617 2370 1798 2441 scire
1832 2394 2015 2466 opus
2052 2394 2246 2458 esse,
2284 2394 2441 2468 per·

322 2477 609 2549 scribas.
641 2481 994 2569 Quintum
1020 2478 1314 2552 fratrem
1339 2506 1588 2552 meum
1609 2477 1720 2551 fac
1746 2477 2028 2577 diligas:
2056 2504 2278 2576 quem
2307 2503 2441 2574 ego

326 2591 540 2659 miser
570 2590 627 2659 si
657 2590 1089 2661 incolumem
1130 2592 1508 2687 relinquo,
1547 2614 1698 2661 non
1733 2613 1846 2659 me
1883 2603 2122 2659 totum
2150 2589 2445 2684 periisse

325 2695 745 2770 arbitrabor.
780 2703 942 2770 Dat.
973 2725 1146 2770 non.
1180 2715 1354 2771 sext.

399 2883 449 2914 α.
473 2867 654 2916 Aberat
676 2885 753 2917 ac.
780 2872 829 2918 J.
858 2871 921 2918 V.
946 2871 1002 2916 1..
1424 2868 1727 2933 Syuecdemo
1740 2869 2044 2933 Hellesponti
2059 2865 2343 2930 metropolis
2356 2874 2446 2920 est,

400 2947 449 2993 3.
474 2948 601 3008 Alii,
620 2947 809 2994 videas.
832 2951 881 2997 J.
900 2950 965 2995 V.
986 2950 1040 2995 1..
1425 2959 1478 2995 nt
1497 2949 1802 3011 Lampsacus,
1812 2947 1944 3011 quod
1963 2949 2104 2994 Vei-r.
2125 2946 2212 2993 lib.
2231 2948 2274 3006 1,
2292 2960 2338 2991 c.
2354 2950 2445 3003 αξ,

405 3032 450 3079 k.
487 3025 724 3085 Cyzicum.
757 3026 1015 3089 Cyzicum,
1035 3038 1084 3074 et
1106 3026 1342 3091 Cyzicus,
1426 3026 1664 3090 oppidum
1700 3025 1752 3072 in
1782 3025 2105 3088 Hellesponto
2142 3024 2350 3083 dicitur,
2384 3021 2446 3069 ab

329 3102 446 3150 urbs
478 3105 669 3167 Mysiae.
708 3103 803 3152 sed
840 3105 983 3152 etiam
1010 3105 1061 3151 in
1103 3104 1343 3153 Hieroclis
1427 3104 1534 3151 aliis
1550 3105 1758 3152 refertur
1774 3103 1838 3151 ad
1855 3104 2082 3167 Mysiam.
2107 3104 2240 3150 Eun.

328 3276 422 3294 m

1243 3274 1516 3293 m
1519 3274 1884 3294 mm
1887 3271 2433 3292 mmmmm

936 3424 1539 3515 EPISTOLA
1605 3426 1860 3503 XIV.

332 3573 604 3633 Nondum
632 3596 693 3634 se
714 3577 1115 3635 Thessalonica
1140 3575 1450 3633 decessisse
1465 3597 1482 3647 ;
1523 3575 1633 3633 nisi
1673 3588 1861 3633 tamen
1894 3575 2028 3633 novi
2051 3574 2268 3653 aliquid
2293 3576 2449 3633 acci·

411 3672 592 3743 derit,
634 3673 694 3731 in
729 3676 924 3734 Asiam
964 3675 1362 3752 profecturum
1394 3692 1535 3731 esse.
1579 3672 2050 3751 (Thessalonicae,
2097 3691 2249 3730 anno
2278 3677 2350 3732 U.
2385 3676 2450 3732 C.

413 3770 561 3847 695,
606 3790 800 3829 mense
832 3769 1104 3850 quintili.)

1011 3925 1322 3989 CICERO
1365 3924 1683 3987 ATTICO
1730 3925 1792 3988 S.

432 4052 534 4117 Ex
561 4051 700 4118 tuis
718 4047 934 4119 literis
953 4047 1209 4145 plenus
1237 4072 1397 4118 sum
1422 4048 1956 4145 exspectatione
1973 4048 2064 4121 de
2083 4051 2454 4147 Pompei0,

2419 3980 2430 4011 ι
