3023 4773
816 380 1363 465 EPISTOLAE,
1402 380 1624 462 XIV,
1664 398 1778 444 αα.
2133 395 2140 402 ”
2243 401 2366 470 ¹¹7

248 504 525 572 tiorem.
564 498 1054 572 Valitudinem
1091 515 1291 573 tuam
1337 523 1511 574 cura
1545 496 1945 595 diligenter.
1989 497 2183 570 Vale.
2227 503 2370 568 Ka-

245 608 473 681 lendis
503 608 1016 708 septembrib.²

306 820 360 855 α.
384 807 508 856 Kal.
541 819 662 870 sept.
683 808 751 854 Ut
776 817 883 855 tum
907 806 1013 855 adl.
1041 806 1144 856 dies
1168 809 1258 856 mi—
1346 804 1635 863 l’lutareho,
1670 820 1785 853 cum
1808 818 1870 852 eo
1907 803 2017 853 nolo
2054 803 2369 868 colloquens,

242 884 583 934 mabuntur:
623 903 685 934 ex
706 902 819 934 vcra
844 896 1007 934 nutem
1037 888 1154 935 anni
1178 903 1261 936 ra-
1347 884 1498 933 mnlta
1524 882 1679 932 ondin
1708 883 1963 948 prooessit.
1989 884 2063 931 Ita
2083 884 2221 930 venia
2236 915 2254 942 ,
2270 899 2371 947 quo

241 963 372 1012 tione
408 965 548 1029 prid.
578 981 698 1015 non.
727 967 840 1026 jun.
880 967 1052 1014 Paucis
1090 965 1263 1014 diebus
1349 963 1525 1022 vellet,
1550 962 1701 1011 eundi
1727 963 2015 1027 impetrata,
2047 962 2257 1025 primum
2285 962 2374 1008 vil-

241 1044 532 1108 poetCaesar
555 1045 772 1092 omnium
800 1045 1038 1110 opinione
1060 1045 1264 1094 celerius
1349 1043 1422 1091 1⁸⁸
1443 1042 1598 1100 obiit,
1631 1057 1690 1089 nc
1721 1040 1899 1090 delude
1930 1041 1983 1087 in
2009 1039 2197 1092 Urbem
2222 1041 2371 1089 venit.

241 1125 501 1171 Tarentum
518 1125 728 1189 appulit,
741 1136 791 1174 et
807 1142 964 1190 quum
982 1125 1266 1174 indeBrun-
1352 1125 1515 1173 Cesar
1534 1131 1696 1170 nutem
1714 1123 1789 1170 VI
1819 1121 1919 1169 kal.
1939 1123 2042 1182 jan.
2079 1121 2137 1188 (i.
2170 1136 2213 1168 ο.
2244 1118 2376 1184 prid.

243 1201 416 1250 disinm
463 1215 686 1268 pergeret
700 1240 717 1265 ,
758 1204 935 1253 Cicero
981 1206 1027 1252 ei
1069 1204 1267 1251 obviam
1356 1219 1475 1252 non.
1514 1199 1755 1265 octobris)
1788 1201 1994 1266 Lilybaei
2037 1216 2211 1248 navem
2257 1215 2377 1247 con·

242 1281 354 1339 ivit,
385 1298 534 1346 qu·-
564 1299 717 1347 quum
749 1284 909 1332 Caesnr
941 1283 1143 1332 vidisset
1179 1282 1268 1331 de-
1354 1280 1578 1343 scendit,
1604 1279 1666 1328 ad
1691 1280 1876 1330 bellum
1900 1279 2186 1328 Africanum
2212 1278 2380 1343 profe-

240 1361 430 1410 scendit
448 1396 464 1421 ,
494 1378 704 1426 eumque
728 1362 979 1422 salutavit,
1014 1378 1098 1422 nc,
1147 1373 1266 1412 teste
1353 1372 1539 1410 ctum.
1574 1361 1691 1409 Seu.

2082 1549 2356 1571 mm

812 1750 1398 1831 EPISToLA
1462 1752 1801 1870 xxm.

237 1920 310 1976 Se
334 1936 368 1973 a
392 1917 621 1974 Caesare
652 1917 851 1974 literas
878 1916 1016 1975 satis
1047 1915 1316 1975 liberales
1348 1918 1638 1996 accepisse
1671 1918 1934 1976 nuntiat:
1968 1917 2043 1976 de
2072 1916 2284 1995 quibus
2312 1919 2373 1975 in

310 2026 457 2070 orat.
483 2033 596 2092 pro
614 2014 868 2090 Ligario,
889 2034 940 2070 c.
963 2014 997 2070 3
1017 2036 1031 2071 ε
1057 2040 1080 2066 «ι
1097 2018 1289 2075 Offifflr
1314 2013 1387 2073 ad
1410 2034 1503 2072 me
1529 2035 1602 2073 ex
1622 2020 1880 2094 AEgypto
1899 2015 2094 2074 literas
2123 2015 2295 2086 misit,
2313 2029 2376 2073 ut

309 2130 493 2168 essem
526 2110 681 2169 idem
700 2154 717 2183 ,
760 2110 864 2188 qui
891 2110 1122 2170 fuissem
1145 2138 1189 2168 ω.
1236 2112 1590 2195 (Brundisii,
1630 2131 1785 2170 anno
1813 2116 1886 2172 U.
1912 2115 1977 2172 C.
2005 2112 2150 2186 706,
2179 2131 2374 2171 mense

310 2207 556 2285 sextili.)

628 2372 719 2438 M.
743 2374 820 2437 T.
848 2373 919 2439 C.
942 2372 1409 2440 TERENTIAE
1453 2374 1648 2441 SUAE
1693 2375 1756 2440 S.
1791 2374 1864 2440 P.
1899 2375 1982 2440 D.

321 2532 394 2598 S.
435 2530 528 2596 V.
562 2530 641 2597 Β.
677 2531 756 2598 Ε.
792 2532 877 2598 V.
938 2526 1259 2600 Redditae
1294 2527 1472 2599 mihi
1506 2529 1800 2602 tandem
1834 2543 2008 2602 sunt
2034 2554 2072 2601 a
2102 2533 2375 2602 Caesare

231 2638 496 2707 literae¹
542 2637 709 2707 satis
745 2635 1075 2710 liberales
1100 2694 1120 2724 ,
1157 2653 1232 2710 et
1266 2640 1423 2737 ipse
1469 2641 1814 2736 opinione
1857 2640 2160 2712 celerius
2198 2666 2372 2713 ven-

236 2760 438 2818 turus
465 2770 625 2817 esse
652 2744 933 2818 dicitur.
965 2751 1100 2819 Cui
1121 2762 1370 2823 utrum
1388 2748 1678 2821 obviam
1702 2749 2120 2848 procedam,
2138 2775 2228 2821 an
2259 2748 2378 2821 hic

236 2881 398 2927 eum
434 2872 849 2954 exspectem
872 2912 891 2945 ,
930 2883 1160 2956 quum
1200 2861 1646 2933 constituero
1669 2916 1689 2950 ,
1722 2860 1975 2932 faciam
2017 2877 2086 2934 te
2124 2861 2381 2932 certio·

236 2992 402 3038 rem.
449 2966 889 3041 Tabellarios
925 2969 1104 3040 mihi
1145 2971 1362 3042 velim
1404 2996 1625 3069 quam
1667 2971 1984 3069 primum
2026 2974 2371 3074 remittas.

236 3077 721 3150 valitudinem
772 3093 971 3152 tuam
1029 3105 1204 3153 cura
1270 3080 1673 3181 diligenter.
1723 3080 1920 3152 Vale.
1985 3085 2077 3151 D.
2143 3078 2377 3179 pridie

239 3187 395 3260 idus
438 3204 623 3261 sext.

305 3407 349 3440 ι.
378 3391 430 3439 Α
469 3390 671 3439 Caesare
714 3391 885 3440 Iieerae.
928 3394 1114 3441 Harum
1160 3408 1264 3440 non
1349 3391 1497 3442 Unde
1522 3394 1655 3456 conj.
1677 3391 1794 3442 Sch.
1813 3408 1920 3441 eam
1944 3390 2088 3457 epist.
2108 3405 2254 3454 quam
2276 3389 2377 3438 hoc

236 3472 449 3520 muniuit
474 3471 530 3520 in
554 3471 796 3535 proximi·
821 3469 886 3519 ad
908 3471 1061 3521 Attio.
1084 3471 1259 3521 literis.
1350 3470 1460 3536 ipso
1487 3471 1568 3522 die
1586 3471 1650 3521 ad
1671 3472 1778 3523 Aa.
1799 3470 2029 3535 dederat,
2050 3469 2268 3536 perime.
2285 3469 2379 3519 Eo.
