<?xml version="1.0" encoding="UTF-8"?>
<!DOCTYPE html PUBLIC "-//W3C//DTD XHTML 1.0 Transitional//EN"
    "http://www.w3.org/TR/xhtml1/DTD/xhtml1-transitional.dtd">
<html xmlns="http://www.w3.org/1999/xhtml" xml:lang="en" lang="en">
 <head>
  <title>
</title>
<meta http-equiv="Content-Type" content="text/html;charset=utf-8" />
  <meta name='ocr-system' content='tesseract 3.04.00' />
  <meta name='ocr-capabilities' content='ocr_page ocr_carea ocr_par ocr_line ocrx_word'/>
</head>
<body>
  <div class='ocr_page' id='page_1' title='image "./mtciceronisquae01bouigoog_0489.png"; bbox 0 0 3023 4773; ppageno 0'>
   <div class='ocr_carea' id='block_1_1' title="bbox 526 364 2361 500">
    <p class='ocr_par' dir='ltr' id='par_1_1' title="bbox 526 364 2361 500">
     <span class='ocr_line' id='line_1_1' title="bbox 526 364 2361 500; baseline -0.002 -25"><span class='ocrx_word' id='word_1_1' title='bbox 526 404 1068 477; x_wconf 79' lang='lat' dir='ltr'>ErlsToLAE</span> <span class='ocrx_word' id='word_1_2' title='bbox 1110 405 1243 472; x_wconf 82' lang='lat' dir='ltr'>An</span> <span class='ocrx_word' id='word_1_3' title='bbox 1295 405 1796 489; x_wconf 74' lang='grc' dir='ltr'>ΑΤΤΙουΜ,</span> <span class='ocrx_word' id='word_1_4' title='bbox 1846 364 1976 490; x_wconf 74' lang='lat' dir='ltr'>lv,</span> <span class='ocrx_word' id='word_1_5' title='bbox 2029 429 2093 473; x_wconf 57' lang='grc' dir='ltr'>α.</span> <span class='ocrx_word' id='word_1_6' title='bbox 2220 408 2361 500; x_wconf 76' lang='lat'>479</span> 
     </span>
    </p>
   </div>
   <div class='ocr_carea' id='block_1_2' title="bbox 218 519 2373 2373">
    <p class='ocr_par' dir='ltr' id='par_1_2' title="bbox 226 519 2370 1829">
     <span class='ocr_line' id='line_1_2' title="bbox 239 519 2364 622; baseline -0.001 -23"><span class='ocrx_word' id='word_1_7' title='bbox 239 526 573 599; x_wconf 91' lang='lat' dir='ltr'>consules</span> <span class='ocrx_word' id='word_1_8' title='bbox 622 523 889 598; x_wconf 89' lang='lat' dir='ltr'>referre</span> <span class='ocrx_word' id='word_1_9' title='bbox 929 535 994 582; x_wconf 86' lang='lat'>¹9</span> <span class='ocrx_word' id='word_1_10' title='bbox 1031 538 1436 622; x_wconf 87' lang='lat' dir='ltr'>coeperunt.</span> <span class='ocrx_word' id='word_1_11' title='bbox 1491 527 1738 614; x_wconf 86' lang='lat' dir='ltr'>Quum</span> <span class='ocrx_word' id='word_1_12' title='bbox 1795 519 2364 622; x_wconf 72' lang='lat' dir='ltr'>sententiae&#39;gra-</span> 
     </span>
     <span class='ocr_line' id='line_1_3' title="bbox 241 634 2364 731; baseline -0.001 -24"><span class='ocrx_word' id='word_1_13' title='bbox 241 640 535 707; x_wconf 85' lang='lat' dir='ltr'>vissimae</span> <span class='ocrx_word' id='word_1_14' title='bbox 597 636 1048 720; x_wconf 79' lang='lat' dir='ltr'>dicerentur3</span> <span class='ocrx_word' id='word_1_15' title='bbox 1076 663 1087 678; x_wconf 71' lang='lat'><strong><em>‘</em></strong></span> <span class='ocrx_word' id='word_1_16' title='bbox 1114 636 1394 705; x_wconf 85' lang='lat' dir='ltr'>senatui</span> <span class='ocrx_word' id='word_1_17' title='bbox 1451 635 1771 731; x_wconf 89' lang='lat' dir='ltr'>placere,</span> <span class='ocrx_word' id='word_1_18' title='bbox 1832 634 2008 706; x_wconf 92' lang='lat' dir='ltr'>mihi</span> <span class='ocrx_word' id='word_1_19' title='bbox 2066 634 2364 706; x_wconf 91' lang='lat' dir='ltr'>domum</span> 
     </span>
     <span class='ocr_line' id='line_1_4' title="bbox 240 742 2368 844; baseline -0.002 -27"><span class='ocrx_word' id='word_1_20' title='bbox 240 749 552 833; x_wconf 85' lang='lat' dir='ltr'>restitui,</span> <span class='ocrx_word' id='word_1_21' title='bbox 580 747 937 844; x_wconf 90' lang='lat' dir='ltr'>porticum</span> <span class='ocrx_word' id='word_1_22' title='bbox 955 743 1189 815; x_wconf 86' lang='lat' dir='ltr'>Catuli</span> <span class='ocrx_word' id='word_1_23' title='bbox 1211 743 1428 814; x_wconf 90' lang='lat' dir='ltr'>locari</span> <span class='ocrx_word' id='word_1_24' title='bbox 1449 798 1468 828; x_wconf 87' lang='lat'>‚</span> <span class='ocrx_word' id='word_1_25' title='bbox 1491 743 1990 817; x_wconf 86' lang='lat' dir='ltr'>auctoritatem</span> <span class='ocrx_word' id='word_1_26' title='bbox 2008 753 2076 788; x_wconf 76' lang='lat'>²⁰</span> <span class='ocrx_word' id='word_1_27' title='bbox 2095 742 2368 815; x_wconf 85' lang='lat' dir='ltr'>ordinis</span> 
     </span>
     <span class='ocr_line' id='line_1_5' title="bbox 236 852 2370 953; baseline -0.002 -24"><span class='ocrx_word' id='word_1_28' title='bbox 236 856 329 930; x_wconf 90' lang='lat' dir='ltr'>ab</span> <span class='ocrx_word' id='word_1_29' title='bbox 366 856 705 929; x_wconf 88' lang='lat' dir='ltr'>omnibus</span> <span class='ocrx_word' id='word_1_30' title='bbox 741 853 1269 953; x_wconf 87' lang='lat' dir='ltr'>magistratibus</span> <span class='ocrx_word' id='word_1_31' title='bbox 1305 852 1629 940; x_wconf 83' lang='lat' dir='ltr'>defendi3</span> <span class='ocrx_word' id='word_1_32' title='bbox 1675 854 1733 924; x_wconf 92' lang='lat' dir='ltr'>si</span> <span class='ocrx_word' id='word_1_33' title='bbox 1771 877 1930 948; x_wconf 77' lang='lat' dir='ltr'>quae</span> <span class='ocrx_word' id='word_1_34' title='bbox 1955 855 2063 923; x_wconf 89' lang='lat' dir='ltr'>vis</span> <span class='ocrx_word' id='word_1_35' title='bbox 2091 864 2151 897; x_wconf 77' lang='lat'>&#39;⁸¹</span> <span class='ocrx_word' id='word_1_36' title='bbox 2184 869 2370 925; x_wconf 86' lang='lat' dir='ltr'>esset</span> 
     </span>
     <span class='ocr_line' id='line_1_6' title="bbox 238 961 2367 1061; baseline -0.001 -24"><span class='ocrx_word' id='word_1_37' title='bbox 238 966 454 1055; x_wconf 85' lang='lat' dir='ltr'>facta,</span> <span class='ocrx_word' id='word_1_38' title='bbox 475 980 801 1038; x_wconf 88' lang='lat' dir='ltr'>senatum</span> <span class='ocrx_word' id='word_1_39' title='bbox 831 966 1404 1037; x_wconf 80' lang='lat' dir='ltr'><strong>existimaturum</strong></span> <span class='ocrx_word' id='word_1_40' title='bbox 1419 1018 1438 1052; x_wconf 90' lang='lat'><strong>‚</strong></span> <span class='ocrx_word' id='word_1_41' title='bbox 1461 962 1618 1058; x_wconf 90' lang='lat' dir='ltr'>ejus</span> <span class='ocrx_word' id='word_1_42' title='bbox 1637 987 1857 1061; x_wconf 90' lang='lat' dir='ltr'>opera</span> <span class='ocrx_word' id='word_1_43' title='bbox 1876 961 2144 1033; x_wconf 86' lang='lat' dir='ltr'>factum</span> <span class='ocrx_word' id='word_1_44' title='bbox 2172 987 2326 1034; x_wconf 88' lang='lat' dir='ltr'>esse</span> <span class='ocrx_word' id='word_1_45' title='bbox 2347 1018 2367 1050; x_wconf 88' lang='lat'>,</span> 
     </span>
     <span class='ocr_line' id='line_1_7' title="bbox 234 1073 2365 1172; baseline -0.001 -26"><span class='ocrx_word' id='word_1_46' title='bbox 234 1077 366 1172; x_wconf 89' lang='lat' dir='ltr'>qui</span> <span class='ocrx_word' id='word_1_47' title='bbox 431 1073 1053 1147; x_wconf 85' lang='lat' dir='ltr'>senatusconsulto</span> <span class='ocrx_word' id='word_1_48' title='bbox 1119 1073 1671 1160; x_wconf 82' lang='lat' dir='ltr'>intercessisset3</span> <span class='ocrx_word' id='word_1_49' title='bbox 1733 1074 2076 1143; x_wconf 86' lang='lat' dir='ltr'>Serranus</span> <span class='ocrx_word' id='word_1_50' title='bbox 2145 1074 2365 1170; x_wconf 86' lang='lat' dir='ltr'>perti-</span> 
     </span>
     <span class='ocr_line' id='line_1_8' title="bbox 234 1180 2363 1273; baseline -0.002 -17"><span class='ocrx_word' id='word_1_51' title='bbox 234 1188 464 1273; x_wconf 89' lang='lat' dir='ltr'>muit;</span> <span class='ocrx_word' id='word_1_52' title='bbox 496 1199 568 1256; x_wconf 87' lang='lat' dir='ltr'>et</span> <span class='ocrx_word' id='word_1_53' title='bbox 591 1184 1017 1256; x_wconf 80' lang='lat' dir='ltr'><strong>Cornicinus</strong></span> <span class='ocrx_word' id='word_1_54' title='bbox 1036 1180 1126 1254; x_wconf 92' lang='lat' dir='ltr'>ad</span> <span class='ocrx_word' id='word_1_55' title='bbox 1144 1206 1348 1254; x_wconf 88' lang='lat' dir='ltr'>suam</span> <span class='ocrx_word' id='word_1_56' title='bbox 1371 1198 1686 1255; x_wconf 87' lang='lat' dir='ltr'>veterem</span> <span class='ocrx_word' id='word_1_57' title='bbox 1702 1180 2013 1252; x_wconf 85' lang='lat' dir='ltr'>fabulam</span> <span class='ocrx_word' id='word_1_58' title='bbox 2036 1191 2101 1225; x_wconf 76' lang='lat'>²²</span> <span class='ocrx_word' id='word_1_59' title='bbox 2118 1182 2363 1253; x_wconf 90' lang='lat' dir='ltr'>rediit:</span> 
     </span>
     <span class='ocr_line' id='line_1_9' title="bbox 233 1290 2368 1392; baseline -0.002 -27"><span class='ocrx_word' id='word_1_60' title='bbox 233 1295 517 1391; x_wconf 84' lang='lat' dir='ltr'>abjecta</span> <span class='ocrx_word' id='word_1_61' title='bbox 561 1309 766 1391; x_wconf 87' lang='lat' dir='ltr'>toga,</span> <span class='ocrx_word' id='word_1_62' title='bbox 806 1318 883 1365; x_wconf 91' lang='lat' dir='ltr'>se</span> <span class='ocrx_word' id='word_1_63' title='bbox 921 1293 1008 1365; x_wconf 90' lang='lat' dir='ltr'>ad</span> <span class='ocrx_word' id='word_1_64' title='bbox 1050 1295 1295 1392; x_wconf 80' lang='lat' dir='ltr'>generi</span> <span class='ocrx_word' id='word_1_65' title='bbox 1337 1291 1560 1390; x_wconf 90' lang='lat' dir='ltr'>pedes</span> <span class='ocrx_word' id='word_1_66' title='bbox 1606 1290 1881 1388; x_wconf 88' lang='lat' dir='ltr'>abjecit.</span> <span class='ocrx_word' id='word_1_67' title='bbox 1918 1291 2045 1363; x_wconf 86' lang='lat' dir='ltr'>Ille</span> <span class='ocrx_word' id='word_1_68' title='bbox 2082 1307 2368 1364; x_wconf 84' lang='lat' dir='ltr'>noctem</span> 
     </span>
     <span class='ocr_line' id='line_1_10' title="bbox 233 1399 2367 1502; baseline 0 -29"><span class='ocrx_word' id='word_1_69' title='bbox 233 1403 375 1476; x_wconf 87' lang='lat' dir='ltr'>sibi</span> <span class='ocrx_word' id='word_1_70' title='bbox 410 1402 798 1502; x_wconf 78' lang='lat' dir='ltr'>postulavit</span> <span class='ocrx_word' id='word_1_71' title='bbox 847 1430 864 1473; x_wconf 90' lang='lat'>:</span> <span class='ocrx_word' id='word_1_72' title='bbox 915 1423 1068 1472; x_wconf 92' lang='lat' dir='ltr'>non</span> <span class='ocrx_word' id='word_1_73' title='bbox 1117 1399 1633 1474; x_wconf 83' lang='lat' dir='ltr'>concedebant.</span> <span class='ocrx_word' id='word_1_74' title='bbox 1690 1400 2367 1473; x_wconf 89' lang='lat' dir='ltr'>Reminiscebantur</span> 
     </span>
     <span class='ocr_line' id='line_1_11' title="bbox 232 1509 2367 1609; baseline -0.001 -24"><span class='ocrx_word' id='word_1_75' title='bbox 232 1517 434 1585; x_wconf 89' lang='lat' dir='ltr'>enim</span> <span class='ocrx_word' id='word_1_76' title='bbox 484 1512 621 1583; x_wconf 86' lang='lat' dir='ltr'>kal.</span> <span class='ocrx_word' id='word_1_77' title='bbox 671 1513 948 1609; x_wconf 87' lang='lat' dir='ltr'>januar.</span> <span class='ocrx_word' id='word_1_78' title='bbox 977 1509 1043 1555; x_wconf 81' lang='lat'>²³</span> <span class='ocrx_word' id='word_1_79' title='bbox 1099 1515 1227 1584; x_wconf 82' lang='lat' dir='ltr'>Vix</span> <span class='ocrx_word' id='word_1_80' title='bbox 1272 1526 1510 1583; x_wconf 87' lang='lat' dir='ltr'>tamen</span> <span class='ocrx_word' id='word_1_81' title='bbox 1568 1510 1657 1582; x_wconf 94' lang='lat' dir='ltr'>de</span> <span class='ocrx_word' id='word_1_82' title='bbox 1708 1535 1864 1583; x_wconf 88' lang='lat' dir='ltr'>mea</span> <span class='ocrx_word' id='word_1_83' title='bbox 1888 1515 1954 1564; x_wconf 71' lang='lat'>‘³⁴</span> <span class='ocrx_word' id='word_1_84' title='bbox 1993 1513 2367 1583; x_wconf 87' lang='lat' dir='ltr'>voluntate</span> 
     </span>
     <span class='ocr_line' id='line_1_12' title="bbox 230 1620 2368 1695; baseline -0 0"><span class='ocrx_word' id='word_1_85' title='bbox 230 1647 656 1695; x_wconf 89' lang='lat' dir='ltr'>concessum</span> <span class='ocrx_word' id='word_1_86' title='bbox 694 1638 821 1693; x_wconf 89' lang='lat' dir='ltr'>est.</span> <span class='ocrx_word' id='word_1_87' title='bbox 852 1621 1203 1694; x_wconf 88' lang='lat' dir='ltr'>Postridie</span> <span class='ocrx_word' id='word_1_88' title='bbox 1227 1621 1934 1693; x_wconf 85' lang='lat' dir='ltr'>senatusconsultum</span> <span class='ocrx_word' id='word_1_89' title='bbox 1962 1620 2232 1693; x_wconf 87' lang='lat' dir='ltr'>factum</span> <span class='ocrx_word' id='word_1_90' title='bbox 2261 1636 2368 1694; x_wconf 89' lang='lat' dir='ltr'>est</span> 
     </span>
     <span class='ocr_line' id='line_1_13' title="bbox 226 1723 1042 1829; baseline -0.002 -27"><span class='ocrx_word' id='word_1_91' title='bbox 226 1733 342 1820; x_wconf 87' lang='lat' dir='ltr'>id,</span> <span class='ocrx_word' id='word_1_92' title='bbox 393 1733 595 1829; x_wconf 92' lang='lat' dir='ltr'>quod</span> <span class='ocrx_word' id='word_1_93' title='bbox 632 1732 723 1803; x_wconf 86' lang='lat' dir='ltr'>ad</span> <span class='ocrx_word' id='word_1_94' title='bbox 753 1747 824 1802; x_wconf 91' lang='lat' dir='ltr'>te</span> <span class='ocrx_word' id='word_1_95' title='bbox 860 1723 1042 1801; x_wconf 89' lang='lat' dir='ltr'>misi.</span> 
     </span>
    </p>

    <p class='ocr_par' dir='ltr' id='par_1_3' title="bbox 218 1837 2373 2373">
     <span class='ocr_line' id='line_1_14' title="bbox 328 1837 2372 1939; baseline 0 -27"><span class='ocrx_word' id='word_1_96' title='bbox 328 1840 619 1912; x_wconf 87' lang='lat' dir='ltr'>Deinde</span> <span class='ocrx_word' id='word_1_97' title='bbox 634 1840 968 1911; x_wconf 92' lang='lat' dir='ltr'>consules</span> <span class='ocrx_word' id='word_1_98' title='bbox 988 1841 1347 1939; x_wconf 86' lang='lat' dir='ltr'>porticum</span> <span class='ocrx_word' id='word_1_99' title='bbox 1377 1839 1612 1911; x_wconf 89' lang='lat' dir='ltr'>Catuli</span> <span class='ocrx_word' id='word_1_100' title='bbox 1639 1837 2153 1912; x_wconf 83' lang='lat' dir='ltr'>restituendam</span> <span class='ocrx_word' id='word_1_101' title='bbox 2185 1840 2372 1912; x_wconf 87' lang='lat' dir='ltr'>loca·</span> 
     </span>
     <span class='ocr_line' id='line_1_15' title="bbox 221 1940 2373 2047; baseline -0 -25"><span class='ocrx_word' id='word_1_102' title='bbox 221 1940 412 2023; x_wconf 81' lang='lat' dir='ltr'>runt</span> <span class='ocrx_word' id='word_1_103' title='bbox 438 1951 667 2023; x_wconf 86' lang='lat' dir='ltr'>:illam</span> <span class='ocrx_word' id='word_1_104' title='bbox 689 1951 1048 2047; x_wconf 89' lang='lat' dir='ltr'>porticum</span> <span class='ocrx_word' id='word_1_105' title='bbox 1063 1947 1127 1993; x_wconf 78' lang='lat'>²⁵</span> <span class='ocrx_word' id='word_1_106' title='bbox 1151 1948 1650 2047; x_wconf 86' lang='lat' dir='ltr'>redemptores</span> <span class='ocrx_word' id='word_1_107' title='bbox 1674 1951 1908 2021; x_wconf 87' lang='lat' dir='ltr'>statim</span> <span class='ocrx_word' id='word_1_108' title='bbox 1939 1964 2110 2020; x_wconf 90' lang='lat' dir='ltr'>sunt</span> <span class='ocrx_word' id='word_1_109' title='bbox 2137 1948 2373 2021; x_wconf 91' lang='lat' dir='ltr'>demo-</span> 
     </span>
     <span class='ocr_line' id='line_1_16' title="bbox 220 2054 2372 2155; baseline -0.002 -23"><span class='ocrx_word' id='word_1_110' title='bbox 220 2064 342 2132; x_wconf 87' lang='lat' dir='ltr'>liti</span> <span class='ocrx_word' id='word_1_111' title='bbox 395 2058 884 2129; x_wconf 87' lang='lat' dir='ltr'>libentissimis</span> <span class='ocrx_word' id='word_1_112' title='bbox 927 2055 1285 2128; x_wconf 88' lang='lat' dir='ltr'>omnibus.</span> <span class='ocrx_word' id='word_1_113' title='bbox 1334 2054 1564 2128; x_wconf 89' lang='lat' dir='ltr'>Nobis</span> <span class='ocrx_word' id='word_1_114' title='bbox 1612 2056 2061 2155; x_wconf 88' lang='lat' dir='ltr'>superficiem</span> <span class='ocrx_word' id='word_1_115' title='bbox 2111 2058 2372 2128; x_wconf 83' lang='lat' dir='ltr'>aedium</span> 
     </span>
     <span class='ocr_line' id='line_1_17' title="bbox 220 2164 2371 2250; baseline -0 -11"><span class='ocrx_word' id='word_1_116' title='bbox 220 2167 575 2239; x_wconf 86' lang='lat' dir='ltr'>consules</span> <span class='ocrx_word' id='word_1_117' title='bbox 595 2165 682 2236; x_wconf 93' lang='lat' dir='ltr'>de</span> <span class='ocrx_word' id='word_1_118' title='bbox 703 2166 984 2236; x_wconf 90' lang='lat' dir='ltr'>consilii</span> <span class='ocrx_word' id='word_1_119' title='bbox 1004 2169 1356 2237; x_wconf 86' lang='lat' dir='ltr'>sententia</span> <span class='ocrx_word' id='word_1_120' title='bbox 1392 2169 1836 2237; x_wconf 83' lang='lat' dir='ltr'>aestimarunt</span> <span class='ocrx_word' id='word_1_121' title='bbox 1859 2171 2007 2237; x_wconf 90' lang='lat' dir='ltr'>H-S</span> <span class='ocrx_word' id='word_1_122' title='bbox 2023 2164 2089 2210; x_wconf 76' lang='lat'>²⁶</span> <span class='ocrx_word' id='word_1_123' title='bbox 2116 2169 2329 2239; x_wconf 86' lang='lat' dir='ltr'>vicies</span> <span class='ocrx_word' id='word_1_124' title='bbox 2352 2194 2371 2250; x_wconf 74' lang='grc' dir='ltr'><strong>ς</strong></span> 
     </span>
     <span class='ocr_line' id='line_1_18' title="bbox 218 2263 2373 2373; baseline -0.001 -23"><span class='ocrx_word' id='word_1_125' title='bbox 218 2293 482 2350; x_wconf 87' lang='lat' dir='ltr'>cetera</span> <span class='ocrx_word' id='word_1_126' title='bbox 528 2274 733 2347; x_wconf 87' lang='lat' dir='ltr'>valde</span> <span class='ocrx_word' id='word_1_127' title='bbox 796 2263 1234 2345; x_wconf 82' lang='lat' dir='ltr'>illiberaliter</span> <span class='ocrx_word' id='word_1_128' title='bbox 1286 2299 1304 2344; x_wconf 75' lang='lat' dir='ltr'>t</span> <span class='ocrx_word' id='word_1_129' title='bbox 1343 2274 1819 2345; x_wconf 86' lang='lat' dir='ltr'>Tusculanam</span> <span class='ocrx_word' id='word_1_130' title='bbox 1872 2274 2110 2344; x_wconf 86' lang='lat' dir='ltr'>villam</span> <span class='ocrx_word' id='word_1_131' title='bbox 2161 2278 2373 2373; x_wconf 89' lang='lat' dir='ltr'>quin-</span> 
     </span>
    </p>
   </div>
   <div class='ocr_carea' id='block_1_3' title="bbox 210 2521 1259 2839">
    <p class='ocr_par' dir='ltr' id='par_1_4' title="bbox 210 2521 1259 2839">
     <span class='ocr_line' id='line_1_19' title="bbox 297 2521 1258 2600; baseline -0.003 -14"><span class='ocrx_word' id='word_1_132' title='bbox 297 2521 390 2600; x_wconf 36' lang='lat'>1&#39;9.</span> <span class='ocrx_word' id='word_1_133' title='bbox 453 2533 663 2600; x_wconf 62' lang='lat' dir='ltr'>Referre.</span> <span class='ocrx_word' id='word_1_134' title='bbox 711 2537 850 2584; x_wconf 84' lang='lat' dir='ltr'>Esset</span> <span class='ocrx_word' id='word_1_135' title='bbox 902 2535 1182 2583; x_wconf 71' lang='lat' dir='ltr'>intercessio</span> <span class='ocrx_word' id='word_1_136' title='bbox 1230 2551 1258 2583; x_wconf 78' lang='lat' dir='ltr'>s</span> 
     </span>
     <span class='ocr_line' id='line_1_20' title="bbox 213 2614 1259 2683; baseline -0.006 -17"><span class='ocrx_word' id='word_1_137' title='bbox 213 2616 485 2683; x_wconf 74' lang='lat' dir='ltr'>republica</span> <span class='ocrx_word' id='word_1_138' title='bbox 502 2649 517 2673; x_wconf 90' lang='lat'>‚</span> <span class='ocrx_word' id='word_1_139' title='bbox 558 2630 726 2663; x_wconf 88' lang='lat' dir='ltr'>necne.</span> <span class='ocrx_word' id='word_1_140' title='bbox 776 2616 941 2677; x_wconf 90' lang='lat' dir='ltr'>Quum</span> <span class='ocrx_word' id='word_1_141' title='bbox 988 2614 1120 2663; x_wconf 87' lang='lat' dir='ltr'>enim</span> <span class='ocrx_word' id='word_1_142' title='bbox 1155 2628 1259 2661; x_wconf 88' lang='lat' dir='ltr'>non</span> 
     </span>
     <span class='ocr_line' id='line_1_21' title="bbox 210 2693 1257 2758; baseline -0.005 -13"><span class='ocrx_word' id='word_1_143' title='bbox 210 2713 326 2745; x_wconf 82' lang='lat' dir='ltr'>esse</span> <span class='ocrx_word' id='word_1_144' title='bbox 363 2694 632 2753; x_wconf 72' lang='lat' dir='ltr'>statuitur,</span> <span class='ocrx_word' id='word_1_145' title='bbox 666 2693 768 2758; x_wconf 76' lang='lat' dir='ltr'>agit</span> <span class='ocrx_word' id='word_1_146' title='bbox 804 2704 999 2741; x_wconf 76' lang='lat' dir='ltr'>senatus</span> <span class='ocrx_word' id='word_1_147' title='bbox 1024 2708 1137 2740; x_wconf 87' lang='lat' dir='ltr'>cum</span> <span class='ocrx_word' id='word_1_148' title='bbox 1168 2708 1257 2751; x_wconf 91' lang='lat' dir='ltr'>eo,</span> 
     </span>
     <span class='ocr_line' id='line_1_22' title="bbox 211 2772 1255 2839; baseline -0.002 -16"><span class='ocrx_word' id='word_1_149' title='bbox 211 2778 307 2839; x_wconf 86' lang='lat' dir='ltr'>qui</span> <span class='ocrx_word' id='word_1_150' title='bbox 332 2773 645 2834; x_wconf 69' lang='lat' dir='ltr'>intercessit,</span> <span class='ocrx_word' id='word_1_151' title='bbox 668 2783 725 2820; x_wconf 86' lang='lat' dir='ltr'>ut</span> <span class='ocrx_word' id='word_1_152' title='bbox 741 2772 938 2821; x_wconf 74' lang='lat' dir='ltr'>tollatur</span> <span class='ocrx_word' id='word_1_153' title='bbox 960 2772 1255 2821; x_wconf 80' lang='lat' dir='ltr'>intercessio.</span> 
     </span>
    </p>
   </div>
   <div class='ocr_carea' id='block_1_4' title="bbox 209 2856 1258 2980">
    <p class='ocr_par' dir='ltr' id='par_1_5' title="bbox 209 2856 1258 2980">
     <span class='ocr_line' id='line_1_23' title="bbox 209 2856 367 2904; baseline 0.006 -1"><span class='ocrx_word' id='word_1_154' title='bbox 209 2856 367 2904; x_wconf 63' lang='lat' dir='ltr'>Mne.</span> 
     </span>
     <span class='ocr_line' id='line_1_24' title="bbox 287 2910 1258 2980; baseline -0.005 1"><span class='ocrx_word' id='word_1_155' title='bbox 287 2949 385 2980; x_wconf 76' lang='lat'>20.</span> <span class='ocrx_word' id='word_1_156' title='bbox 416 2928 797 2978; x_wconf 73' lang='lat' dir='ltr'>Auctoritatem.</span> <span class='ocrx_word' id='word_1_157' title='bbox 822 2930 938 2977; x_wconf 83' lang='lat' dir='ltr'>Non</span> <span class='ocrx_word' id='word_1_158' title='bbox 956 2910 1085 2976; x_wconf 89' lang='lat' dir='ltr'>enim</span> <span class='ocrx_word' id='word_1_159' title='bbox 1103 2930 1258 2976; x_wconf 75' lang='lat' dir='ltr'>fuerat</span> 
     </span>
    </p>
   </div>
   <div class='ocr_carea' id='block_1_5' title="bbox 182 3007 1258 4181">
    <p class='ocr_par' dir='ltr' id='par_1_6' title="bbox 205 3007 1252 3139">
     <span class='ocr_line' id='line_1_25' title="bbox 205 3007 1252 3064; baseline -0.006 -5"><span class='ocrx_word' id='word_1_160' title='bbox 205 3008 723 3059; x_wconf 78' lang='lat' dir='ltr'>senatusconsultum.</span> <span class='ocrx_word' id='word_1_161' title='bbox 747 3008 865 3056; x_wconf 79' lang='lat' dir='ltr'>vid.</span> <span class='ocrx_word' id='word_1_162' title='bbox 881 3007 946 3056; x_wconf 76' lang='lat' dir='ltr'>sd</span> <span class='ocrx_word' id='word_1_163' title='bbox 964 3009 1079 3057; x_wconf 82' lang='lat' dir='ltr'>Div.</span> <span class='ocrx_word' id='word_1_164' title='bbox 1100 3009 1221 3057; x_wconf 82' lang='lat' dir='ltr'>VIII</span> <span class='ocrx_word' id='word_1_165' title='bbox 1237 3043 1252 3064; x_wconf 85' lang='lat'>,</span> 
     </span>
     <span class='ocr_line' id='line_1_26' title="bbox 208 3092 1121 3139; baseline -0.002 0"><span class='ocrx_word' id='word_1_166' title='bbox 208 3093 264 3139; x_wconf 83' lang='lat'>8.</span> <span class='ocrx_word' id='word_1_167' title='bbox 295 3092 402 3138; x_wconf 83' lang='lat' dir='ltr'>En.</span> <span class='ocrx_word' id='word_1_168' title='bbox 1116 3132 1121 3137; x_wconf 95' lang='lat'>.</span> 
     </span>
    </p>

    <p class='ocr_par' dir='ltr' id='par_1_7' title="bbox 199 3164 1258 3380">
     <span class='ocr_line' id='line_1_27' title="bbox 282 3164 1258 3231; baseline -0.008 -14"><span class='ocrx_word' id='word_1_169' title='bbox 282 3185 376 3217; x_wconf 68' lang='grc' dir='ltr'>οι.</span> <span class='ocrx_word' id='word_1_170' title='bbox 414 3167 478 3215; x_wconf 80' lang='lat' dir='ltr'>Si</span> <span class='ocrx_word' id='word_1_171' title='bbox 506 3183 624 3231; x_wconf 84' lang='lat' dir='ltr'>quae</span> <span class='ocrx_word' id='word_1_172' title='bbox 647 3164 740 3214; x_wconf 78' lang='lat' dir='ltr'>vis.</span> <span class='ocrx_word' id='word_1_173' title='bbox 770 3167 885 3227; x_wconf 87' lang='lat' dir='ltr'>Quo</span> <span class='ocrx_word' id='word_1_174' title='bbox 911 3164 1071 3213; x_wconf 87' lang='lat' dir='ltr'>minus</span> <span class='ocrx_word' id='word_1_175' title='bbox 1094 3175 1258 3227; x_wconf 81' lang='lat' dir='ltr'>posset</span> 
     </span>
     <span class='ocr_line' id='line_1_28' title="bbox 200 3243 1258 3308; baseline -0.008 -9"><span class='ocrx_word' id='word_1_176' title='bbox 200 3249 483 3300; x_wconf 82' lang='lat' dir='ltr'>Ciceronis</span> <span class='ocrx_word' id='word_1_177' title='bbox 520 3246 723 3305; x_wconf 85' lang='lat' dir='ltr'>domus,</span> <span class='ocrx_word' id='word_1_178' title='bbox 753 3243 1009 3308; x_wconf 81' lang='lat' dir='ltr'>Catuliqne</span> <span class='ocrx_word' id='word_1_179' title='bbox 1035 3244 1258 3306; x_wconf 81' lang='lat' dir='ltr'>porticus</span> 
     </span>
     <span class='ocr_line' id='line_1_29' title="bbox 199 3327 972 3380; baseline -0.014 -3"><span class='ocrx_word' id='word_1_180' title='bbox 199 3329 425 3377; x_wconf 82' lang='lat' dir='ltr'>restitui.</span> <span class='ocrx_word' id='word_1_181' title='bbox 462 3327 626 3374; x_wconf 57' lang='lat' dir='ltr'>Man.</span> <span class='ocrx_word' id='word_1_182' title='bbox 956 3365 972 3380; x_wconf 70' lang='lat'>‚</span> 
     </span>
    </p>

    <p class='ocr_par' dir='ltr' id='par_1_8' title="bbox 182 3400 1258 4181">
     <span class='ocr_line' id='line_1_30' title="bbox 274 3400 1257 3457; baseline -0.01 0"><span class='ocrx_word' id='word_1_183' title='bbox 274 3425 367 3457; x_wconf 76' lang='lat'>22.</span> <span class='ocrx_word' id='word_1_184' title='bbox 419 3402 724 3455; x_wconf 77' lang='lat' dir='ltr'>Cornicinus</span> <span class='ocrx_word' id='word_1_185' title='bbox 760 3400 834 3449; x_wconf 81' lang='lat' dir='ltr'>ad</span> <span class='ocrx_word' id='word_1_186' title='bbox 862 3416 1003 3448; x_wconf 79' lang='lat' dir='ltr'>suam</span> <span class='ocrx_word' id='word_1_187' title='bbox 1044 3410 1257 3447; x_wconf 75' lang='lat' dir='ltr'>veterem</span> 
     </span>
     <span class='ocr_line' id='line_1_31' title="bbox 182 3475 1256 3551; baseline -0.011 -16"><span class='ocrx_word' id='word_1_188' title='bbox 182 3485 444 3551; x_wconf 81' lang='lat' dir='ltr'>fabulam</span> <span class='ocrx_word' id='word_1_189' title='bbox 466 3482 639 3531; x_wconf 77' lang='lat' dir='ltr'>rediit.</span> <span class='ocrx_word' id='word_1_190' title='bbox 654 3482 744 3530; x_wconf 89' lang='lat' dir='ltr'>Cn.</span> <span class='ocrx_word' id='word_1_191' title='bbox 764 3479 981 3542; x_wconf 85' lang='lat' dir='ltr'>Oppium</span> <span class='ocrx_word' id='word_1_192' title='bbox 997 3475 1256 3541; x_wconf 77' lang='lat' dir='ltr'>significat.</span> 
     </span>
     <span class='ocr_line' id='line_1_32' title="bbox 200 3558 1258 3623; baseline -0.01 -10"><span class='ocrx_word' id='word_1_193' title='bbox 200 3567 336 3613; x_wconf 75' lang='lat' dir='ltr'>Nam</span> <span class='ocrx_word' id='word_1_194' title='bbox 374 3562 640 3613; x_wconf 82' lang='lat' dir='ltr'>Cornicen</span> <span class='ocrx_word' id='word_1_195' title='bbox 674 3558 950 3623; x_wconf 84' lang='lat' dir='ltr'>Oppiorum</span> <span class='ocrx_word' id='word_1_196' title='bbox 986 3571 1258 3621; x_wconf 81' lang='lat' dir='ltr'>cognomen</span> 
     </span>
     <span class='ocr_line' id='line_1_33' title="bbox 202 3634 1256 3704; baseline -0.008 -15"><span class='ocrx_word' id='word_1_197' title='bbox 202 3644 301 3691; x_wconf 74' lang='lat' dir='ltr'>snit</span> <span class='ocrx_word' id='word_1_198' title='bbox 324 3662 339 3693; x_wconf 91' lang='lat'>:</span> <span class='ocrx_word' id='word_1_199' title='bbox 367 3653 428 3690; x_wconf 84' lang='lat' dir='ltr'>nt</span> <span class='ocrx_word' id='word_1_200' title='bbox 455 3638 605 3704; x_wconf 86' lang='lat' dir='ltr'>apud</span> <span class='ocrx_word' id='word_1_201' title='bbox 631 3639 817 3686; x_wconf 87' lang='lat' dir='ltr'>Livium</span> <span class='ocrx_word' id='word_1_202' title='bbox 843 3635 931 3683; x_wconf 88' lang='lat' dir='ltr'>lib.</span> <span class='ocrx_word' id='word_1_203' title='bbox 958 3637 1048 3684; x_wconf 92' lang='lat'>111.</span> <span class='ocrx_word' id='word_1_204' title='bbox 1075 3634 1256 3682; x_wconf 81' lang='lat' dir='ltr'>Adve-</span> 
     </span>
     <span class='ocr_line' id='line_1_34' title="bbox 198 3714 1256 3781; baseline -0.007 -14"><span class='ocrx_word' id='word_1_205' title='bbox 198 3734 361 3768; x_wconf 81' lang='lat' dir='ltr'>eerem</span> <span class='ocrx_word' id='word_1_206' title='bbox 380 3716 802 3781; x_wconf 81' lang='lat' dir='ltr'>autemfabulam</span> <span class='ocrx_word' id='word_1_207' title='bbox 819 3715 933 3763; x_wconf 85' lang='lat' dir='ltr'>ideo</span> <span class='ocrx_word' id='word_1_208' title='bbox 953 3714 1097 3771; x_wconf 84' lang='lat' dir='ltr'>dicit,</span> <span class='ocrx_word' id='word_1_209' title='bbox 1120 3714 1256 3777; x_wconf 84' lang='lat' dir='ltr'>quod</span> 
     </span>
     <span class='ocr_line' id='line_1_35' title="bbox 194 3793 1255 3858; baseline -0.009 -9"><span class='ocrx_word' id='word_1_210' title='bbox 194 3802 351 3849; x_wconf 80' lang='lat' dir='ltr'>etiam</span> <span class='ocrx_word' id='word_1_211' title='bbox 376 3810 539 3847; x_wconf 79' lang='lat' dir='ltr'>antea</span> <span class='ocrx_word' id='word_1_212' title='bbox 565 3793 695 3841; x_wconf 81' lang='lat' dir='ltr'>idern</span> <span class='ocrx_word' id='word_1_213' title='bbox 722 3794 914 3858; x_wconf 85' lang='lat' dir='ltr'>Oppius</span> <span class='ocrx_word' id='word_1_214' title='bbox 936 3793 1069 3840; x_wconf 88' lang='lat' dir='ltr'>hunc</span> <span class='ocrx_word' id='word_1_215' title='bbox 1096 3794 1255 3856; x_wconf 82' lang='lat' dir='ltr'>ipsum</span> 
     </span>
     <span class='ocr_line' id='line_1_36' title="bbox 194 3871 1249 3944; baseline -0.009 -16"><span class='ocrx_word' id='word_1_216' title='bbox 194 3895 447 3944; x_wconf 82' lang='lat' dir='ltr'>generum</span> <span class='ocrx_word' id='word_1_217' title='bbox 497 3889 649 3924; x_wconf 86' lang='lat' dir='ltr'>snum</span> <span class='ocrx_word' id='word_1_218' title='bbox 666 3908 681 3930; x_wconf 91' lang='lat'>‚</span> <span class='ocrx_word' id='word_1_219' title='bbox 725 3871 944 3920; x_wconf 76' lang='lat' dir='ltr'>kalendis</span> <span class='ocrx_word' id='word_1_220' title='bbox 986 3872 1249 3933; x_wconf 77' lang='lat' dir='ltr'>januariis,</span> 
     </span>
     <span class='ocr_line' id='line_1_37' title="bbox 193 3950 1255 4023; baseline -0.009 -17"><span class='ocrx_word' id='word_1_221' title='bbox 193 3974 305 4023; x_wconf 88' lang='lat' dir='ltr'>quo</span> <span class='ocrx_word' id='word_1_222' title='bbox 340 3957 428 4004; x_wconf 85' lang='lat' dir='ltr'>die</span> <span class='ocrx_word' id='word_1_223' title='bbox 470 3957 536 4002; x_wconf 83' lang='lat' dir='ltr'>P.</span> <span class='ocrx_word' id='word_1_224' title='bbox 578 3951 811 3999; x_wconf 81' lang='lat' dir='ltr'>Lentulus</span> <span class='ocrx_word' id='word_1_225' title='bbox 849 3966 953 3999; x_wconf 78' lang='lat' dir='ltr'>cos.</span> <span class='ocrx_word' id='word_1_226' title='bbox 993 3950 1157 3999; x_wconf 87' lang='lat' dir='ltr'>retulit</span> <span class='ocrx_word' id='word_1_227' title='bbox 1193 3950 1255 3997; x_wconf 84' lang='lat' dir='ltr'>de</span> 
     </span>
     <span class='ocr_line' id='line_1_38' title="bbox 193 4028 1254 4088; baseline -0.007 -4"><span class='ocrx_word' id='word_1_228' title='bbox 193 4037 537 4084; x_wconf 81' lang='lat' dir='ltr'>restitutione</span> <span class='ocrx_word' id='word_1_229' title='bbox 569 4028 854 4088; x_wconf 86' lang='lat' dir='ltr'>Ciceronis,</span> <span class='ocrx_word' id='word_1_230' title='bbox 878 4030 1254 4077; x_wconf 82' lang='lat' dir='ltr'>intercedentem</span> 
     </span>
     <span class='ocr_line' id='line_1_39' title="bbox 192 4110 1249 4181; baseline -0.006 -18"><span class='ocrx_word' id='word_1_231' title='bbox 192 4117 517 4181; x_wconf 80' lang='lat' dir='ltr'>suppliciter</span> <span class='ocrx_word' id='word_1_232' title='bbox 579 4119 805 4173; x_wconf 75' lang='lat' dir='ltr'>rogarat,</span> <span class='ocrx_word' id='word_1_233' title='bbox 858 4120 913 4156; x_wconf 89' lang='lat' dir='ltr'>ut</span> <span class='ocrx_word' id='word_1_234' title='bbox 963 4110 1210 4158; x_wconf 81' lang='lat' dir='ltr'>desisteret</span> <span class='ocrx_word' id='word_1_235' title='bbox 1236 4125 1249 4157; x_wconf 75' lang='grc' dir='ltr'><strong><em>ε</em></strong></span> 
     </span>
    </p>
   </div>
   <div class='ocr_carea' id='block_1_6' title="bbox 1342 2534 2424 4172">
    <p class='ocr_par' dir='ltr' id='par_1_9' title="bbox 1345 2534 2370 2838">
     <span class='ocr_line' id='line_1_40' title="bbox 1347 2534 2369 2604; baseline 0.006 -22"><span class='ocrx_word' id='word_1_236' title='bbox 1347 2534 1483 2598; x_wconf 88' lang='lat' dir='ltr'>quod</span> <span class='ocrx_word' id='word_1_237' title='bbox 1529 2545 1688 2583; x_wconf 75' lang='lat' dir='ltr'>tamen</span> <span class='ocrx_word' id='word_1_238' title='bbox 1735 2552 1838 2583; x_wconf 91' lang='lat' dir='ltr'>non</span> <span class='ocrx_word' id='word_1_239' title='bbox 1877 2535 2187 2600; x_wconf 81' lang='lat' dir='ltr'>impetravit:</span> <span class='ocrx_word' id='word_1_240' title='bbox 2222 2540 2369 2604; x_wconf 87' lang='lat' dir='ltr'>idque</span> 
     </span>
     <span class='ocr_line' id='line_1_41' title="bbox 1347 2614 2369 2673; baseline 0.006 -11"><span class='ocrx_word' id='word_1_241' title='bbox 1347 2614 1551 2662; x_wconf 88' lang='lat' dir='ltr'>omnino</span> <span class='ocrx_word' id='word_1_242' title='bbox 1584 2628 1741 2662; x_wconf 65' lang='lat' dir='ltr'>causa</span> <span class='ocrx_word' id='word_1_243' title='bbox 1773 2616 1889 2673; x_wconf 79' lang='lat' dir='ltr'>suit,</span> <span class='ocrx_word' id='word_1_244' title='bbox 1923 2617 2075 2663; x_wconf 86' lang='lat' dir='ltr'>serius</span> <span class='ocrx_word' id='word_1_245' title='bbox 2110 2629 2167 2665; x_wconf 88' lang='lat' dir='ltr'>ut</span> <span class='ocrx_word' id='word_1_246' title='bbox 2197 2620 2369 2669; x_wconf 87' lang='lat' dir='ltr'>Cicero</span> 
     </span>
     <span class='ocr_line' id='line_1_42' title="bbox 1345 2682 2370 2761; baseline 0.009 -22"><span class='ocrx_word' id='word_1_247' title='bbox 1345 2682 1694 2741; x_wconf 81' lang='lat' dir='ltr'>restitueretur.</span> <span class='ocrx_word' id='word_1_248' title='bbox 1738 2696 1800 2742; x_wconf 93' lang='lat' dir='ltr'>In</span> <span class='ocrx_word' id='word_1_249' title='bbox 1836 2696 2058 2744; x_wconf 75' lang='lat' dir='ltr'>oratione</span> <span class='ocrx_word' id='word_1_250' title='bbox 2094 2709 2207 2761; x_wconf 81' lang='lat' dir='ltr'>post</span> <span class='ocrx_word' id='word_1_251' title='bbox 2237 2699 2370 2747; x_wconf 84' lang='lat' dir='ltr'>redi·</span> 
     </span>
     <span class='ocr_line' id='line_1_43' title="bbox 1345 2772 2367 2838; baseline 0.01 -18"><span class='ocrx_word' id='word_1_252' title='bbox 1345 2782 1449 2820; x_wconf 89' lang='lat' dir='ltr'>tum</span> <span class='ocrx_word' id='word_1_253' title='bbox 1467 2772 1530 2819; x_wconf 81' lang='lat' dir='ltr'>ad</span> <span class='ocrx_word' id='word_1_254' title='bbox 1551 2772 1792 2835; x_wconf 88' lang='lat' dir='ltr'>Quirites,</span> <span class='ocrx_word' id='word_1_255' title='bbox 1822 2784 1870 2821; x_wconf 87' lang='lat' dir='ltr'>et</span> <span class='ocrx_word' id='word_1_256' title='bbox 1896 2791 1988 2838; x_wconf 88' lang='lat' dir='ltr'>pro</span> <span class='ocrx_word' id='word_1_257' title='bbox 2012 2777 2193 2824; x_wconf 83' lang='lat' dir='ltr'>Sextio.</span> <span class='ocrx_word' id='word_1_258' title='bbox 2212 2780 2367 2830; x_wconf 78' lang='lat' dir='ltr'>Inus.</span> 
     </span>
    </p>

    <p class='ocr_par' dir='ltr' id='par_1_10' title="bbox 1343 2851 2424 3295">
     <span class='ocr_line' id='line_1_44' title="bbox 1418 2851 2368 2915; baseline 0.008 -18"><span class='ocrx_word' id='word_1_259' title='bbox 1418 2853 1503 2899; x_wconf 76' lang='lat'>23.</span> <span class='ocrx_word' id='word_1_260' title='bbox 1556 2852 1673 2899; x_wconf 70' lang='lat' dir='ltr'>Kal.</span> <span class='ocrx_word' id='word_1_261' title='bbox 1703 2851 1815 2915; x_wconf 80' lang='lat' dir='ltr'>jan.</span> <span class='ocrx_word' id='word_1_262' title='bbox 1861 2854 1976 2915; x_wconf 91' lang='lat' dir='ltr'>Quo</span> <span class='ocrx_word' id='word_1_263' title='bbox 2017 2853 2121 2915; x_wconf 84' lang='lat' dir='ltr'>die,</span> <span class='ocrx_word' id='word_1_264' title='bbox 2163 2856 2368 2906; x_wconf 86' lang='lat' dir='ltr'>Lentulo</span> 
     </span>
     <span class='ocr_line' id='line_1_45' title="bbox 1346 2928 2424 2990; baseline 0.008 -14"><span class='ocrx_word' id='word_1_265' title='bbox 1346 2928 1583 2976; x_wconf 82' lang='lat' dir='ltr'>referente</span> <span class='ocrx_word' id='word_1_266' title='bbox 1597 2964 1612 2990; x_wconf 84' lang='lat'>,</span> <span class='ocrx_word' id='word_1_267' title='bbox 1625 2930 1855 2977; x_wconf 77' lang='lat' dir='ltr'>Semnus</span> <span class='ocrx_word' id='word_1_268' title='bbox 1867 2930 1993 2979; x_wconf 88' lang='lat' dir='ltr'>idem</span> <span class='ocrx_word' id='word_1_269' title='bbox 2009 2932 2366 2985; x_wconf 76' lang='lat' dir='ltr'>intercesserat:</span> <span class='ocrx_word' id='word_1_270' title='bbox 2421 2936 2424 2943; x_wconf 84' lang='lat'>&#39;</span> 
     </span>
     <span class='ocr_line' id='line_1_46' title="bbox 1346 3009 2370 3072; baseline 0.005 -16"><span class='ocrx_word' id='word_1_271' title='bbox 1346 3017 1395 3056; x_wconf 87' lang='lat' dir='ltr'>et</span> <span class='ocrx_word' id='word_1_272' title='bbox 1427 3018 1672 3071; x_wconf 73' lang='lat' dir='ltr'>tamqnam</span> <span class='ocrx_word' id='word_1_273' title='bbox 1709 3009 1864 3069; x_wconf 77' lang='lat' dir='ltr'>soceri</span> <span class='ocrx_word' id='word_1_274' title='bbox 1899 3011 2125 3072; x_wconf 83' lang='lat' dir='ltr'>precibus</span> <span class='ocrx_word' id='word_1_275' title='bbox 2153 3026 2370 3061; x_wconf 84' lang='lat' dir='ltr'>commo-</span> 
     </span>
     <span class='ocr_line' id='line_1_47' title="bbox 1344 3086 2363 3155; baseline 0.005 -20"><span class='ocrx_word' id='word_1_276' title='bbox 1344 3096 1449 3146; x_wconf 88' lang='lat' dir='ltr'>tus,</span> <span class='ocrx_word' id='word_1_277' title='bbox 1472 3102 1621 3149; x_wconf 87' lang='lat' dir='ltr'>quum</span> <span class='ocrx_word' id='word_1_278' title='bbox 1641 3086 1706 3134; x_wconf 76' lang='lat' dir='ltr'>ad</span> <span class='ocrx_word' id='word_1_279' title='bbox 1725 3086 2085 3136; x_wconf 80' lang='lat' dir='ltr'>deliberandum</span> <span class='ocrx_word' id='word_1_280' title='bbox 2109 3100 2211 3137; x_wconf 87' lang='lat' dir='ltr'>tum</span> <span class='ocrx_word' id='word_1_281' title='bbox 2235 3108 2363 3155; x_wconf 88' lang='lat' dir='ltr'>quo·</span> 
     </span>
     <span class='ocr_line' id='line_1_48' title="bbox 1344 3166 2364 3231; baseline 0.009 -20"><span class='ocrx_word' id='word_1_282' title='bbox 1344 3181 1440 3228; x_wconf 86' lang='lat' dir='ltr'>que</span> <span class='ocrx_word' id='word_1_283' title='bbox 1458 3176 1653 3212; x_wconf 87' lang='lat' dir='ltr'>noctem</span> <span class='ocrx_word' id='word_1_284' title='bbox 1681 3166 1992 3229; x_wconf 77' lang='lat' dir='ltr'>postulasset,</span> <span class='ocrx_word' id='word_1_285' title='bbox 2019 3178 2188 3231; x_wconf 70' lang='lat' dir='ltr'>postes</span> <span class='ocrx_word' id='word_1_286' title='bbox 2205 3180 2364 3220; x_wconf 67' lang='lat' dir='ltr'>tamen</span> 
     </span>
     <span class='ocr_line' id='line_1_49' title="bbox 1343 3243 2233 3295; baseline 0.006 -5"><span class='ocrx_word' id='word_1_287' title='bbox 1343 3243 1737 3291; x_wconf 81' lang='lat' dir='ltr'>intercessionem</span> <span class='ocrx_word' id='word_1_288' title='bbox 1758 3259 1858 3291; x_wconf 89' lang='lat' dir='ltr'>non</span> <span class='ocrx_word' id='word_1_289' title='bbox 1880 3244 2058 3293; x_wconf 88' lang='lat' dir='ltr'>omisit.</span> <span class='ocrx_word' id='word_1_290' title='bbox 2084 3249 2233 3295; x_wconf 66' lang='lat' dir='ltr'>Inui.</span> 
     </span>
    </p>

    <p class='ocr_par' dir='ltr' id='par_1_11' title="bbox 1415 3321 2254 3382">
     <span class='ocr_line' id='line_1_50' title="bbox 1415 3321 2254 3382; baseline 0.007 -13"><span class='ocrx_word' id='word_1_291' title='bbox 1415 3331 1501 3377; x_wconf 73' lang='lat'>²4·</span> <span class='ocrx_word' id='word_1_292' title='bbox 1530 3323 1662 3382; x_wconf 80' lang='lat' dir='ltr'>Alii,</span> <span class='ocrx_word' id='word_1_293' title='bbox 1685 3321 1841 3373; x_wconf 79' lang='lat' dir='ltr'>sibid.</span> <span class='ocrx_word' id='word_1_294' title='bbox 1862 3340 1926 3373; x_wconf 84' lang='lat' dir='ltr'>m.</span> <span class='ocrx_word' id='word_1_295' title='bbox 1945 3340 2001 3374; x_wconf 79' lang='lat' dir='ltr'>v.</span> <span class='ocrx_word' id='word_1_296' title='bbox 2029 3325 2076 3373; x_wconf 84' lang='lat' dir='ltr'>J.</span> <span class='ocrx_word' id='word_1_297' title='bbox 2098 3327 2164 3374; x_wconf 70' lang='lat' dir='ltr'>V.</span> <span class='ocrx_word' id='word_1_298' title='bbox 2197 3329 2254 3375; x_wconf 90' lang='lat' dir='ltr'>L.</span> 
     </span>
    </p>

    <p class='ocr_par' dir='ltr' id='par_1_12' title="bbox 1342 3400 2369 4095">
     <span class='ocr_line' id='line_1_51' title="bbox 1417 3400 2369 3467; baseline 0.009 -21"><span class='ocrx_word' id='word_1_299' title='bbox 1417 3401 1500 3447; x_wconf 81' lang='lat'>25.</span> <span class='ocrx_word' id='word_1_300' title='bbox 1539 3400 1682 3447; x_wconf 81' lang='lat' dir='ltr'>Illam</span> <span class='ocrx_word' id='word_1_301' title='bbox 1709 3401 1967 3464; x_wconf 80' lang='lat' dir='ltr'>porticum.</span> <span class='ocrx_word' id='word_1_302' title='bbox 2006 3403 2130 3465; x_wconf 78' lang='lat' dir='ltr'>Quae</span> <span class='ocrx_word' id='word_1_303' title='bbox 2163 3405 2243 3452; x_wconf 72' lang='lat' dir='ltr'>itta</span> <span class='ocrx_word' id='word_1_304' title='bbox 2272 3408 2369 3467; x_wconf 87' lang='lat' dir='ltr'>sit,</span> 
     </span>
     <span class='ocr_line' id='line_1_52' title="bbox 1345 3479 2365 3549; baseline 0.01 -25"><span class='ocrx_word' id='word_1_305' title='bbox 1345 3479 1526 3525; x_wconf 85' lang='lat' dir='ltr'>nescio.</span> <span class='ocrx_word' id='word_1_306' title='bbox 1569 3479 1783 3527; x_wconf 72' lang='lat' dir='ltr'>Libertas</span> <span class='ocrx_word' id='word_1_307' title='bbox 1819 3496 1922 3528; x_wconf 91' lang='lat' dir='ltr'>non</span> <span class='ocrx_word' id='word_1_308' title='bbox 1961 3481 2170 3531; x_wconf 75' lang='lat' dir='ltr'>habebat</span> <span class='ocrx_word' id='word_1_309' title='bbox 2213 3487 2365 3549; x_wconf 85' lang='lat' dir='ltr'>porti·</span> 
     </span>
     <span class='ocr_line' id='line_1_53' title="bbox 1346 3557 2364 3624; baseline 0.008 -20"><span class='ocrx_word' id='word_1_310' title='bbox 1346 3574 1456 3604; x_wconf 89' lang='lat' dir='ltr'>cum</span> <span class='ocrx_word' id='word_1_311' title='bbox 1469 3593 1483 3616; x_wconf 86' lang='lat'>,</span> <span class='ocrx_word' id='word_1_312' title='bbox 1499 3558 1585 3605; x_wconf 85' lang='lat' dir='ltr'>sed</span> <span class='ocrx_word' id='word_1_313' title='bbox 1603 3557 1863 3621; x_wconf 84' lang='lat' dir='ltr'>legendum</span> <span class='ocrx_word' id='word_1_314' title='bbox 1882 3569 2006 3624; x_wconf 87' lang='lat' dir='ltr'>puto</span> <span class='ocrx_word' id='word_1_315' title='bbox 2018 3575 2111 3623; x_wconf 89' lang='lat' dir='ltr'>pro</span> <span class='ocrx_word' id='word_1_316' title='bbox 2115 3561 2364 3624; x_wconf 76' lang='lat' dir='ltr'>porticum</span> 
     </span>
     <span class='ocr_line' id='line_1_54' title="bbox 1344 3632 2362 3707; baseline 0.007 -22"><span class='ocrx_word' id='word_1_317' title='bbox 1344 3634 1513 3703; x_wconf 79' lang='grc' dir='ltr'>πόρνην</span> <span class='ocrx_word' id='word_1_318' title='bbox 1527 3673 1541 3695; x_wconf 93' lang='grc'><strong>,</strong></span> <span class='ocrx_word' id='word_1_319' title='bbox 1567 3637 1640 3684; x_wconf 84' lang='lat' dir='ltr'>vel</span> <span class='ocrx_word' id='word_1_320' title='bbox 1661 3632 1919 3703; x_wconf 77' lang='grc' dir='ltr'><strong>πορνίδιον.</strong></span> <span class='ocrx_word' id='word_1_321' title='bbox 1944 3637 2102 3699; x_wconf 76' lang='lat' dir='ltr'>Quam</span> <span class='ocrx_word' id='word_1_322' title='bbox 2122 3642 2249 3689; x_wconf 81' lang='lat' dir='ltr'>enim</span> <span class='ocrx_word' id='word_1_323' title='bbox 2272 3659 2362 3707; x_wconf 87' lang='lat' dir='ltr'>pro</span> 
     </span>
     <span class='ocr_line' id='line_1_55' title="bbox 1343 3716 2367 3781; baseline 0.009 -18"><span class='ocrx_word' id='word_1_324' title='bbox 1343 3726 1497 3764; x_wconf 78' lang='lat' dir='ltr'>statua</span> <span class='ocrx_word' id='word_1_325' title='bbox 1518 3716 1770 3764; x_wconf 81' lang='lat' dir='ltr'>Libertatis</span> <span class='ocrx_word' id='word_1_326' title='bbox 1787 3718 1905 3764; x_wconf 79' lang='lat' dir='ltr'>Deae</span> <span class='ocrx_word' id='word_1_327' title='bbox 1923 3716 1991 3764; x_wconf 87' lang='lat' dir='ltr'>ibi</span> <span class='ocrx_word' id='word_1_328' title='bbox 2012 3732 2237 3781; x_wconf 79' lang='lat' dir='ltr'>posuerat</span> <span class='ocrx_word' id='word_1_329' title='bbox 2256 3723 2367 3771; x_wconf 86' lang='lat' dir='ltr'>Clo-</span> 
     </span>
     <span class='ocr_line' id='line_1_56' title="bbox 1345 3794 2362 3861; baseline -0.003 -20"><span class='ocrx_word' id='word_1_330' title='bbox 1345 3794 1454 3841; x_wconf 87' lang='lat' dir='ltr'>dius</span> <span class='ocrx_word' id='word_1_331' title='bbox 1471 3829 1487 3854; x_wconf 85' lang='lat'>,</span> <span class='ocrx_word' id='word_1_332' title='bbox 1519 3809 1574 3841; x_wconf 76' lang='lat' dir='ltr'>ea</span> <span class='ocrx_word' id='word_1_333' title='bbox 1603 3796 1757 3842; x_wconf 82' lang='lat' dir='ltr'>suerat</span> <span class='ocrx_word' id='word_1_334' title='bbox 1788 3795 1949 3859; x_wconf 80' lang='lat' dir='ltr'>imago</span> <span class='ocrx_word' id='word_1_335' title='bbox 1976 3797 2235 3861; x_wconf 69' lang='lat' dir='ltr'>Tanagreae</span> <span class='ocrx_word' id='word_1_336' title='bbox 2260 3816 2362 3849; x_wconf 69' lang='lat' dir='ltr'>me-</span> 
     </span>
     <span class='ocr_line' id='line_1_57' title="bbox 1345 3874 2360 3946; baseline 0.007 -25"><span class='ocrx_word' id='word_1_337' title='bbox 1345 3874 1549 3925; x_wconf 86' lang='lat' dir='ltr'>retricis.</span> <span class='ocrx_word' id='word_1_338' title='bbox 1593 3874 1685 3920; x_wconf 78' lang='lat' dir='ltr'>Pro</span> <span class='ocrx_word' id='word_1_339' title='bbox 1725 3877 1913 3932; x_wconf 86' lang='lat' dir='ltr'>Domo,</span> <span class='ocrx_word' id='word_1_340' title='bbox 1948 3890 2053 3946; x_wconf 81' lang='lat' dir='ltr'>cap.</span> <span class='ocrx_word' id='word_1_341' title='bbox 2103 3875 2182 3932; x_wconf 71' lang='grc'>43.</span> <span class='ocrx_word' id='word_1_342' title='bbox 2216 3882 2265 3929; x_wconf 85' lang='lat' dir='ltr'>J.</span> <span class='ocrx_word' id='word_1_343' title='bbox 2308 3883 2360 3932; x_wconf 89' lang='lat' dir='ltr'>F.</span> 
     </span>
     <span class='ocr_line' id='line_1_58' title="bbox 1342 3952 2364 4021; baseline 0.009 -22"><span class='ocrx_word' id='word_1_344' title='bbox 1342 3953 1582 4002; x_wconf 72' lang='lat' dir='ltr'>Gsonov.</span> <span class='ocrx_word' id='word_1_345' title='bbox 1623 3978 1693 3988; x_wconf 86' lang='lat'>-—</span> <span class='ocrx_word' id='word_1_346' title='bbox 1735 3952 1973 4016; x_wconf 78' lang='lat' dir='ltr'>Mongalt.</span> <span class='ocrx_word' id='word_1_347' title='bbox 2020 3955 2364 4021; x_wconf 74' lang='lat' dir='ltr'>interpretatur</span> 
     </span>
     <span class='ocr_line' id='line_1_59' title="bbox 1343 4032 1796 4095; baseline 0.004 -18"><span class='ocrx_word' id='word_1_348' title='bbox 1343 4033 1587 4095; x_wconf 79' lang='lat' dir='ltr'>porticum</span> <span class='ocrx_word' id='word_1_349' title='bbox 1617 4032 1796 4079; x_wconf 85' lang='lat' dir='ltr'>Clodii.</span> 
     </span>
    </p>

    <p class='ocr_par' dir='ltr' id='par_1_13' title="bbox 1418 4109 2368 4172">
     <span class='ocr_line' id='line_1_60' title="bbox 1418 4109 2368 4172; baseline 0.006 -14"><span class='ocrx_word' id='word_1_350' title='bbox 1418 4111 1501 4159; x_wconf 81' lang='lat'>26.</span> <span class='ocrx_word' id='word_1_351' title='bbox 1526 4114 1619 4158; x_wconf 84' lang='lat' dir='ltr'>H·S</span> <span class='ocrx_word' id='word_1_352' title='bbox 1634 4109 1784 4158; x_wconf 70' lang='lat' dir='ltr'>‘vicies</span> <span class='ocrx_word' id='word_1_353' title='bbox 1798 4128 1815 4159; x_wconf 89' lang='lat'><em>:</em></span> <span class='ocrx_word' id='word_1_354' title='bbox 1836 4127 1857 4157; x_wconf 89' lang='lat'>1</span> <span class='ocrx_word' id='word_1_355' title='bbox 1869 4113 2055 4172; x_wconf 79' lang='lat' dir='ltr'>86‚ooo</span> <span class='ocrx_word' id='word_1_356' title='bbox 2068 4114 2178 4163; x_wconf 86' lang='lat' dir='ltr'>libr.</span> <span class='ocrx_word' id='word_1_357' title='bbox 2196 4116 2368 4164; x_wconf 79' lang='lat' dir='ltr'>melius</span> 
     </span>
    </p>
   </div>
  </div>
 </body>
</html>
