3023 4773
541 394 1049 462 EPISTOLAE
1104 395 1236 461 An
1290 394 1788 475 ΑΤΤΙΟΠΜ,
1839 395 1903 477 1,
1966 394 2069 460 ,8.
2238 390 2375 464 335

250 519 504 589 domus
551 531 697 597 est,
751 529 1078 639 tempore
1122 516 1510 597 matutine,
1557 538 1786 609 quum
1837 513 1928 584 ad
1966 513 2204 586 forum
2251 519 2380 586 sti-

252 629 397 724 pati
450 623 790 722 gregibus
843 628 1239 695 amicorum
1304 621 1810 694 descendimus
1831 678 1850 707 ‚
1911 626 2228 721 reperire
2292 636 2409 695 ex'

253 760 508 831 magna
543 732 756 804 turha
794 737 1153 805 neminem
1187 758 1611 835 possumus,
1651 758 1968 830 quocum
2004 751 2129 806 aut
2159 737 2385 829 jocari

253 845 510 931 libere,
555 859 681 914 aut
724 845 1079 942 suspirare
1120 830 1564 916 familiariter
1608 845 1993 939 possimus.
2034 846 2277 933 Quare
2315 859 2386 915 te

252 969 769 1052 exspectamus),
791 970 861 1026 te
883 953 1400 1041 desideramuS‚
1427 969 1498 1024 te
1521 954 1668 1048 jam
1698 956 1910 1024 etiam
1935 956 2382 1025 arcessimus.

252 1066 482 1138 Multa
521 1067 712 1137 enim
747 1089 866 1136 me
894 1060 1329 1136 sollicitant³
1369 1078 1833 1160 anguntque‚
1877 1088 2039 1158 quae
2075 1062 2252 1141 mihi
2288 1065 2391 1133 vi-

252 1175 462 1261 deor,
503 1200 710 1251 aures
745 1190 1002 1249 nactus
1038 1188 1199 1247 tuas
1219 1227 1238 1260 ,
1270 1175 1487 1244 unius
1514 1172 2027 1243 ambulationis
2056 1196 2393 1244 sermone

255 1286 634 1359 exhaurire
673 1310 904 1383 posse.
960 1290 1062 1356 Ac
1098 1284 1655 1356 domesticarum
1699 1282 1995 1379 quidem
2043 1281 2391 1355 sollicitu-

256 1395 510 1467 dinum
547 1395 835 1469 aculeos
872 1418 1127 1466 omnes
1159 1409 1232 1465 et
1264 1393 1648 1491 scrupulos
1676 1392 2061 1463 occultabo
2095 1419 2109 1461 :
2150 1418 2394 1489 neque

263 1530 396 1601 ego
430 1506 600 1576 huic
635 1504 953 1603 epistolae
979 1520 1195 1602 atque
1233 1507 1487 1602 ignoto
1515 1493 1889 1573 tabellario
1927 1503 2392 1574 committam.

259 1621 494 1713 Atque
523 1616 601 1686 hi
636 1616 851 1727 (nolo
890 1617 1082 1687 enim
1126 1630 1198 1685 te
1232 1614 1676 1711 permoveri)
1706 1637 1857 1683 non
1893 1624 2061 1681 sunt
2101 1634 2397 1708 permo-

264 1726 459 1811 lesti‚
482 1725 606 1796 sed
641 1724 878 1797 tamen
904 1723 1223 1797 insident
1253 1742 1326 1794 et
1362 1730 1661 1821 urgent,
1700 1736 1774 1793 et
1798 1720 2069 1792 nullius
2095 1724 2400 1793 amantis

267 1834 566 1909 consilio
598 1848 721 1904 aut
765 1858 1096 1909 sermone
1138 1835 1625 1929 requiescunt.
1666 1837 1748 1902 In
1780 1830 2152 1929 republica
2187 1856 2397 1920 vero,

268 1966 711 2040 quamquam
736 1945 1018 2013 animus
1040 1957 1148 2013 est
1170 1963 1502 2037 praesenS‚
1525 1956 1766 2012 tamen
1782 1942 2157 2012 voluntas⁴
2183 1945 2398 2013 etiam

266 2069 488 2149 atque
521 2053 731 2122 etiam
777 2053 928 2148 ipsa
965 2051 1396 2122 medicinam
1433 2049 1709 2146 effugit.
1753 2056 1970 2137 Nam,
2007 2067 2086 2121 ut
2121 2075 2203 2122 ea
2231 2052 2399 2125 bre-

268 2164 483 2247 viter,
525 2185 685 2257 quae
725 2176 887 2258 post
921 2176 1132 2231 tuum
1174 2160 1565 2232 discessum
1607 2174 1763 2229 acta
1802 2175 2008 2247 sunt,
2041 2162 2403 2259 colligam,

268 2272 417 2365 jam
453 2269 803 2345 exclames
839 2294 1133 2343 necesse
1171 2285 1315 2355 est,
1370 2290 1487 2341 res
1529 2292 1866 2340 romanas
1912 2269 2180 2341 diutius
2218 2288 2405 2345 stare

275 2405 426 2450 non
464 2402 694 2476 posse.

283 2592 356 2639 vel
382 2590 566 2639 auxilio
590 2589 751 2649 juvari
788 2601 952 2652 posset
969 2623 985 2648 ,
1014 2590 1091 2639 vel
1128 2591 1298 2639 saltem

283 2671 495 2735 alloquio
516 2685 529 2718 ς
550 2685 853 2733 quacumque
873 2669 1163 2733 adspiceret,
1178 2668 1300 2716 nihil

286 2751 457 2814 objici,
497 2759 673 2813 praeter
705 2747 851 2809 litus,
890 2764 1029 2808 nera,
1073 2748 1304 2797 solitudi-

287 2847 391 2878 nem
417 2844 613 2876 meram.
638 2829 824 2875 Primus
841 2827 938 2875 hoc
960 2828 1305 2876 animadvertit

286 2918 456 2956 unctor
485 2923 630 2956 novoe
651 2905 782 2954 illius
802 2901 1101 2967 'conjecturae
1118 2940 1133 2964 ,
1158 2923 1301 2969 quam

288 2986 499 3036 indicavi
534 2985 707 3036 modo.
745 2987 842 3032 Ista
880 2986 1032 3049 igitur
1065 2986 1303 3035 sententia

286 3083 419 3114 snam
445 3065 618 3113 Cicero
645 3063 891 3111 solitatem
913 3064 1144 3127 exprimit
1162 3098 1178 3121 ,
1203 3080 1305 3112 non

288 3146 535 3211 ingenium
570 3143 701 3191 illius
739 3143 981 3202 hominis,
1008 3143 1208 3205 quicum
1234 3145 1305 3189 vi-

289 3243 399 3275 vere
437 3233 577 3287 optet
611 3234 660 3270 et
696 3221 929 3284 colloqui.
966 3223 1200 3279 Possum,
1236 3223 1309 3270 in·

290 3307 424 3371 quit,
451 3314 507 3351 ut
532 3303 774 3350 Accianus
801 3301 882 3348 ille
900 3301 1216 3360 Philoctetes,
1236 3301 1310 3347 di·

293 3399 433 3433 cere:
457 3405 484 3424 -ι
506 3385 620 3431 Νοη
648 3382 801 3430 homo
819 3416 833 3440 ,
867 3380 955 3430 sed
995 3381 1139 3437 litus,
1164 3391 1258 3428 etc.
1286 3401 1309 3424 ιι

291 3462 568 3518 Ariadnen,
595 3478 747 3524 quum
776 3461 878 3509 sola
906 3460 958 3507 in
987 3459 1171 3509 desem
1190 3471 1313 3507 esset

293 3541 444 3589 imula
463 3575 476 3596 ‚
503 3540 676 3587 eodem
705 3540 855 3587 modo
885 3539 1163 3602 loquentem
1195 3539 1311 3588 fac-it

294 3620 445 3667 Ovid.
471 3618 677 3668 Heroid.
700 3620 770 3681 K,
791 3622 848 3667 18
876 3636 889 3668 τ
908 3642 932 3661 α
948 3618 1098 3681 Quod
1119 3617 1315 3667 videant

296 3698 424 3746 oculi
444 3732 459 3754 ‚
475 3698 570 3755 nil,
600 3698 693 3746 nisi
713 3699 828 3747 litus
842 3735 857 3760 ,
892 3698 1073 3747 habeut
1093 3720 1138 3746 a.
1156 3699 1311 3748 Omv.

295 3805 361 3814 —-
380 3779 506 3826 ΙΝ.
530 3778 581 3826 L.
608 3788 747 3840 putat
772 3779 952 3839 conjici
975 3794 1118 3842 posse
1135 3777 1238 3826 haec
1254 3778 1318 3825 sd

296 3857 699 3921 vituperationem
735 3856 922 3906 Metelli
970 3857 1068 3904 dici
1098 3873 1196 3904 non
1229 3856 1315 3904 Ιιο-

298 3952 398 3993 mo,
427 3946 525 3983 etc.

368 4020 419 4063 3.
451 4015 584 4066 Alii.
621 4013 814 4062 «Multa
855 4014 984 4061 enim
1030 4024 1172 4070 sunt,
1213 4030 1322 4076 qnae

301 4111 367 4142 m.
400 4113 474 4143 s.··
502 4097 626 4143 J.v.
650 4097 704 4140 L.

1461 2599 1509 2646 4.
1553 2590 1805 2639 Voluntas.
1836 2591 1964 2639 Mihi
1990 2593 2411 2644 verosimillimum

1389 2669 1584 2717 videtur
1599 2701 1615 2728 ,
1641 2668 1948 2718 librariorum
1980 2673 2123 2736 culpa
2151 2672 2205 2721 τὸ
2231 2675 2411 2724 volun·

1391 2760 1470 2795 tas
1497 2749 1748 2810 irrepsisse
1772 2763 1834 2797 ex
1859 2750 2262 2813 interpretatione
2286 2770 2408 2816 qua-

1392 2826 1505 2874 dam
1533 2828 1773 2888 magistri,
1795 2828 1881 2890 qni
1916 2827 1971 2876 τὸ
1998 2828 2191 2877 animus
2217 2833 2413 2880 notiore

1390 2921 1517 2953 voce
1569 2904 1661 2952 hac
1713 2906 2011 2969 explanavit.
2061 2910 2199 2955 Hanc
2251 2911 2293 2957 sl
2330 2926 2415 2958 ex-

1393 2985 1643 3049 punxeris,
1665 2986 1827 3030 omnia
1847 2984 2033 3047 liquida
2048 2999 2207 3036 erunt.
2224 3010 2251 3030 ·-
2272 2991 2329 3036 In
2349 3005 2417 3036 re-

1391 3064 1590 3127 publica
1628 3079 1772 3120 vero,
1807 3079 2099 3126 quamquam
2128 3068 2320 3115 animus
2342 3076 2416 3115 est‘

1396 3160 1632 3207 proesms,
1647 3153 1807 3190 tamen
1827 3143 1973 3190 etism
1986 3154 2132 3216 atque
2150 3146 2293 3194 etiam
2313 3148 2421 3211 ipse

1397 3223 1689 3271 medicinam
1715 3223 1887 3286 effugit
1908 3244 1933 3264 ιι
1948 3257 1963 3280 ,
1986 3223 2173 3275 scilieet
2190 3225 2421 3288 respubli-

1398 3302 1623 3365 chnod
1636 3318 1788 3366 quum
1801 3312 1884 3349 ent
1893 3301 2185 3367 descriptor,
2193 3315 2277 3353 aut
2293 3305 2421 3353 seio·

1398 3381 1474 3429 lu·
1500 3384 1769 3445 ignoraret,
1789 3399 1894 3445 quo
1922 3381 2150 3430 nimirum
2185 3398 2285 3430 vox
2314 3384 2422 3448 ipsa

1401 3461 1651 3508 reserenda
1687 3471 1839 3517 esset,
1868 3462 2071 3508 inseruit
2103 3476 2168 3507 ex
2203 3468 2420 3530 margine

1401 3538 1649 3587 *inlentes-
1682 3543 1861 3588 Seust-
1893 3540 2023 3586 enim
2050 3539 2132 3586 bio
2159 3552 2230 3589 est
2260 3557 2273 3590 ε
2297 3546 2425 3595 Mihi

1403 3630 1475 3666 est
1526 3618 1750 3667 voluutas
1800 3620 2086 3681 animusque
2143 3623 2427 3686 reipublice

1404 3699 1544 3747 mulis
1569 3698 1830 3746 medendi:
1857 3697 1942 3744 sod
1967 3698 2070 3761 ipsa
2100 3702 2284 3772 respuit
2319 3720 2424 3754 me.

1407 3778 1619 3824 dieinam
1634 3812 1649 3837 ,
1666 3792 1723 3823 ec
1743 3775 1977 3824 salmam
1991 3793 2162 3826 manns
2175 3814 2190 3837 ,
2214 3797 2316 3829 non
2338 3783 2429 3832 ad-

1405 3855 1555 3905 mittit
1581 3870 1695 3902 sanu
1729 3854 1947 3903 consilia.
1977 3855 2145 3907 (ἤιεν.
2193 3886 2263 3896 -·
2301 3864 2427 3911 Item

1412 3936 1507 3982 sere
1532 3935 1722 3981 Ernest.
1744 3933 1834 3979 nisi
1857 3934 1991 3995 quod
2028 3957 2049 3975 -
2066 3936 2217 3999 ipsam
2233 3940 2427 3988 mefflci.

1413 4028 1526 4059 nam
1557 4011 1783 4074 refugit-u.
1814 4010 1927 4060 sch.
1948 4035 1972 4054 ει
1992 4016 2180 4064 animus
2207 4030 2278 4066 est
2309 4037 2433 4083 prm-³

1416 4108 1527 4138 sens
1552 4104 1599 4138 et
1632 4091 1869 4150 voluntas,
1897 4104 2051 4142 tamen
2081 4113 2134 4142 eu
2154 4099 2276 4159 ipsa,
2294 4111 2431 4146 etca-
