3023 4773
591 422 1109 491 EPISToLAE
1156 425 1291 491 AD
1340 423 1851 510 ATTICUM‚
1903 427 2020 510 11,
2072 424 2134 495 3.
2291 424 2431 522 369

306 542 444 614 Sed
489 543 638 613 haec
691 541 1302 614 ambulationibus
1345 545 1914 642 Compitalitiis²¹
1960 572 2425 619 reservemus.

305 657 413 721 Tu
454 651 684 750 pridie
727 653 1149 748 Compitalia
1187 670 1577 725 memento.
1619 656 1993 726 Balineum
2035 656 2298 730 calfieri
2324 661 2437 752 ju·

305 760 520 833 bebo,
562 768 650 833 Et
692 766 1162 859 Pomponiam
1197 767 1531 835 Terentia
1571 780 1831 861 rogat:
1876 780 2177 835 matrem
2195 779 2258 809 ²²
2309 768 2435 838 ad-

300 869 702 965 jungemus.
719 870 1114 963 Θεοφροίστου
1133 875 1269 965 περὶ
1286 873 1633 964 φιλοτιμίας
1649 867 1712 912 ²³
1736 868 1916 941 affer
1939 871 2117 940 mihi
2132 872 2222 942 de
2237 873 2435 945 libris

309 979 563 1067 Quinti
596 977 849 1049 fratris.

306 1142 671 1192 contemnente,
696 1144 744 1182 et
774 1150 928 1181 unum
956 1150 1059 1182 esse
1085 1137 1324 1199 optimum
1413 1137 1567 1184 lantes
1597 1138 1920 1186 conferemus.
1966 1139 2038 1184 De
2087 1136 2165 1184 die
2206 1140 2441 1202 compita-

306 1212 561 1275 angurinm
588 1210 887 1273 affirmante,
913 1223 1097 1260 certare
1120 1230 1215 1277 pro
1239 1232 1327 1278 pa-
1416 1213 1526 1264 litio
1557 1217 1840 1265 Macrobius
1874 1217 1977 1265 Sat.
2006 1216 2092 1264 lib.
2128 1220 2165 1264 1.
2192 1217 2349 1264 Varro
2382 1217 2444 1265 de

311 1292 418 1338 tria.
443 1292 586 1338 ΜΔΝ.
1417 1296 1602 1359 Lingua
1622 1299 1730 1345 Lat.
1757 1298 1930 1345 Cicero
1952 1297 2004 1342 in
2024 1298 2247 1344 Pisonem
2261 1331 2275 1356 ‚
2296 1298 2439 1344 ethic

383 1385 463 1417 at.
516 1370 868 1435 Compitalitiis.
910 1373 1037 1434 Quia
1077 1373 1332 1436 scripserat
1418 1372 1505 1421 lib.
1534 1376 1683 1431 Vm,
1708 1388 1785 1438 ep.
1816 1394 1862 1436 7.
1894 1378 2047 1423 lou.

312 1449 527 1507 Atticus,
551 1468 602 1499 se
624 1451 784 1514 pridie
807 1452 1097 1515 Compitalia
1133 1467 1243 1498 cum
1270 1469 1331 1500 eo
1491 1468 1575 1499 αα.
1607 1454 1832 1500 Matrem.
1867 1454 2043 1511 Attici,
2071 1470 2182 1516 quae
2209 1444 2333 1501 vixit
2359 1470 2442 1501 an·

311 1529 543 1576 futurum.
564 1528 919 1592 Compitalibus
934 1530 1098 1593 igitur,
1113 1530 1230 1578 dum
1247 1530 1330 1578 alii
1419 1547 1510 1579 noa
1533 1549 1613 1579 xc.

311 1608 440 1657 ludis
460 1625 658 1674 operam
684 1610 900 1668 dabunt,
925 1626 1016 1658 noa
1038 1612 1143 1658 haec
1161 1612 1332 1658 ambu-
1493 1613 1580 1659 23.
1609 1607 1722 1678 Περὶ
1749 1608 2030 1677 φιλοτιμίας.
2056 1612 2128 1658 De
2154 1611 2441 1659 ambitione.

312 1788 677 1807 mmssuwb
685 1790 1324 1808 mmmmm—„5”
1330 1790 2158 1810 mmmm-mmmmm
2166 1792 2441 1810 mmm*

974 1936 1563 2015 EPISTOLA
1633 1938 1779 2015 IV.

309 2098 502 2155 Attico
531 2110 652 2154 tum
687 2100 889 2153 Romae
924 2094 1248 2152 deversanti
1281 2114 1391 2172 pro
1428 2095 1765 2172 Serapionis
1792 2096 1943 2153 libro
1969 2098 2183 2173 gratias
2211 2098 2358 2174 agit3
2382 2110 2447 2154 ut

395 2214 525 2252 cum
552 2193 772 2257 Titinio
808 2193 1111 2269 transigat,
1154 2194 1314 2269 petit.
1348 2191 1616 2249 Clodium
1649 2190 1722 2248 ad
1745 2192 2049 2267 Tigranem
2080 2195 2162 2250 irc
2184 2214 2244 2250 se
2281 2194 2446 2251 facile

395 2292 531 2369 pati.
563 2268 1073 2367 De⁸geographico
1112 2308 1292 2367 opere
1335 2286 1477 2344 nihil
1525 2287 1667 2345 certi
1711 2287 1973 2365 polliceri
2006 2309 2066 2345 sc
2101 2288 2317 2347 scribit.
2360 2295 2443 2345 De

395 2403 517 2463 rep.
553 2381 690 2460 quid
723 2382 850 2454 fiat,
880 2397 945 2441 ut
976 2380 1088 2439 sibi
1120 2381 1348 2439 nuntiet
1371 2379 1539 2458 petit.
1574 2379 1861 2438 Terentiae
1884 2381 2092 2439 saltum
2116 2402 2176 2440 se
2203 2403 2445 2461 perspe-

395 2482 542 2538 xisse
576 2493 791 2537 narrat
834 2480 1085 2538 Atticum
1135 2479 1194 2535 in
1239 2478 1609 2535 Formianum
1649 2490 1749 2534 aut
1782 2480 2197 2556 Pompeianum
2220 2481 2441 2537 invitat.

394 2583 631 2635 Murum
654 2575 860 2633 domus
879 2595 996 2633 suae
1015 2596 1075 2633 se
1100 2550 1487 2632 reficiendum
1498 2592 1730 2630 curasse
1753 2572 1971 2632 scribit.
1990 2575 2083 2652 (In
2098 2577 2447 2642 Tusculano,

397 2691 548 2730 anno
575 2677 646 2731 U.
673 2675 737 2731 C.
765 2671 924 2750 694.)

986 2810 1303 2875 CICERO
1345 2808 1670 2872 ATTICO
1717 2809 1777 2871 S.

418 2939 683 3006 Facrs‘ri
731 2934 908 3003 mihi
951 2945 1397 3030 pergratum,
1443 2928 1641 3026 quod
1689 2932 2136 3026 Serapionis‘
2181 2931 2451 3002 librum

319 3045 411 3117 ad
449 3071 561 3116 me
612 3047 865 3115 misisti
900 3072 914 3113 ε
955 3069 1042 3114 ex
1087 3067 1235 3139 quo
1284 3038 1580 3136 quidem
1628 3064 1762 3137 ego
1800 3038 2038 3136 (quod
2085 3042 2274 3111 inter
2318 3066 2450 3111 nos

319 3157 527 3227 liceat
558 3155 840 3250 dicere)
878 3152 1325 3223 millesimam
1363 3165 1637 3246 partem
1678 3153 1795 3219 vix
1828 3150 2169 3246 intelligo.
2203 3156 2337 3220 Pro
2363 3176 2451 3221 eo

317 3265 449 3336 tibi
483 3280 906 3364 praeseutem
928 3262 1313 3360 pecuniam
1341 3260 1520 3329 solvi
1551 3263 1924 3357 imperavi,
1962 3285 2053 3331 ne
2082 3275 2163 3331 tu
2192 3286 2455 3358 expen-

321 3388 477 3444 sum
499 3385 527 3416 ²
561 3372 985 3444 muneribus
1014 3368 1254 3444 ferres.
1284 3374 1374 3438 At
1401 3373 1749 3465 quoniam
1769 3395 2235 3470 nummorum
2258 3396 2451 3441 men-

317 3487 422 3555 tio
458 3483 640 3555 facta
674 3498 820 3568 estt,
849 3480 1109 3553 amabo
1140 3496 1246 3566 te,
1285 3502 1489 3562 cura,
1518 3493 1601 3547 ut
1633 3503 1796 3548 cum
1828 3481 2125 3564 Titinio,
2154 3471 2454 3576 quoquo

323 3595 542 3666 modo
580 3595 888 3692 poteris,
935 3592 1300 3715 transigas.
1343 3590 1415 3657 Si
1461 3589 1534 3657 in
1581 3612 1708 3672 ρο,
1753 3589 1953 3685 quod
2003 3590 2452 3671 ostenderat,

319 3731 471 3776 non
510 3720 690 3790 stat3
735 3705 911 3774 mihi
950 3703 1256 3773 maxime
1289 3699 1549 3796 placet,
1595 3722 1713 3779 ea
1757 3724 1918 3795 quae
1952 3691 2183 3770 male³
2214 3712 2456 3798 empta

320 3831 524 3902 sunt,
555 3815 786 3898 reddi,
820 3819 877 3884 si
911 3814 1284 3885 voluntate
1316 3808 1732 3906 Pomponiae
1764 3808 1918 3878 fieri
1946 3813 2248 3907 poterit.
2284 3814 2340 3882 si
2368 3837 2457 3880 ne

399 4002 439 4034 1.
457 3983 751 4049 Serapionis.
773 3986 882 4031 Fuit
897 3982 977 4029 ille
993 3982 1342 4035 Antiochenus,
1433 3978 1693 4037 donas-seq
1729 3993 1790 4023 ne
1831 3977 1882 4024 in
1911 3978 2081 4027 codice
2110 3981 2458 4044 perscriberet»,

322 4065 409 4128 qui
431 4063 751 4127 geographica
771 4061 982 4125 scripsit.
1433 4055 1520 4103 ubi
1547 4061 1706 4102 cetera
1730 4072 1926 4103 munera
1954 4057 2139 4106 scribis.
2167 4059 2327 4106 Coaa.

396 4160 443 4190 a.
495 4144 568 4189 Ne
611 4154 661 4188 tu
702 4156 978 4204 expensum.
1031 4139 1183 4200 Quasi
1225 4138 1344 4185 mihi
1483 4137 1555 4182 -3.
1577 4134 1714 4182 Male
1730 4147 1910 4200 empta.
1932 4139 2097 4186 Nimio
2118 4149 2294 4203 empta.
2320 4139 2460 4183 Mm-

568 4234 658 4297 II
697 4245 784 4288 Cic.
806 4259 912 4303 pars
945 4251 1123 4303 quarta.
2178 4227 2268 4305 24
