3023 4773
823 398 1375 486 EPISTOLAE,
1412 400 1786 499 x111‚59.
2283 432 2402 504 71„

132 533 137 537 ’
239 545 397 615 quae
432 534 653 590 erunt
679 545 916 617 aequa,
951 520 1225 593 libente
1270 536 1340 593 te
1377 524 1763 620 impetret;
1806 539 1887 597 ut
1919 549 2153 597 meam
2191 531 2370 598 ami-

232 631 468 701 citiam
511 628 684 716 sibi,
721 632 935 701 etiam
972 655 1196 727 quum
1226 633 1482 729 procul
1508 632 1740 703 absim
1762 688 1780 718 ‚
1819 636 2161 731 prodesse
2196 663 2365 709 sen-

231 743 401 826 tiat,
457 742 855 838 praesertim
911 741 1110 840 apud
1155 756 1247 814 te.
1312 749 1467 815 Hoc
1521 758 1592 813 te
1639 743 2106 819 vehementer
2150 750 2364 819 etiam

228 865 453 947 atque
488 853 702 921 etiam
736 875 941 947 rogo,

226 1035 536 1084 proponere,
564 1028 613 1066 et
631 1018 973 1083 provinciales,
997 1029 1259 1084 antequam
1348 1035 1440 1069 αις
1475 1042 1502 1062 ιι
1523 1022 1791 1070 Ροοωωιιο
1849 1033 2024 1072 eontra
2065 1040 2224 1073 meum
2273 1027 2369 1074 edi-

225 1100 278 1145 in
319 1098 637 1162 provinciam
671 1098 895 1146 venirent
915 1132 931 1157 ,
966 1100 1260 1162 praemittere
1346 1109 1479 1146 otum
1495 1102 1519 1148 i·
1540 1122 1567 1141 .-
1601 1102 1716 1149 Erat
1741 1102 1802 1150 C.
1822 1103 2021 1150 Curtius
2043 1102 2369 1152 Pedncaennns

224 1176 446 1224 edietum
490 1176 553 1224 de
601 1179 797 1224 summis
835 1177 1079 1241 capitibus
1115 1178 1261 1239 inris-
1346 1190 1529 1243 pretor
1572 1181 1879 1244 peregrinus,
1930 1197 2082 1244 quum
2120 1184 2175 1232 C.
2211 1183 2369 1231 Titius

223 1256 480 1305 dictionis.
519 1256 750 1320 Superius
763 1254 852 1317 vl,
886 1255 1033 1319 93:111
1058 1257 1163 1306 Att.
1187 1256 1256 1318 V,
1344 1252 1504 1306 Rufus
1523 1270 1706 1323 praetor
1727 1258 1941 1308 urbanus
1958 1272 2103 1309 euet.
2123 1261 2295 1309 Gnon.

224 1425 507 1445 mm

1334 1430 2347 1453 mmm-*mmmmm

887 1584 1467 1667 EPISTOLA
1534 1590 1704 1669 LX.

220 1740 608 1800 Commendat
632 1741 959 1800 Livineium
988 1744 1193 1819 Reguli
1221 1741 1515 1803 libertum.
1546 1745 1772 1822 (Romae
1793 1791 1809 1819 ,
1835 1766 1988 1804 anno
2008 1748 2084 1804 U.
2106 1752 2172 1807 C.
2196 1746 2356 1825 699.)

693 1872 884 1989 ΜᾼΤ.
923 1920 995 1990 c,
1030 1918 1459 2007 ΜυΝΑΤιο,
1507 1928 1578 1992 c,
1609 1920 1680 1989 F.
1717 1926 1779 1992 s,
1819 1922 1895 1992 n.

309 2065 388 2132 L.
417 2064 794 2132 Livunzms
814 2064 1114 2133 Tmmo
1148 2076 1254 2134 est
1283 2065 1611 2133 omnino¹
1649 2066 1730 2134 L.
1755 2062 2038 2161 Reguli,
2058 2062 2356 2135 familia-

218 2171 482 2241 rissimi
522 2171 704 2259 mei,
744 2168 1044 2248 libertus
1087 2198 1101 2240 t
1147 2170 1353 2266 cujus
1410 2171 1770 2243 calamitas
1819 2166 2031 2244 etiam
2085 2166 2358 2244 officio·

217 2280 488 2352 siorem
534 2306 651 2352 me
700 2280 869 2352 facit
906 2283 978 2351 in
1023 2282 1226 2352 illum
1265 2309 1281 2351 :
1328 2306 1493 2351 nam
1537 2270 2091 2373 benivolentior‚
2137 2309 2356 2380 quam

214 2417 506 2490 semper
538 2391 644 2463 fui
667 2447 686 2481 ‚
726 2418 878 2465 esse
919 2419 1069 2466 non
1101 2418 1415 2492 possum.
1466 2392 1605 2464 Sed
1647 2419 1780 2492 ego
1819 2386 2158 2465 libertum
2197 2395 2352 2489 ejus

216 2527 346 2599 per
370 2528 451 2573 se
476 2506 712 2600 ipsum
746 2503 988 2601 diligo,
1029 2509 1322 2575 Summa
1349 2503 1543 2574 enim
1575 2502 1727 2599 ejus
1765 2529 1933 2600 erga
1966 2529 2081 2575 me
2118 2501 2352 2574 officia

216 2615 653 2683 exstiterunt
690 2613 802 2684 his
844 2615 1106 2685 nostris
1151 2607 1605 2710 temporibus
1622 2623 1675 2700 ²,
1718 2609 1990 2710 quibus
2018 2610 2350 2684 facillime

214 2720 489 2792 bonam
532 2722 1093 2794 benivolentiam
1137 2723 1521 2794 hominum
1559 2737 1630 2793 et
1671 2721 1892 2793 fidem
1940 2723 2351 2819 perspicere

218 2836 451 2928 potui.
482 2837 670 2902 Eum
715 2834 845 2907 tibi
889 2836 986 2905 ita
1028 2832 1460 2905 commendo
1478 2829 1534 2919 ³,
1562 2845 1642 2901 ut
1689 2831 2016 2903 homines
2061 2835 2243 2930 grati
2278 2845 2349 2901 et

220 2966 585 3012 memores
626 2941 814 3014 bene
872 2943 1169 3014 meritos
1223 2942 1312 3013 de
1364 2967 1441 3013 se
1494 2941 1999 3013 commendare
2059 2942 2350 3013 debent.

222 3054 646 3147 Pergratum
688 3052 863 3122 mihi
907 3051 1187 3137 seceris,
1219 3053 1277 3123 si
1321 3053 1437 3122 ille
1480 3049 1952 3137 intellexerit,
1995 3076 2106 3137 se,
2152 3048 2355 3147 quod

223 3181 354 3254 pro
406 3159 601 3231 salut
811 3186 853 3236 a
901 3161 1127 3232 multa
1178 3155 1498 3258 pericula
1540 3160 1835 3247 adierit,
1880 3184 2061 3257 saepe
2118 3159 2354 3231 hieme

220 3289 461 3338 summ
547 3270 933 3366 navigarit,
970 3295 1106 3368 pro
1147 3285 1269 3342 tua
1305 3293 1472 3369 erga
1502 3296 1620 3342 me
1665 3269 2154 3343 benivolentia
2191 3285 2352 3367 gra·

222 3391 373 3448 tum
418 3380 636 3449 etiam
684 3379 815 3450 tibi
857 3378 1125 3452 fecisse.

291 3564 338 3596 ι.
359 3548 669 3597 Οιιιηίηο.Η.
687 3561 734 3595 e.
758 3549 945 3597 etiamsi
968 3563 1070 3597 non
1087 3551 1244 3614 lpum
1404 3549 1452 3597 3⁴
1481 3550 1608 3616 Eum
1619 3582 1739 3599 .....
1761 3549 2067 3599 commendo.
2104 3549 2355 3598 Munatius

220 3627 501 3691 Tryphonis
535 3643 793 3690 personam
827 3640 1064 3693 spectem,
1084 3640 1242 3678 tamen
1332 3627 1590 3691 imperinm
1614 3629 1809 3692 gesserit
1833 3644 2024 3676 necesse
2043 3641 2140 3687 est,
2165 3630 2217 3676 in
2235 3646 2353 3693 pro-

220 3709 451 3767 quuninn
499 3706 681 3770 Reguli
730 3708 935 3757 libertus
977 3720 1085 3768 est,
1133 3724 1244 3758 enm
1332 3708 1490 3754 vincia
1528 3706 1762 3771 quadam,
1790 3704 1843 3755 in
1889 3719 1983 3771 qna
2020 3708 2225 3773 Trypho
2269 3710 2353 3756 ille

224 3785 661 3834 conmendandum
686 3798 924 3853 putarem.
951 3790 1066 3837 Sca.
1332 3787 1523 3850 negotia
1549 3784 1764 3832 haberet.
1797 3789 1855 3835 In
1883 3786 2174 3840 Macedonia
2207 3787 2352 3836 fuisse

290 3882 341 3918 ι.
386 3866 717 3930 Temporibus.
766 3868 931 3930 Quum
985 3867 1240 3916 exsularet.
1331 3867 1534 3927 conjicit
1591 3864 1926 3915 SchmIederus
1983 3867 2113 3917 nist.
2174 3863 2351 3914 l’hilol.
2383 3901 2386 3906 .

222 3942 345 3992 Vide
363 3945 512 4009 epist.
540 3961 600 4007 ¹7
626 3945 689 3993 ad
711 3945 818 3995 Au.
845 3944 932 3994 lib.
949 3943 1039 3996 111.
1332 3945 1562 3994 Anmerk.
1588 3961 1649 3993 zu
1667 3945 1775 3996 cio.
1794 3947 2004 3996 Briefen.
2019 3957 2070 4012 p.
2089 3957 2214 4006 ων).
2239 3945 2357 3992 Son.

1004 4101 1579 4131 ——---0-—-—
