3023 4773
664 454 797 526 116
1281 454 1376 522 M.
1429 453 1509 519 T.
1568 453 2154 523 CICERONIS

654 592 778 648 aut
821 572 1186 675 postridie.
1246 571 1361 643 lbi
1397 570 1548 660 fac,
1584 588 1667 643 ut
1703 573 1848 644 sint
1873 584 1892 616 ¹
1939 575 2185 644 omnia
2221 585 2489 670 parata.
2535 573 2781 646 Plures

650 690 848 758 enim
893 683 1190 756 fortasse
1230 682 1615 754 nobiscum
1660 696 1917 771 erunt,
1967 698 2083 771 et,
2123 696 2208 752 ut
2245 681 2580 771 arbitror,
2619 684 2781 755 diu-

650 800 794 868 tius
851 794 956 866 ibi
1000 791 1638 867 commorabimur.
1696 792 2016 864 Labrum
2059 793 2120 863 si
2167 795 2244 862 in
2287 791 2577 864 balineo
2636 819 2780 864 non

653 921 795 994 est;
823 920 902 977 ut
929 905 1040 975 sit.
1081 909 1264 976 Item
1302 918 1568 991 cetera,
1604 928 1768 1001 quae
1806 916 1980 974 sunt
2009 900 2101 973 ad
2131 903 2404 973 victum
2434 917 2507 974 et
2537 901 2631 973 ad
2658 928 2778 975 va-

650 1014 1030 1086 litudinem
1059 1016 1477 1085 necessaria.
1510 1014 1708 1086 Vale.
1737 1013 1893 1085 Kal.
1915 1011 2194 1096 octobr.
2218 1012 2310 1084 de
2336 1017 2733 1085 Venusin0.

725 1231 771 1262 1.
799 1215 864 1262 Ue
892 1212 1006 1260 sint.
1027 1212 1218 1260 Manut-
1250 1221 1300 1260 et
1337 1212 1559 1260 Lambin.
1573 1211 1672 1277 fae
1760 1223 1858 1272 est,
1884 1213 1961 1262 fae
2004 1225 2062 1263 nt
2100 1215 2164 1261 ait
2176 1235 2220 1263 ιι.
2265 1215 2438 1264 Potest
2470 1215 2668 1280 impune
2687 1214 2781 1281 fac

648 1307 702 1342 ue
715 1293 830 1341 sine.
848 1291 1009 1340 Etiam
1026 1290 1168 1348 infra,
1182 1290 1258 1337 «si
1281 1291 1333 1339 in
1354 1289 1551 1340 balineo
1569 1306 1671 1339 non
1758 1291 1952 1351 abesse,
1976 1292 2054 1340 vel
2076 1293 2242 1341 scribi.

645 1481 826 1501 mm
831 1479 1284 1501 mmmm
1288 1478 1471 1498 mm
1933 1479 2487 1500 mmm
2491 1482 2765 1502 mmm

1265 1678 1881 1759 EPISTOLA
1934 1681 2175 1760 XXI.

651 1847 799 1904 Petit
816 1888 835 1919 ,
878 1857 945 1904 ut
970 1862 1064 1902 res
1091 1842 1401 1921 diligenter
1431 1841 1826 1915 administret,
1866 1856 1925 1902 et
1951 1864 2103 1923 saepe
2133 1844 2330 1903 literas
2355 1846 2560 1905 mittat.
2588 1846 2787 1928 (Anno

727 1944 980 2002 incerto:
1011 1944 1254 2003 fortasse
1279 1963 1349 2002 ex
1373 1943 1596 2017 eastris,
1618 1962 1715 2000 an.
1740 1948 1817 2004 U.
1841 1947 1904 2002 C.
1930 1944 2066 2017 705,
2085 1963 2280 2003 mense
2301 1947 2549 2023 quintili.
2575 1947 2707 2027 En.)

1027 2117 1118 2184 Μ.
1153 2117 1229 2183 Τ.
1269 2116 1832 2184 C.TERENTIAE
1877 2118 2071 2184 SUAE
2114 2121 2179 2186 S.
2213 2120 2284 2186 P.
2320 2122 2402 2187 D.

744 2259 818 2327 S1
874 2257 1100 2345 valeS,
1143 2254 1334 2328 bene
1384 2270 1493 2327 est
1527 2283 1544 2324 :
1584 2255 1811 2327 valeo.
1864 2261 1974 2327 Da
2012 2280 2344 2355 operam,
2392 2274 2476 2331 ut
2517 2285 2792 2332 conva-

640 2367 911 2452 lescas;
946 2362 1150 2464 quod
1193 2389 1380 2463 opus
1424 2368 1605 2455 erit,
1664 2380 1748 2438 ut
1786 2392 1903 2439 res
1957 2379 2395 2467 tempusque
2432 2370 2792 2470 postulat,

648 2476 1029 2577 provideas
1079 2490 1296 2574 atque
1339 2475 1826 2564 administreS,
1887 2493 1958 2550 et
1999 2478 2089 2550 ad
2137 2504 2252 2551 me
2307 2479 2400 2553 de
2443 2481 2796 2555 omnibus

650 2587 871 2661 rebus
905 2609 1126 2684 quam
1168 2586 1557 2685 saepissime
1590 2587 1832 2660 literas
1873 2593 2132 2661 mittas».
2180 2591 2377 2664 Vale.

641 2806 1011 2827 mmmm

2207 2811 2767 2834 mmm

1226 3011 1842 3092 EPISTOLA
1904 3018 2202 3095 XXII.

649 3163 872 3227 Scribit
900 3182 962 3221 se
988 3180 1253 3233 uxorem,
1275 3161 1324 3219 si
1348 3159 1636 3220 tabellarii
1657 3164 1949 3238 venerint,
1978 3166 2284 3224 certiorem
2313 3165 2618 3239 facturum,
2641 3167 2804 3245 quid

733 3260 1057 3322 faciendum
1080 3259 1171 3317 sit.
1194 3257 1545 3336 (Brundisii,
1563 3278 1716 3318 anno
1744 3263 1818 3319 U.
1848 3266 1914 3321 C.
1943 3252 2090 3338 70'5,
2121 3283 2316 3323 mense
2347 3262 2714 3344 septembri.)

1032 3439 1124 3505 M.
1151 3440 1229 3504 T.
1265 3439 1339 3504 C.
1365 3440 1835 3506 TERENTIAE
1877 3443 2070 3509 SUAE
2114 3445 2178 3510 S.
2212 3444 2287 3510 P.
2323 3447 2405 3510 D.

710 3587 816 3653 S.
846 3587 932 3653 V.
955 3587 1026 3652 B.
1049 3585 1126 3653 E.
1145 3584 1234 3652 V.
1274 3582 1421 3652 Nos
1465 3580 1793 3677 quotidie
1831 3582 2281 3656 tabellarios¹
2326 3602 2614 3662 nostros
2660 3614 2811 3661 ex-

653 3707 1098 3792 spectamus:
1124 3692 1252 3794 qui
1281 3690 1342 3760 si
1377 3693 1746 3778 venerint,
1777 3690 2075 3766 fortasse
2110 3697 2378 3770 erimus
2405 3702 2763 3772 certiores
2785 3758 2811 3789 ‚

652 3801 833 3901 quid
872 3798 1082 3871 nobis
1109 3798 1518 3872 faciendum
1546 3801 1678 3889 sit3
1723 3800 2214 3901 faciemusque
2249 3822 2321 3879 te
2358 3812 2598 3880 statim
2635 3835 2817 3883 cer-

730 4020 774 4053 1.
817 3998 1131 4049 Tabellaria.
1174 3999 1268 4047 vel
1315 4000 1381 4048 ad
1434 4002 1676 4052 Comen
1765 4002 1938 4052 cicero
1975 4005 2225 4055 Brundisii
2266 4009 2692 4071 commorabatur,
2752 4027 2816 4062 et

651 4086 844 4150 ipsam,
873 4080 953 4129 vel
981 4078 1046 4127 ad
1080 4080 1185 4139 ejus
1219 4081 1432 4139 amicos,
1479 4083 1670 4130 missos.
1761 4097 1871 4128 eum
1921 4085 2087 4133 amicis
2135 4087 2339 4137 Cauris
2387 4087 2449 4137 de
2494 4088 2654 4140 ulmo
2701 4107 2816 4140 m

649 4165 762 4213 Sca.
793 4190 861 4201 -
884 4162 1025 4211 Certe
1048 4167 1168 4207 tunc
1192 4155 1336 4209 finito
1365 4158 1497 4209 bello
1514 4160 1674 4221 civili,
1759 4160 1946 4225 agebat.
1969 4164 2060 4213 En.
