3023 4773
683 433 825 519 430
1317 427 1411 497 M.
1466 429 1544 495 T.
1597 428 2170 497 CICERONIS

638 598 645 605 .
682 556 951 639 desset3
979 551 1376 621 transeunti
1410 572 1564 617 non
1587 562 1693 620 est
1717 549 2219 619 necessarium.
2248 546 2461 637 Quod
2492 551 2548 619 si
2577 547 2796 620 aude-

681 688 868 750 rem,
907 662 1221 733 Athenas
1260 673 1580 757 peterem
1616 686 1632 727 ι
1678 682 1847 729 sane
1883 659 1980 729 ita
2014 656 2346 744 cadebat,
2398 672 2480 727 ut
2517 658 2796 730 vellem.

680 779 891 846 Nunc
934 788 1005 842 et
1044 773 1272 842 nostri
1326 769 1570 839 hostes
1613 767 1714 839 ibi
1752 783 1956 856 sunt;
1994 784 2066 839 et
2103 783 2174 837 te
2221 793 2372 836 non
2417 766 2801 853 habemus;

679 898 752 953 et
778 907 1142 964 veremur,
1179 905 1270 950 ne
1290 881 1891 975 interpretentur,
1923 878 2101 949 illud
2123 901 2420 974 quoque
2449 878 2799 976 oppidum

681 991 771 1062 ab
803 993 1007 1063 Italia
1030 1015 1174 1061 non
1215 989 1380 1059 satis
1412 986 1661 1058 abesse
1694 1015 1710 1057 z
1747 982 2195 1074 ne0‚sc1·ibi5,
2233 1013 2449 1084 quam
2490 988 2574 1058 ad
2605 988 2800 1059 diem

680 1117 749 1172 te
792 1115 1303 1197 exspectemus,

778 1210 992 1300 Quod
1045 1233 1159 1278 me
1219 1207 1310 1277 ad
1358 1208 1573 1277 vitam
1622 1231 1863 1292 vocas,
1904 1231 2133 1276 unum
2172 1203 2432 1294 efficiS,
2483 1221 2565 1276 ut
2600 1232 2638 1277 a
2683 1232 2803 1278 me

662 1343 936 1402 ¹manus
969 1316 1401 1404 abstineam,
1435 1316 1741 1387 alterum
1770 1340 1921 1385 uon
1950 1331 2192 1413 poteS,
2228 1332 2310 1386 ut
2333 1341 2449 1387 me
2482 1342 2633 1388 non
2664 1343 2803 1387 no-

678 1430 807 1499 stri
847 1427 1128 1500 consilii
1170 1427 1477 1524 vitaeque
1526 1429 1895 1524 poeniteat.
1948 1425 2140 1514 Quid
2183 1429 2375 1496 enim
2420 1443 2559 1513 est,
2602 1427 2803 1523 quod

677 1563 795 1610 me
830 1540 1174 1624 retineat,
1212 1538 1600 1634 praesertim
1642 1537 1701 1605 si
1735 1532 1940 1633 spes-²·
1978 1560 2060 1605 ea
2097 1561 2242 1605 non
2285 1551 2427 1621 est,
2476 1562 2636 1633 quae
2667 1561 2804 1606 nos

678 1647 1209 1748 proficiscentes
1239 1645 1865 1744 prosequebatur?
1890 1652 2054 1719 Non
2083 1644 2368 1738 faciam,
2399 1663 2482 1718 ut
2512 1672 2807 1719 enume-

677 1785 826 1831 rem
869 1760 1186 1831 miserias
1221 1782 1513 1842 omneS,
1547 1759 1624 1828 in
1659 1781 1839 1854 quas
1874 1755 2094 1827 incidi
2136 1782 2266 1855 per
2295 1781 2647 1828 summam
2689 1760 2803 1827 in·

670 1873 931 1964 juriam
965 1883 1036 1939 et
1070 1867 1300 1939 scelus
1334 1892 1483 1937 non
1517 1880 1663 1938 tam
1695 1869 2154 1938 inimicorum
2190 1891 2554 1954 meorum,
2585 1892 2805 1965 quam

676 1980 1089 2051 invidorum
1105 1982 1164 2061 4,
1224 2002 1315 2047 ne
1354 1993 1425 2048 et
1465 2002 1711 2048 meum
1750 2003 2137 2048 moerorem
2187 1981 2576 2075 exagitem,
2614 1992 2685 2048 et
2733 1994 2805 2048 te

673 2092 751 2158 in
805 2085 1137 2159 eumdem
1199 2086 1472 2157 luctum
1531 2111 1805 2158 vocem.
1867 2094 2020 2158 Hoc
2067 2086 2382 2172 affirm0,
2440 2091 2806 2158 neminem

673 2221 1021 2293 umquam
1061 2210 1256 2267 tanta
1292 2196 1688 2267 calamitate
1717 2222 1870 2267 esse
1907 2189 2280 2284 affectum,
2308 2199 2580 2267 nemini
2609 2221 2804 2267 mor-

675 2322 821 2377 tem
851 2310 1077 2404 magis
1108 2305 1497 2404 optandam
1526 2305 1748 2377 fuisse
1779 2334 1794 2376 t
1827 2308 2034 2402 cujus
2066 2306 2492 2406 oppetendae
2519 2321 2806 2406 tempus

674 2416 1257 2489 honestissimum
1314 2420 1872 2514 praetermissum
1924 2433 2046 2487 est.
2111 2418 2412 2516 Reliqua
2479 2436 2806 2517 tempora

675 2552 827 2597 non
873 2541 1043 2597 sunt
1084 2526 1231 2620 jam
1270 2524 1360 2595 ad
1416 2527 1882 2612 medicinam,
1933 2526 2058 2597 sed
2110 2526 2198 2597 ad
2247 2529 2466 2602 finem
2514 2530 2804 2601 doloris.
2899 2552 2904 2557 “

667 2642 777 2707 De
804 2635 1173 2733 republica
1199 2636 1411 2708 video
1444 2652 1518 2708 te
1555 2638 1891 2733 colligere
1927 2640 2201 2723 omnia,
2242 2665 2402 2736 quse
2433 2656 2644 2739 putes
2677 2642 2803 2710 ali·

670 2768 889 2843 quam
943 2769 1146 2844 spem
1186 2745 1361 2815 mihi
1395 2771 1608 2844 posse
1649 2740 1909 2817 afferre
1955 2746 2462 2819 mutandarum
2512 2775 2754 2821 rerum
2787 2778 2802 2817 :

670 2882 830 2953 quae
867 2880 1303 2953 quamquam
1336 2860 1588 2954 exigua
1619 2871 1816 2939 sunt,
1853 2872 2090 2927 tamen
2112 2912 2130 2943 ,
2163 2864 2510 2955 quoniam
2539 2859 2803 2957 placet,

671 2982 1190 3064 exspectemus.
1216 2973 1326 3037 Tu
1361 2966 1589 3036 nihilo
1613 2969 1886 3051 minus,
1911 2970 1967 3037 si
1997 2970 2438 3066 properariS,
2471 2995 2604 3041 nos
2633 2995 2806 3040 con-

670 3100 996 3172 sequere.
1049 3079 1229 3146 Nam
1282 3090 1406 3146 aut
1460 3075 1884 3146 accedemus
1934 3079 2007 3146 iu
2054 3082 2384 3174 Epirum,
2439 3096 2563 3150 aut
2604 3080 2804 3150 tarde

670 3211 802 3283 per
820 3183 1296 3256 Candaviam⁵
1327 3184 1613 3256 ibimus,
1642 3184 2182 3257 Dubitationem
2205 3198 2440 3259 autem
2465 3188 2557 3259 de
2585 3191 2803 3285 Epiro

671 3436 726 3473 ut
743 3420 865 3472 nihil
883 3423 1053 3472 vellem
1072 3423 1223 3486 magis
1245 3435 1259 3471 :
1287 3424 1371 3471 sed
1396 3434 1442 3470 et
1463 3423 1694 3473 Catilina·
1856 3425 1904 3470 3.
1926 3426 2054 3488 Spes.
2085 3428 2202 3471 Fore
2220 3437 2275 3472 ut
2296 3424 2429 3472 brevi
2450 3440 2802 3485 revocaremur,

671 3506 728 3552 rii
750 3504 942 3553 exsules
957 3504 1010 3550 iu
1022 3503 1204 3551 Achaia
1221 3513 1267 3550 et
1282 3504 1572 3567 propinquis
1588 3519 1696 3568 pur-

674 3584 803 3630 tibm
836 3582 971 3647 Epiri
1013 3592 1197 3629 tantum
1237 3582 1485 3645 quatridui
1523 3583 1694 3630 itinere

673 3661 849 3709 absunt
867 3696 882 3717 ,
912 3672 961 3708 et
994 3660 1217 3711 Clodiani
1252 3660 1697 3724 interpretabuntur

673 3739 963 3787 Buthrotum
986 3732 1223 3803 oppidum
1240 3774 1253 3799 ‚
1278 3740 1367 3787 sub
1389 3756 1489 3803 quo
1510 3739 1624 3787 villa
1647 3751 1694 3787 et

673 3816 920 3864 castellum
948 3828 1085 3866 tuum
1110 3828 1206 3877 est,
1231 3818 1293 3865 ab
1320 3818 1458 3866 Italia
1485 3835 1587 3867 non
1616 3818 1692 3866 di·

673 3907 798 3941 stare
829 3896 1179 3961 quadringenta
1215 3898 1388 3956 millia,
1422 3900 1549 3946 iutra
1586 3914 1695 3961 quae

677 3974 797 4021 nihi
837 3989 938 4021 uon
977 3973 1091 4022 licet
1123 3992 1242 4024 esee.
1282 3979 1354 4025 De
1390 3979 1542 4027 Attici
1581 3977 1697 4026 villa

677 4068 833 4116 prope
868 4052 1185 4113 Buthrotum,
1224 4056 1309 4103 lib.
1344 4060 1412 4103 vl
1435 4091 1449 4115 ‚
1483 4069 1530 4105 et
1559 4057 1692 4105 alibi.

679 4132 878 4177 Por-mn.

1782 3502 1917 3567 quod
1943 3502 2017 3550 ini
2042 3503 2187 3551 amici
2207 3505 2315 3564 ejus
2341 3516 2677 3567 persuaserant
2692 3537 2710 3564 ‚
2731 3513 2802 3551 =ut

1785 3581 1992 3629 cederet.
2021 3581 2334 3630 coam—sic
2367 3584 2422 3641 1,
2453 3584 2510 3639 4,
2548 3583 2610 3629 ud
2638 3586 2702 3645 Q.
2723 3587 2799 3629 Fr.

1786 3663 1962 3724 -Saepe
2000 3660 2163 3707 triduo
2197 3677 2379 3707 summu
2409 3677 2519 3708 cum
2547 3662 2700 3726 gloria
2729 3660 2803 3709 di·

1785 3742 1930 3789 cebar
1949 3758 2051 3788 esse
2074 3741 2317 3788 rediturus
2329 3764 2371 3791 ι».
2403 3744 2497 3790 En.
2649 3738 2652 3741 ¹
2695 3740 2700 3745 ”

1856 3830 1904 3876 4.
1933 3819 2231 3868 Invidormn.
2263 3821 2478 3885 Respicit
2505 3821 2730 3879 Arrium,
2756 3831 2805 3867 et

1783 3898 2047 3948 nonnullos
2084 3899 2206 3946 alios
2247 3917 2308 3947 ex
2350 3901 2562 3947 factione
2597 3900 2801 3964 optima·

1785 3979 1934 4034 tium,
1964 3980 2206 4041 pra-cipue
2236 3981 2564 4028 Hortensium.
2595 3978 2707 4044 (Ad
2734 3981 2798 4040 Q.

1783 4061 1858 4104 Fr.
1882 4059 1934 4114 1,
1962 4058 2009 4103 3.
2033 4056 2050 4117 )
2083 4058 2177 4104 En.

1857 4135 1903 4180 5.
1951 4134 2270 4183 Candaviam.
2321 4130 2541 4184 Moute'm
2591 4135 2801 4202 Illyrici,
