3023 4773
552 390 1075 463 EPISTOLAE
1121 390 1260 460 AD
1310 389 1804 480 A‘r'rlch,
1855 394 1986 481 lv,
2038 390 2104 464 3.
2256 393 2394 492 487
2451 379 2460 387 '

367 514 552 595 Ante
610 510 805 585 diem
859 537 908 582 x
962 510 1101 588 kal.
1155 509 1523 583 nundinae.
1579 515 1851 585 Concio
1895 513 2124 586 biduo
2176 514 2398 587 nulla.
2453 538 2465 546 ·

272 625 461 695 Ante
504 623 696 694 diem
734 647 866 692 vm
916 621 1056 693 kal.
1107 621 1261 692 haec
1304 646 1439 719 ego
1477 622 1912 713 scribebam,
1952 626 2133 696 hora
2168 629 2402 698 noctis

271 758 490 804 nona.
535 732 712 805 Milo
729 737 1080 831 Campum
1110 733 1260 829 jam
1290 732 1604 804 tenebat.
1646 734 2029 807 Marcellus
2058 736 2400 809 candida·

270 844 469 912 tus⁴¹
532 845 632 915 ita
689 840 1066 931 stertebat,
1120 855 1204 914 ut
1252 865 1389 940 ego
1446 846 1725 915 vicinus
1777 845 2123 917 audirem.
2171 847 2405 919 Clodii

270 953 709 1025 vestibulum
760 976 1069 1024 vacuum
1130 977 1302 1024 sane
1356 953 1582 1053 mihi&
1598 954 2093 1027 nuntiabatur.
2156 959 2404 1030 Paucis

269 1065 615 1160 pannosis
645 1063 832 1135 linea
862 1063 1136 1135 laterna
1152 1066 1242 1133 ⁴².
1280 1067 1448 1135 Meo
1485 1065 1790 1136 consilio
1825 1070 2071 1136 omnia
2106 1066 2208 1137 illi
2246 1065 2402 1138 fieri

270 1173 802 1269 querebantur,
861 1175 1091 1272 ignari
1146 1186 1505 1270 quantum
1558 1174 1633 1246 in
1691 1174 1818 1246 illo
1860 1175 2082 1246 heroe
2099 1172 2165 1226 ⁴³
2216 1189 2403 1249 esset

270 1284 525 1372 animi,
578 1298 936 1381 quantum
990 1284 1206 1354 etiam
1252 1282 1555 1354 consilii.
1615 1281 1943 1356 Miranda
1991 1285 2222 1355 virtus
2275 1300 2401 1356 est.

268 1394 471 1464 Nova
506 1392 839 1490 quaedam
869 1392 1111 1465 divina
1139 1396 1350 1464 mitto
1383 1420 1398 1463 ε
1439 1391 1567 1464 sed
1601 1391 1752 1464 haec
1775 1418 2056 1465 summa
2093 1408 2224 1465 est.
2262 1399 2400 1467 Co-

267 1504 467 1574 mitia
517 1502 672 1574 fore
717 1528 867 1574 non
924 1502 1255 1574 arbitror.
1319 1507 1552 1575 Reum
1617 1501 1992 1592 Publium,
2048 1508 2183 1576 nisi
2231 1520 2401 1577 ante

269 1616 548 1683 occisus
609 1616 777 1700 erit,
831 1610 987 1684 fore
1028 1636 1069 1682 a
1119 1613 1392 1683 Milone
1451 1627 1658 1712 puto,
1711 1614 1783 1685 Si
1831 1637 1908 1685 se
1967 1614 2155 1685 inter
2212 1618 2401 1686 viam

267 1721 650 1812 obtulerit,
693 1725 1012 1794 occisum
1051 1723 1138 1792 iri
1176 1722 1267 1794 ab
1298 1723 1457 1821 ipso
1489 1724 1765 1795 Milone
1796 1723 2031 1795 video.
2070 1727 2239 1797 Non
2268 1723 2400 1798 du-

264 1831 451 1904 bitat
490 1831 763 1920 facere;
800 1857 941 1931 prae
971 1857 1045 1903 se
1079 1830 1258 1919 fert3
1295 1855 1534 1904 casum
1552 1836 1617 1887 ⁴4
1647 1832 1852 1905 illum
1884 1848 2215 1905 nostrum
2248 1859 2397 1906 non

265 1943 685 2013 extimescit.
720 1945 1138 2038 Numquam
1180 1943 1372 2013 enim
1409 1943 1833 2040 cujusquam
1870 1943 2096 2014 invidi
2126 1958 2199 2015 et
2235 1969 2404 2044 per-

263 2051 398 2121 fidi
440 2051 739 2122 consilio
777 2064 886 2122 est
924 2076 1135 2139 usus;
1172 2073 1310 2122 nec
1355 2053 1569 2144 inerti
1607 2051 1924 2124 nobili&
1969 2053 2399 2126 crediturus

262 2165 415 2235 Nos
474 2163 715 2234 animo
768 2160 1115 2233 duntaxat
1168 2163 1534 2258 vigemus;
1587 2165 1801 2233 etiam
1859 2166 2120 2260 magis,
2183 2188 2402 2261 quam

262 2296 497 2368 quum
515 2271 953 2343 florebamus
967 2300 986 2360 ;
1000 2297 1077 2343 re
1098 2269 1423 2343 familiari
1444 2273 1876 2342 comminuti
1891 2297 2159 2345 sumus,
2179 2278 2406 2365 Quin-

263 2385 321 2454 ti
362 2380 599 2455 fratris
633 2396 876 2455 tamen
924 2382 1371 2471 liberalitati,
1409 2408 1547 2483 pro
1609 2380 2066 2455 facultatibus
2105 2388 2404 2475 nostris,

262 2517 360 2564 ne
391 2497 694 2565 omnino
735 2492 1123 2567 exhaustus
1161 2508 1387 2581 esset,
1440 2493 1568 2564 illo
1604 2508 2023 2582 recusante,
2065 2494 2404 2569 subsidiis

261 2606 660 2676 amicorum
673 2602 1290 2703 respondemusffi.
1307 2604 1500 2697 Quid
1519 2604 1800 2676 consilii
1815 2603 1908 2677 de
1927 2608 2130 2678 omni
2148 2620 2401 2680 nostro

336 2947 421 2996 ιι.
464 2940 726 2991 namma
767 2942 1077 2993 candidatus.
1108 2936 1281 2991 ΕΜΠ-

264 3019 395 3078 tius;
420 3021 508 3085 qui
534 3031 694 3069 tamen
716 3032 921 3071 stertens
946 3040 1118 3087 parum
1142 3021 1281 3071 labo-

262 3115 370 3147 rare
394 3099 457 3148 de
484 3101 695 3149 comitiis
721 3100 997 3151 videbatur.
1028 3107 1173 3153 Hune
1198 3118 1283 3150 au·

262 3188 362 3226 tem
396 3180 455 3229 C.
493 3179 779 3227 Marcellum
812 3181 1007 3245 potins,
1036 3196 1182 3245 quam
1208 3183 1282 3230 M.

263 3268 387 3321 puto
412 3259 574 3307 fuisse.
602 3260 727 3309 Nam
751 3261 967 3323 Marcus,
999 3261 1087 3325 qui
1112 3260 1284 3309 consul

261 3336 359 3385 fuit
399 3354 511 3385 cum
553 3341 655 3388 Ser.
700 3338 920 3403 Sulpicio
963 3339 1283 3404 quadriennio

261 3426 407 3480 post,
435 3416 587 3465 edilis
615 3435 716 3466 esse
752 3435 855 3466 non
882 3421 1048 3483 potuit
1077 3418 1286 3468 Marcel-

260 3495 368 3544 lino
393 3506 441 3543 et
462 3497 692 3562 Philippo
710 3514 838 3547 coss.
864 3516 1019 3563 quum
1036 3498 1239 3548 oedilitas
1255 3515 1283 3547 a

261 3574 524 3623 consulatu
544 3578 879 3641 quinquennio
902 3577 1071 3627 distet.

337 3662 423 3710 aa.
466 3656 660 3706 Paucis.
708 3657 943 3706 Gruterus
987 3675 1051 3706 ex
1097 3656 1248 3706 Bosio
1264 3691 1280 3717 ,

260 3749 407 3798 quem
431 3736 694 3799 sequimur,
725 3759 750 3779 α
769 3737 938 3785 Paucis
964 3738 1195 3803 pannosis
1222 3737 1281 3784 li-

258 3827 353 3861 nea
370 3812 553 3862 laterna
567 3836 613 3864 n.
635 3814 855 3864 Graevius
873 3817 1103 3878 conjicit:
1124 3841 1148 3860 ιι
1161 3820 1283 3867 Pau·

260 3892 334 3940 cis
369 3894 600 3957 pannosis
640 3910 736 3941 nna
776 3888 958 3943 laterna
974 3918 1016 3943 a.
1051 3896 1201 3960 Quod
1230 3908 1279 3946 et

257 3963 496 4011 vilitatem
505 3973 553 4012 et
562 3966 850 4030 paucitatem
860 3966 1111 4015 hominum
1123 3978 1280 4016 osten-

262 4040 355 4090 dit.
383 4042 559 4090 Gam-

338 4122 421 4178 43.
448 4124 617 4173 Her-oe.
648 4121 851 4173 Milone.
873 4124 945 4172 Ut
970 4140 1049 4189 ep.
1074 4133 1155 4185 14,
1179 4124 1215 4173 l.
1235 4124 1274 4175 1.

1442 2946 1528 2995 44.
1550 2937 1743 2989 Casum.
1763 2940 1936 2989 Ennii
1960 2940 2283 2991 calamitatem
2304 2955 2317 2990 ε
2345 2943 2397 2991 in

1369 3034 1516 3083 quam
1534 3017 1713 3078 incidi,
1734 3018 1846 3083 quia
1867 3021 2103 3085 pessimos
2116 3021 2249 3069 cives
2269 3021 2402 3070 occi·

1369 3097 1559 3147 det-ain.
1584 3097 1734 3147 ΜΛ..

1442 3178 1527 3232 ⁴5.
1557 3176 1711 3224 luet-ei
1738 3175 1906 3224 ηοόἰὶἰ.
1939 3177 2095 3227 Notat
2120 3193 2236 3238 eos,
2271 3192 2397 3242 quos

1367 3271 1401 3304 a
1425 3273 1476 3304 se
1499 3255 1809 3304 defendendo
1842 3266 1997 3305 metus
2027 3268 2288 3306 averterat.
2316 3259 2398 3306 Ad

1369 3334 1485 3382 niv.
1507 3334 1596 3383 lib.
1623 3337 1674 3395 1,
1701 3335 1846 3401 epist.
1870 3351 1921 3400 9.
1943 3339 2099 3387 lou.

1443 3413 1529 3468 46.
1543 3414 1917 3479 Respondemus.
1932 3417 2109 3465 Sensus
2117 3425 2188 3463 est
2199 3432 2273 3474 ,se
2286 3431 2396 3479 qua

1372 3493 1436 3554 Q.
1455 3493 1535 3542 Fr.
1566 3493 1619 3541 in
1637 3509 1748 3541 eum
1768 3494 2029 3543 contulerit
2051 3493 2253 3543 reddere
2275 3495 2397 3543 velle

1369 3586 1464 3635 pro
1483 3587 1572 3619 sua
1594 3572 1761 3637 eopia,
1787 3589 1849 3621 ne
1872 3572 2045 3638 etipse
2064 3574 2211 3621 frater
2230 3583 2365 3637 egeat
2377 3608 2393 3632 ,

1368 3661 1416 3699 et
1437 3651 1489 3697 in
1514 3649 1611 3699 boc
1632 3652 1705 3699 uti
1728 3651 1958 3701 subsidiis
1977 3651 2244 3700 amicorum
2257 3688 2272 3711 ,
2294 3653 2391 3701 boo

1367 3739 1462 3789 est,
1496 3740 1712 3777 mutuam
1747 3741 1914 3795 petere
1949 3731 2011 3779 ab
2047 3731 2214 3778 amicis
2244 3747 2394 3795 pecu·

1366 3808 1522 3867 niam,
1556 3825 1703 3873 quam
1729 3808 1814 3857 det
1845 3809 2006 3868 fratri,
2037 3809 2259 3873 quamvis
2285 3826 2388 3858 eam

1365 3896 1574 3935 recuset.
1588 3887 1891 3952 Respondete
1906 3888 2136 3937 dicuntur
2152 3888 2394 3954 eleganter

1367 3965 1637 4029 debitores,
1663 3967 1748 4031 qul
1774 3966 1836 4015 ad
1865 3967 1992 4017 diem
2019 3969 2232 4018 solvunt.
2258 3968 2389 4017 Vide

1366 4048 1590 4097 Gronov.
1643 4042 1730 4096 lib.
1778 4048 1828 4096 11
1880 4049 2133 4101 Observat.
2181 4065 2287 4113 cap.
2340 4055 2389 4103 4.

1363 4127 1549 4178 Gnaev.
