3023 4773
588 448 1132 519 EPISTOLAE
1183 448 1321 514 AD
1370 448 1880 533 ATTICUM,
1930 450 2048 531 11,
2087 445 2197 516 25.
2320 452 2450 532 421

340 569 479 642 Sed
498 594 633 642 nos
652 585 983 640 tenemus
1011 580 1451 664 praeceptum
1477 565 1692 653 illud,
1713 568 1826 649 τὰς
1861 564 2023 639 τῶνῑ·
2055 573 2463 664 κρατούντων.

343 685 434 750 At
462 679 755 751 hercule
774 679 952 749 alter
971 693 1139 760 tuus
1157 677 1520 747 familiaris
1536 731 1556 764 ,
1581 677 1915 748 Hortalus
1930 675 1987 766 ⁶,
2016 704 2231 777 quam
2255 680 2465 776 plena

341 814 599 877 manu,
651 812 870 887 quam
921 791 1272 885 ingenue,
1330 811 1549 883 quam
1600 801 1851 858 ornate
1899 803 2176 859 nostras
2219 789 2467 861 laudes

340 900 417 968 iu
464 913 653 970 astra
702 897 1023 984 sustulit,
1067 921 1297 994 quum
1341 897 1430 968 de
1465 897 1694 968 Flacci
1724 912 2069 995 praetura,
2110 913 2183 969 et
2217 899 2306 969 de
2341 900 2466 971 illo

339 1025 670 1107 tempore
706 1006 1178 1105 Allobrogum
1213 1006 1531 1078 diceret?
1568 1007 1680 1078 Sic
1713 1006 2016 1094 habeto,
2054 1032 2190 1078 nec
2221 1031 2464 1078 aman·

339 1120 514 1206 tius,
543 1144 676 1190 nec
704 1116 1338 1203 honorificentius,
1375 1141 1510 1187 nec
1543 1120 1906 1224 copiosius
1946 1119 2264 1214 potuisse
2302 1117 2463 1188 dici.

337 1232 418 1298 Ei
459 1243 529 1300 te
571 1229 712 1300 hoc
751 1227 1068 1300 scribere
1101 1251 1141 1297 a
1178 1251 1294 1297 me
1340 1223 1471 1296 tibi
1511 1250 1664 1299 esse
1698 1230 2032 1316 missum,
2069 1251 2238 1298 sane
2275 1229 2462 1306 volo.

336 1338 474 1409 Sed
511 1337 690 1435 quid
723 1353 805 1409 tu
838 1336 1153 1410 scribas?
1180 1359 1401 1433 quem
1434 1335 1585 1429 jam
1626 1359 1763 1432 ego
1798 1338 2045 1407 venire
2084 1350 2303 1433 atque
2339 1337 2464 1407 ad-

342 1472 492 1520 esse
528 1448 862 1519 arbitror.
893 1452 1001 1518 Ita
1036 1448 1231 1518 enirn
1270 1446 1382 1543 egi
1420 1461 1660 1517 tecum
1698 1446 2194 1544 superioribus
2224 1447 2466 1518 literis.

340 1557 566 1628 Valde
610 1574 683 1629 te
718 1572 1095 1654 exspect0‚
1131 1555 1336 1626 valde
1374 1553 1743 1642 desider03
1782 1579 2023 1652 neque
2046 1579 2181 1652 ego
2212 1559 2471 1652 magis,

342 1690 559 1762 quam
592 1671 746 1766 ipsa
778 1691 893 1739 res
931 1681 1003 1738 et
1036 1681 1324 1763 tempus
1353 1667 1605 1762 poscit.

437 1779 559 1848 His
583 1777 674 1847 dc
701 1779 1005 1874 negotiis
1028 1774 1209 1874 quid
1238 1774 1544 1845 scribam
1566 1774 1657 1845 ad
1687 1789 1793 1861 te,
1835 1775 1972 1844 nisi
2006 1772 2197 1843 idem
2216 1828 2235 1861 ‚
2265 1775 2469 1870 quod

297 1957 300 1962 ,
340 1888 564 1983 saepe?
584 1886 980 1984 Republica
1001 1886 1180 1956 nihil
1206 1884 1684 1982 desperatius3
1707 1886 1814 1971 iis,
1834 1907 2150 1982 quorum
2168 1895 2193 1938 7
2225 1909 2470 1983 opera,

339 1996 523 2065 nihil
575 1998 846 2091 majore
896 1995 1088 2065 odio,
1135 1999 1320 2078 Nos,
1380 2009 1459 2064 ut
1504 1996 1793 2090 opinio,
1834 2010 1906 2065 et
1941 2018 2135 2091 spe5‚
2177 2009 2248 2064 et
2292 2020 2470 2066 con-

337 2104 617 2196 jectura
653 2118 898 2174 nostra
924 2101 1094 2189 fert,
1127 2102 1536 2172 firmissima
1563 2101 2052 2175 benivolentia
2085 2104 2465 2175 hominum

343 2214 605 2282 muniti
643 2238 912 2284 sumus.
954 2217 1197 2304 Quare
1233 2211 1487 2282 advola
1518 2239 1534 2281 ε
1569 2226 1693 2282 aut
1729 2212 2063 2309 expedies
2096 2238 2232 2285 nos
2268 2218 2471 2284 omni

341 2321 706 2412 molestia,
738 2339 863 2395 aut
889 2325 1029 2396 eris
1060 2325 1438 2423 particeps.
1477 2320 1653 2394 Ideo
1681 2345 1838 2393 sum
1872 2321 2193 2409 brevior,
2232 2325 2426 2422 quod
2449 2380 2469 2412 ‚

339 2446 425 2502 ut
468 2456 719 2529 spero,
754 2458 1007 2509 coram
1032 2433 1235 2505 brevi
1272 2448 1603 2530 tempore
1641 2431 2008 2521 conferre,
2057 2458 2217 2531 quae
2258 2436 2467 2505 volu-

340 2564 538 2628 mus,
579 2541 844 2613 licebit.
885 2547 1112 2630 Cura‚
1150 2557 1233 2613 ut
1271 2543 1520 2612 valeas,

338 2724 489 2772 lucris
531 2727 839 2775 circumtecta
860 2761 875 2784 ‚
928 2727 1112 2791 quique
1163 2728 1358 2774 minime
1446 2726 1674 2773 stultitias
1700 2728 1822 2775 ferre
1853 2739 2078 2792 oportet,
2107 2730 2183 2777 vel
2214 2739 2412 2794 peccatu
2427 2752 2468 2778 n.

343 2803 534 2849 sincero
572 2815 621 2852 et
654 2805 866 2854 madido
902 2808 1017 2854 estis
1046 2805 1237 2863 animo,
1272 2806 1359 2855 sed
1444 2807 1525 2854 Sic
1552 2805 1813 2869 Polynices
1845 2807 1979 2870 apud
2015 2808 2183 2870 Eurip.
2213 2810 2262 2854 in
2296 2810 2468 2856 Phoeu.

341 2893 532 2930 versute
557 2885 719 2931 omnis
744 2886 969 2948 cogitatis
982 2907 1096 2934 n.—
1110 2884 1357 2933 Ernestius
1447 2901 1493 2933 v.
1516 2892 1644 2941 404,
1665 2882 1745 2932 ed.
1768 2884 1978 2933 Brunck.

345 2959 467 3006 male
492 2960 683 3009 videtur
709 2963 812 3010 haec
837 2963 1079 3029 accepisse
1108 2963 1169 3012 de
1204 2965 1353 3013 mori·
1516 2963 1566 3011 6.
1600 2962 1844 3010 Hortalus.
1881 2965 1944 3025 Q.
1979 2964 2268 3012 Hortensius
2286 2975 2467 3021 orator,

346 3036 435 3084 bus
457 3040 687 3089 Varronis
706 3074 720 3098 ‚
747 3058 855 3105 quae
882 3043 1025 3090 nimis
1050 3058 1244 3106 gravem
1270 3042 1354 3089 hs·
1447 3042 1535 3105 qui
1549 3040 1765 3089 defendit
1785 3043 1841 3090 1..
1856 3041 2105 3089 Valerium
2125 3043 2364 3102 Flaccum,
2377 3061 2467 3108 pro

343 3116 513 3165 berent
540 3121 643 3180 ejus
666 3120 1090 3185 vituperationem.
1108 3123 1199 3168 En.
1449 3137 1551 3186 quo
1571 3131 1726 3169 exstat
1744 3120 1997 3170 Ciceronis
2013 3121 2189 3168 oratio.

416 3197 462 3245 5.
485 3193 580 3255 Τὰς
597 3203 691 3249 τῶν
708 3198 1018 3266 κρατούντων.
1039 3222 1064 3242 -
1078 3200 1361 3249 Potentiam
1523 3217 1571 3261 7.
1595 3202 1812 3265 Quorum
1830 3215 1997 3265 opera.
2017 3202 2280 3263 Despersu
2295 3211 2382 3248 est.

2475 4290 2948 4657 Γ
