3023 4773
602 380 1116 449 PRAEFATIO
1164 380 1660 448 SIMEONIS
1712 381 2007 448 BOSII.
2218 376 2373 474 '257

340 505 432 566 De
461 499 694 564 ondine
727 499 1192 588 Epistularum,
1222 522 1365 589 quae
1403 500 1502 564 his
1533 500 1714 563 libris
1748 500 2205 581 continentur,
2247 500 2377 564 hoc

264 608 446 673 semel
497 607 744 671 dictum
795 605 987 670 volo:
1037 607 1436 694 quicumque
1482 628 1588 669 eas
1632 606 1921 693 primum
1966 605 2263 695 digessit,
2304 620 2380 669 ut

262 714 442 779 hodie
489 713 830 802 leguntur,
889 735 1041 776 eum
1096 735 1231 776 non
1269 734 1552 776 servasse
1596 727 1968 799 temporum
2023 713 2377 792 rationem,

260 844 378 906 qua
424 820 677 907 scriptae
722 819 1007 881 fuerunt.
1031 819 1277 881 Verum
1312 816 1462 904 quia
1505 839 1639 879 non
1681 816 1806 878 alio
1852 813 2081 879 ordine
2127 832 2379 880 exstant

257 928 317 990 in
348 927 531 990 libris
565 925 884 1012 antiquis,
927 947 1123 1013 quam
1155 925 1224 987 in
1259 924 1567 1012 vulgatis,
1616 922 1797 986 hunc
1837 912 2122 986 errorem
2163 924 2380 1009 potius

253 1031 591 1097 ferendum
626 1030 815 1111 duxi,
849 1052 1046 1118 quam
1079 1053 1158 1094 ex
1195 1030 1501 1118 opinione
1535 1028 1891 1117 quidquam
1923 1027 2331 1092 mutandum.

890 1222 2360 1256 mmmwufflnsmmmmmmm

256 1430 883 1542 JOANNES
947 1433 1674 1541 GEORGIUS
1730 1434 2381 1540 GRAEVIUS

1039 1678 1603 1757 LEcToRL

266 2019 552 2144 Hau-:s
590 2074 699 2138 hic
745 2055 1065 2138 sexdecim
1105 2055 1438 2167 Ciceronis
1487 2073 1564 2138 ad
1612 2075 1899 2139 Atticum
1950 2064 2384 2166 Epistularum

256 2183 627 2262 volumina,
684 2202 827 2267 quae
882 2179 1115 2266 partim
1165 2202 1282 2266 per
1333 2178 1658 2269 diritatem
1707 2198 2073 2269 temporum
2095 2233 2113 2266 ,
2149 2189 2385 2275 partim

256 2311 373 2377 per
401 2289 687 2351 fatorum
721 2285 1040 2375 insignem
1073 2285 1255 2350 illum
1284 2285 1705 2374 bibliopolam
1727 2337 1745 2371 ,
1781 2288 2112 2355 Danielem
2142 2295 2388 2359 Elsevi·

257 2396 466 2477 rium,
504 2393 619 2480 qui
653 2390 911 2455 illorum
951 2390 1303 2455 editionem
1341 2392 1473 2455 suis
1511 2394 1679 2481 typis
1723 2396 2196 2482 procurandam
2250 2425 2392 2466 sus-

255 2516 547 2591 ceperat,
600 2498 788 2562 nobis
845 2497 1259 2586 eripientium
1315 2498 1761 2583 acerbitatem,
1810 2500 2056 2567 diutius
2115 2506 2390 2576 aliorum

256 2630 403 2695 spe,
437 2605 811 2691 nostrisque
832 2604 999 2668 votis
1028 2605 1199 2667 inter
1224 2625 1572 2691 operarum
1600 2629 1828 2697 manus
1857 2611 2123 2676 fuerunt
2137 2611 2390 2692 jactata,

258 2717 480 2799 Quam
513 2714 831 2777 rationem
879 2712 946 2775 in
990 2712 1070 2775 iis
1107 2710 1377 2776 edendis
1426 2730 1825 2800 sequuturus
1871 2719 2139 2803 fuerim,
2179 2720 2392 2786 decla-

257 2823 390 2886 ravi
420 2818 678 2884 dudum
715 2820 782 2881 in
826 2818 1170 2905 prooemiO,
1201 2816 1382 2905 quod
1416 2818 1745 2906 praefixum
1780 2837 1876 2885 est
1909 2824 2030 2888 illis
2051 2873 2069 2906 ,
2117 2850 2260 2914 quae
2292 2827 2394 2892 di·

256 2943 504 2991 cuntur
538 2924 622 2989 ad
660 2923 1023 2988 Familiares
1059 2922 1329 3010 scriptae.
1381 2924 1606 3011 Ipsum
1648 2925 1976 2990 Ciceronis
2019 2947 2394 2995 contextum

258 3032 542 3096 maxime
583 3027 922 3116 composui
967 3019 1050 3090 ad
1082 3026 1256 3090 Petri
1281 3027 1593 3110 Victorii,
1629 3029 1737 3092 cui
1763 3030 1986 3094 Cicero
2011 3055 2143 3119 prae
2169 3038 2399 3100 ceteris

257 3139 540 3203 salutem
568 3133 796 3214 debet,
829 3130 1182 3195 editionem
1223 3145 1651 3219 postremam,
1697 3158 1841 3222 quae
1874 3136 2212 3201 Florentiae
2245 3163 2402 3227 pro-

256 3243 379 3307 diit
424 3238 613 3331 apud·
647 3241 874 3303 luntas
912 3237 1003 3301 Μ.
1033 3238 1110 3300 D.
1149 3237 1382 3301 LXXI.
1423 3240 1640 3322 Hanc,
1685 3260 1893 3328 quum
1930 3242 2247 3307 rarissima
2278 3247 2398 3326 sit,

257 3367 324 3413 et
343 3373 383 3414 a
405 3347 633 3438 paucis
656 3346 725 3408 in
750 3344 851 3408 his
874 3342 1057 3407 terris
1080 3341 1211 3406 visa
1228 3390 1247 3424 ,
1280 3365 1538 3408 mecum
1568 3349 2069 3413 communicavit
2090 3374 2399 3440 magnum
2490 3411 2504 3430 „

257 3453 428 3519 illud
453 3476 588 3517 non
615 3450 888 3514 Etruriae
912 3447 1141 3530 solius,
1173 3446 1289 3511 sed
1309 3448 1586 3538 Europae
1610 3449 1840 3534 decus,
1864 3455 2160 3517 omnium
2190 3457 2405 3522 erudi-

257 3578 486 3625 torum
508 3579 695 3621 amor
725 3578 800 3619 ac
830 3554 1084 3635 delicia,
1108 3554 1430 3618 Antonius
1451 3555 1992 3646 Magliabechius,
2022 3560 2206 3640 cujus
2238 3563 2407 3629 bene

258 3665 348 3731 de
374 3663 562 3730 omni
594 3661 889 3727 doc-trina
908 3708 927 3742 ,
965 3677 1031 3724 et
1062 3660 1461 3748 quicumque
1485 3661 1784 3750 dignitati
1814 3665 1950 3744 ejus
1987 3666 2245 3733 tuendae
2276 3693 2408 3735 ser*

258 3772 495 3852 viunt,
539 3766 833 3831 merendi
866 3764 1157 3830 studium
1192 3781 1268 3829 ut
1297 3788 1655 3854 numquam
1688 3769 1924 3833 fatiscit
1945 3818 1963 3852 ,
1991 3770 2082 3836 sic
2119 3796 2239 3838 nec
2274 3775 2412 3839 laus

257 3877 450 3958 eius,
489 3874 792 3937 omnium
841 3894 955 3935 ore
1007 3871 1360 3952 celebrata,
1412 3872 1527 3937 sed
1578 3874 1760 3937 omni
1810 3878 2135 3963 praeconio
2187 3881 2415 3961 major,

264 4003 592 4071 umquam
627 3979 1039 4043 conticescet.

315 4118 330 4126 ·
344 4084 1218 4164 PostVictorium,Ciceronis
1234 4101 1296 4150 et
1314 4084 1672 4150 multorum
1690 4087 1961 4154 aliorum
1975 4091 2418 4179 praestantium

520 4196 611 4261 ῙῙ,
663 4209 749 4252 050.
787 4223 895 4268 pars
930 4217 1106 4268 quarta.
2107 4214 2182 4287 17
