3023 4773
378 365 391 380 '
489 409 1054 479 EPISTOLAE
1104 411 1248 478 AD
1299 410 2018 495 ATTICUM,V1,
2069 408 2136 478 8.
2237 407 2381 482 633

252 555 502 631 quere.
545 529 688 602 Sed
738 530 920 602 heus
958 544 1073 619 tu,
1101 557 1282 602 num
1320 531 1495 628 quid
1537 531 1836 603 moleste
1871 529 2015 603 fers
2051 531 2142 602 de
2163 528 2192 573 3
2225 531 2352 601 illo
2376 586 2395 618 ,

251 642 380 738 qui
436 665 512 712 se
557 640 741 711 solet
798 637 1155 712 anteferre
1206 656 1468 739 patruo
1525 643 1792 712 sororis
1842 656 1982 711 tuae
2026 639 2204 711 filii?
2242 656 2315 711 at
2352 668 2393 711 a

252 750 521 848 quibus
544 752 819 823 victus?
846 749 986 823 Sed
1012 750 1104 823 ad
1130 776 1307 823 rem.
1337 757 1488 824 Nos
1515 752 1749 822 etesiae
1774 750 2393 823 vehementissime

250 862 633 934 tardarunt
659 867 715 932 4.
767 864 1096 934 Detraxit
1125 889 1221 933 xx
1256 864 1450 960 ipsos
1487 861 1641 934 dies
1699 864 1913 933 etiam
1957 861 2342 959 aphractus
2363 860 2392 906 ⁵

253 973 727 1044 Rhodiorum.
752 972 907 1043 Kal.
937 970 1217 1044 octobr.
1251 972 1539 1071 Epheso
1569 967 2187 1044 conscendentes⁶
2205 971 2397 1043 hanc

254 1083 634 1180 epistolam
663 1082 998 1155 dedimus
1032 1088 1113 1155 L.
1163 1085 1539 1180 Tarquitio
1563 1136 1583 1170 ‚
1624 1080 1838 1154 simul
1874 1106 1914 1152 e
1950 1095 2168 1177 portu
2205 1106 2399 1179 egre-

254 1190 523 1280 dienti,
583 1191 709 1264 sed
772 1192 1178 1291 expeditius
1249 1194 1635 1291 naviganti.
1709 1196 1862 1266 Nos
1939 1191 2397 1264 Rhodiorum

256 1299 612 1397 aphractis
634 1355 654 1389 ‚
702 1301 1104 1399 ceterisque
1171 1302 1406 1400 longis
1471 1303 1782 1374 navibus
1847 1301 2398 1399 tranquillitates

256 1412 683 1509 aucupaturi
710 1437 1017 1484 eramus.
1052 1416 1161 1484 Ita
1198 1429 1441 1485 tamen
1476 1411 2085 1511 properabamuS‚
2127 1428 2214 1484 ut
2249 1439 2399 1485 non
2473 1423 2480 1434 “

255 1535 496 1618 posset
558 1521 803 1616 magis.
844 1525 976 1592 ·De
1031 1523 1473 1596 raudusculo
1515 1534 1540 1578 ⁷
1587 1523 2023 1610 PuteolanO,
2089 1539 2393 1621 gratum.

254 1631 469 1701 Nunc
490 1629 707 1700 velim
734 1628 1080 1727 ‚dispicias
1106 1657 1222 1702 res
1245 1656 1579 1703 romanas
1603 1658 1623 1720 3
1654 1630 1893 1702 videas
1915 1684 1935 1718 ‚
1971 1629 2160 1728 quid'
2187 1629 2400 1701 nobis

256 1738 347 1810 de
389 1739 765 1837 triumpho
825 1740 1288 1837 cogitandum
1334 1756 1587 1840 putes;
1642 1741 1733 1811 ad
1769 1764 1987 1838 quem
2024 1741 2234 1810 amici
2285 1764 2403 1810 me

258 1863 541 1920 vocant.
567 1853 752 1946 Ego,
792 1850 931 1919 nisi
958 1848 1296 1938 Bibulus,
1339 1854 1503 1948 qui,
1547 1851 1718 1922 dum
1760 1874 1950 1920 unus
1981 1843 2298 1947 hospes⁸
2325 1852 2403 1919 in

258 1959 461 2053 Syria
488 1954 661 2040 fuit,
694 1957 955 2056 pedem
974 1973 1184 2058 porta
1221 1986 1372 2031 non
1402 1960 1568 2057 plus
1602 1961 1892 2048 extulit,
1925 1985 2147 2058 quam
2180 1959 2404 2032 domo

258 2079 436 2138 sua9
459 2122 479 2154 ‚
515 2065 963 2139 adniteretur
1008 2068 1100 2140 de
1157 2068 1562 2166 triumpho,
1607 2096 1816 2167 aequo
1866 2071 2109 2166 animo
2147 2093 2397 2140 essem.

260 2175 473 2244 Nunc
507 2197 681 2243 vero
717 2176 966 2270 αἰσχρὸν
1005 2183 1240 2267 σιωπᾷν
1267 2186 1348 2243 ¹⁰.
1395 2175 1535 2246 Sed
1580 2175 1876 2272 explora
1919 2201 2073 2251 rem
2120 2193 2345 2249 totam
2379 2204 2396 2244 τ

258 2279 377 2370 'ut‚
417 2307 568 2379 quo
607 2282 724 2355 die
763 2288 1127 2382 congressi
1172 2288 1475 2372 erimus,
1514 2284 1894 2356 consilium
1932 2313 2188 2389 capere
2231 2310 2402 2384 pos-

261 2395 505 2463 simus.
555 2398 645 2464 At
686 2395 917 2466 multa
952 2403 1058 2484 ¹¹3
1104 2399 1229 2493 qui
1269 2409 1342 2467 et
1379 2400 1883 2493 properarem,
1933 2415 2006 2470 et
2045 2402 2107 2472 ei
2164 2399 2404 2470 literas

263 2501 547 2591 darem,
593 2508 721 2601 qui
787 2519 911 2575 aut
955 2529 1278 2593 mecum,
1342 2520 1468 2575 aut
1529 2505 1776 2604 paullo
1838 2521 2003 2579 ante
2053 2521 2403 2579 venturus

264 2628 472 2686 esset.
514 2615 771 2687 Cicero
818 2614 951 2687 tibi
1003 2616 1388 2713 plurimam
1440 2616 1747 2687 salutem
1795 2615 1992 2689 dicit.
2048 2623 2162 2689 Tu
2209 2616 2404 2688 dices

266 2728 649 2822 utriusque
677 2740 1009 2798 nostrum
1048 2724 1285 2797 verbis
1324 2740 1395 2797 et
1431 2726 1620 2797 Piliae
1649 2741 1828 2817 tuae,
1867 2743 1940 2800 et
1976 2726 2158 2798 filiae.

338 2948 389 2996 3.
428 2949 505 2995 De
533 2946 636 2996 illo.
664 2948 724 2997 C.
756 2950 905 2997 Hirro
932 2950 1018 3013 qui
1046 2948 1287 3014 repulsam
1450 2965 1496 3009 7.
1522 2948 1856 2998 Raudusculo.
1886 2953 2058 3008 Forte,
2096 2949 2232 3013 quod
2256 2947 2402 3014 pecu-

265 3028 443 3076 tulerat
481 3027 535 3075 iu
566 3027 800 3077 edilitate
836 3030 1021 3089 curuli,
1063 3032 1226 3079 victus
1260 3046 1288 3076 a
1375 3029 1505 3075 niam
1540 3026 1838 3075 dissolveris.
1872 3028 1998 3076 Vide
2031 3030 2176 3092 epist.
2212 3029 2304 3092 lv,
2344 3045 2394 3089 7.

265 3107 342 3155 M.
368 3101 553 3167 Coe'lio,
568 3116 623 3156 ut
647 3109 699 3154 iu
722 3108 961 3172 petitione
981 3120 1244 3173 auguratus
1259 3127 1289 3157 a
1374 3108 1526 3155 ΜΔΕ.

201 3220 214 3248 ,
267 3188 537 3248 Cicerone,
580 3188 661 3235 cui
712 3203 763 3236 se
811 3187 983 3235 solitus
1017 3200 1121 3237 erat
1153 3199 1289 3236 aute·
1447 3188 1496 3234 8.
1537 3187 1738 3249 Hospes.
1782 3184 1909 3245 Alii,
1948 3183 2115 3235 bostis.
2149 3186 2265 3234 Plus
2299 3195 2399 3246 est,

269 3267 407 3315 ferre.
424 3266 506 3314 Ad
524 3266 639 3316 Div.
665 3266 754 3314 lib.
780 3267 928 3325 vm,
954 3283 1032 3330 ep.
1048 3283 1098 3329 9.
1122 3268 1282 3316 Pons.
1378 3284 1523 3333 quam
1538 3303 1552 3328 ,
1581 3270 1711 3315 Dum
1736 3283 1860 3314 unus
1882 3264 2030 3315 bostis
2062 3285 2080 3314 .-
2121 3283 2274 3331 quum
2299 3283 2404 3316 uon

343 3355 392 3402 4.
411 3346 547 3395 Nihil
564 3357 690 3411 puto
706 3345 993 3394 mutaudum
1013 3362 1293 3410 essequam·
1380 3348 1531 3395 modo
1552 3348 1717 3396 hostes
1732 3381 1748 3405 ,
1786 3345 1873 3394 sed
1906 3357 1956 3395 et
1987 3347 2235 3412 hospites,
2262 3348 2408 3395 Bibu-

272 3426 346 3473 vis
362 3428 547 3474 Ernest-
561 3425 877 3490 obloquatur.
902 3426 982 3474 Sic
1006 3426 1104 3474 fere
1122 3443 1290 3492 supra,
1380 3427 1458 3475 lus
1476 3427 1708 3475 timuerit.
1726 3429 1876 3474 Inus.

274 3508 338 3567 V,
356 3506 433 3553 13.
459 3508 573 3555 ΙΝ.
601 3509 658 3555 1..
1454 3522 1504 3567 9.
1533 3508 1691 3553 Domo
1714 3521 1823 3553 sua.
1851 3506 2016 3567 Quum
2044 3503 2196 3552 domo
2232 3506 2406 3554 consul

346 3583 397 3630 5.
422 3583 715 3647 Aphraceus.
743 3586 860 3648 Quo
880 3595 983 3632 tum
1005 3583 1296 3649 periculose,
1385 3601 1436 3632 se
1459 3585 1618 3633 tenuit
1640 3595 1773 3632 metu
1797 3585 2001 3632 Cauris
2018 3583 2234 3648 college.
2257 3586 2333 3633 In.

277 3675 382 3711 tum
407 3663 543 3711 tarde
568 3665 917 3728 navigavimus.
934 3665 1299 3726 Mam—Quid
1466 3679 1546 3712 ro.
1591 3662 1792 3730 Αἰσχρὸν
1823 3664 2026 3729 σιωπᾷν.
2053 3665 2209 3728 Turpe
2231 3676 2409 3713 tacere.

280 3739 526 3809 ἄφρωιτος
542 3779 556 3805 ,
583 3744 697 3791 vide
722 3760 868 3809 supra
881 3746 944 3804 V,
972 3759 1051 3791 11.
1388 3743 1573 3790 Versus
1609 3742 1860 3807 Euripidis
1892 3743 1944 3789 iu
1970 3741 2256 3792 Philoctete.
2281 3744 2411 3793 Vide

347 3822 398 3869 6.
417 3820 809 3869 conscendentes.
831 3825 891 3870 In
905 3838 1078 3870 navem
1094 3820 1298 3870 scilieet.
1389 3820 1475 3869 lib.
1493 3824 1568 3869 111
1586 3821 1646 3869 de
1670 3824 1811 3872 Orat.
1836 3837 1944 3885 cap.
1971 3821 2056 3870 3⁵.

279 3901 405 3947 Nam
430 3900 538 3947 sine
578 3900 855 3960 adJectione
881 3902 1043 3961 navis,
1084 3902 1155 3949 sic
1187 3917 1301 3949 con·
1466 3918 1545 3948 11.
1563 3901 1748 3950 Multa.
1776 3900 1991 3966 Supple,
2012 3900 2092 3949 vel
2112 3902 2310 3966 scripti,
2329 3902 2406 3950 vel

288 3979 512 4026 scendet-e
539 3980 711 4029 Cicero
738 3991 953 4045 usurpat.
976 3982 1153 4029 (ἡμῖν.
1390 3979 1645 4028 scribenda
1663 3991 1967 4044 superessent
1990 3979 2126 4029 mihi.
