3023 4773
887 364 1438 448 EPISTOLA-3,
1480 369 1697 454 XVI,
1752 393 1856 464 ¹7·
2306 377 2439 474 189

769 560 1778 588 mmmmm-“mmm
1783 570 2424 602 mmmmm

2165 647 2192 664 Χ

885 747 1496 832 EPISTOLA
1571 755 1880 835 XVII.

316 905 586 964 Tironem
614 905 878 966 modeste
915 908 1331 1004 reprehendit,
1377 911 1537 988 quod
1567 912 1846 974 adverbio
1854 919 2115 992 ffleffler
2139 942 2256 981 non
2289 895 2445 986 recie

390 1021 528 1060 usus
546 1001 754 1076 suerat,
776 1015 837 1061 et
854 1014 923 1060 ut
941 1002 1250 1062 valitudini
1269 1007 1497 1079 serviat,
1519 1005 1810 1068 admonet.
1827 1009 2023 1090 (Anno
2037 1020 2111 1075 U.
2129 1020 2192 1076 C.
2210 1023 2370 1098 707.)

873 1198 970 1264 M.
1006 1199 1083 1264 T.
1123 1200 1196 1264 C.
1231 1199 1538 1267 TIRONI
1582 1203 1649 1269 S.
1688 1204 1760 1271 P.
1797 1208 1878 1273 D.

404 1348 673 1432 me,
702 1343 882 1441 quid
912 1368 1079 1442 agas
1107 1360 1309 1416 :tuas
1333 1370 1631 1444 quoque
1652 1359 1671 1393 ¹
1695 1356 2033 1449 epistolas
2059 1362 2163 1431 vis
2198 1362 2449 1439 referri

312 1452 385 1520 in
421 1451 813 1521 volumina.
882 1450 1021 1521 Sed
1064 1450 1248 1522 heus
1291 1464 1414 1540 tu,
1459 1457 1590 1550 qui
1627 1463 1870 1526 κανὼν2
1913 1485 2065 1533 esse
2113 1489 2444 1544 meorum

312 1560 746 1655 scriptorum
777 1556 967 1628 soles
992 1611 1013 1644 ‚
1059 1557 1257 1628 unde
1289 1557 1468 1630 illud
1505 1574 1653 1631 tam
1690 1563 1912 1662 ἄκυρον
1929 1561 1983 1656 ³,
2019 1595 2443 1652 vsmrumm

312 1691 674 1736 mmmm}
716 1666 1240 1738 mslznvmnno?
1272 1668 1486 1740 Unde
1522 1673 1599 1740 in
1642 1676 1859 1745 istum
1899 1676 2141 1752 locum
2173 1709 2446 1760 mol-:m-

308 1800 439 1846 ‘nm
467 1776 716 1847 venit?
753 1779 871 1846 cui
909 1777 1137 1849 verbo
1174 1776 1625 1852 domicilium
1666 1798 1775 1855 est
1805 1793 2186 1886 proprium
2228 1799 2302 1866 in
2339 1798 2444 1871 of-

307 1884 474 1957 ficio
491 1940 511 1973 ‚
536 1888 1005 1983 migrationes
1031 1888 1106 1957 in
1143 1887 1457 1959 alienum
1487 1892 1750 1964 multae.
1778 1897 1960 1966 Nam
1983 1912 2054 1970 et
2078 1901 2441 1998 doctrina,
2467 1974 2478 1980 -

308 2011 377 2066 et
403 1995 670 2067 domus
687 2049 707 2083 ‚
749 2010 820 2066 et
840 2020 954 2066 ars
974 2051 993 2083 ‚
1025 2011 1096 2069 et
1120 2021 1290 2096 ager
1317 2000 1531 2071 etiam
1551 2055 1570 2087 ‚
1606 2000 1836 2075 fidelis
1863 2005 2007 2078 dici
2035 2026 2274 2107 potest
2303 2045 2319 2087 :
2358 2036 2443 2091 ut

306 2106 395 2177 sit
414 2162 433 2194 ‚
461 2106 839 2204 quomodo
869 2105 1370 2205 Theophrasto
1393 2110 1658 2206 placet,
1691 2119 2100 2192 verecunda
2130 2128 2434 2203 tralatio.

305 2216 444 2288 Sed
470 2216 623 2288 haec
661 2241 925 2288 coram.
964 2221 1380 2289 Demetrius
1405 2222 1605 2291 venit
1632 2220 1725 2293 ad
1756 2248 1873 2295 me
1903 2253 1919 2296 :
1962 2253 2112 2325 quo
2140 2239 2438 2332 quidem

304 2326 649 2394 comitatu
683 2325 1100 2418 ἀφωμίλησα4
1132 2353 1149 2397 :
1181 2330 1351 2398 satis
1379 2331 1537 2400 sciS.
1578 2334 1687 2402 Tu
1720 2356 1889 2405 eum
1925 2336 2255 2414 videlicet
2286 2358 2437 2419 non

302 2438 604 2533 potuisti
644 2434 908 2506 videre.
950 2440 1124 2508 Cras
1168 2437 1417 2509 aderit.
1456 2440 1753 2515 Videbis
1793 2448 2032 2544 igitur.
2074 2452 2256 2523 Nam
2299 2481 2435 2555 ego

370 2671 418 2702 ι.
454 2655 585 2701 Tuas
615 2669 824 2718 quoque.
857 2655 948 2714 Itu,
967 2666 1025 2703 ut
1059 2671 1178 2705 mee
1205 2648 1328 2705 refe-
1415 2657 1685 2709 stodiendis
1721 2663 2102 2733 ordinandisque
2140 2687 2303 2721 curam
2343 2691 2436 2741 po-
2543 2658 2548 2661 .

298 2745 489 2781 runtur.
526 2732 641 2781 Fuit
667 2733 796 2780 enim
830 2732 936 2782 hoee
965 2733 1114 2798 ipsius
1132 2736 1328 2784 Tironis

298 2828 443 2877 opera
469 2828 482 2859 z
520 2811 658 2875 qnod
686 2821 735 2859 et
768 2812 939 2876 Nepos
967 2813 1021 2859 in
1038 2814 1195 2862 Attici
1226 2815 1326 2862 vita

298 2892 543 2941 ostendit:
570 2904 623 2941 et
648 2891 823 2941 Cicero
845 2892 949 2956 ipse
972 2893 1117 2956 epist.
1138 2901 1200 2954 a,
1236 2893 1324 2943 lib.

296 2973 419 3019 xvl
435 3005 453 3031 ‚
475 2969 539 3018 sd
568 2972 678 3020 Ant.
711 2981 855 3034 negat
883 2971 1083 3035 quidem
1110 2988 1189 3020 ens
1214 2989 1242 3019 ι
1267 2990 1318 3022 se

295 3055 346 3099 in
373 3051 626 3099 volumius
652 3050 819 3098 referri
833 3084 848 3109 ,
883 3062 911 3098 a
939 3049 1122 3099 Tirone
1157 3063 1317 3100 tamen

294 3134 361 3179 ait
385 3132 576 3194 aliquas
601 3130 807 3178 servari:
847 3151 875 3171 α
891 3130 1111 3177 Mean-um
1137 3131 1318 3194 episto-

294 3213 449 3260 larum
472 3208 610 3257 nnlh
635 3217 708 3256 est
729 3207 1000 3277 συναγωγὴ,
1013 3220 1147 3258 ete.»
1170 3210 1315 3259 Mn«.

294 3319 361 3332 -·-
386 3294 606 3356 Quoque.
628 3292 759 3340 Hinc
777 3302 939 3356 potest
960 3291 1115 3338 videri
1139 3291 1320 3356 signifi·

292 3373 390 3419 etri
411 3368 668 3421 Ciceronis
687 3370 913 3436 epistolas
929 3372 1029 3432 iam
1050 3368 1113 3417 sb
1138 3387 1198 3419 eo
1216 3387 1318 3420 esse

290 3452 541 3503 collect-s.
562 3452 679 3502 -Sed
704 3454 810 3501 haec
838 3463 1031 3500 exstant
1063 3451 1128 3500 ad
1160 3454 1314 3503 Attio.

290 3535 413 3581 XVI
431 3569 447 3595 ,
473 3534 503 3581 5
523 3548 537 3583 z
571 3556 594 3578 ι
613 3549 825 3581 mearum
843 3533 1157 3597 epistolarum
1181 3534 1315 3582 nulla

290 3623 362 3660 est
385 3610 668 3682 συναγωγὴς
701 3613 786 3661 sed
813 3612 960 3661 habet
975 3613 1094 3661 Tiro
1114 3624 1309 3677 septua-

291 3691 424 3753 ginta
440 3715 485 3739 ε.
514 3693 606 3741 EI).

324 3774 327 3777 ‘
363 3787 414 3818 2.
449 3769 881 3835 Kavovsnegula.
921 3771 1097 3819 Utrum
1122 3770 1220 3819 hoc
1246 3771 1313 3821 ad

246 3878 249 3881 π
287 3848 525 3906 judicium
545 3850 740 3898 Tironis
754 3884 769 3907 ‚
790 3849 1085 3914 qui¹seripts
1113 3851 1312 3900 Cicero-

294 3927 370 3974 nis
392 3932 681 3988 examinare,
708 3941 854 3994 atque
888 3929 1133 3977 interdum
1167 3931 1309 3980 etiam

242 4032 250 4041 ·
296 4010 529 4073 corrigere
561 4011 733 4058 solitus
758 4020 906 4070 esset,
932 4027 995 4058 au
1020 4010 1084 4058 'ad
1105 4010 1308 4075 diligen-

301 4085 410 4134 ffim
428 4091 688 4153 pertineat,
709 4092 797 4156 qui
817 4106 1052 4139 summam
1074 4091 1124 4138 in
1144 4089 1206 4138 iis
1224 4107 1308 4139 en-

1414 2749 1550 2785 ueret
1566 2738 1588 2787 ?
1606 2739 1921 2801 adjudicium
1937 2749 2128 2811 potius,
2147 2762 2204 2798 ut
2221 2756 2402 2816 opinor
2413 2771 2431 2805 ε

1412 2816 1552 2879 quod
1593 2818 1813 2870 iudicant
1856 2841 1908 2872 es
1922 2861 1937 2885 ,
1985 2843 2095 2891 quae
2144 2844 2434 2895 sequuntur.

1411 2898 1621 2947 Miratur
1662 2901 1791 2949 euim
1847 2904 2021 2955 Cicero
2036 2944 2051 2966 ‚
2104 2926 2274 2973 parum
2320 2924 2433 2977 apte

1409 2977 1645 3025 translato
1680 2980 1831 3028 verbo
1852 2984 2083 3034 Tironem
2123 3004 2264 3037 usum
2300 3006 2401 3039 esse
2416 3026 2434 3053 ,

1405 3074 1550 3121 quem
1577 3059 1681 3122 ipse
1693 3059 1911 3118 judicem
1931 3064 2030 3110 suis
2046 3064 2100 3112 iu
2123 3067 2318 3131 scriptis
2342 3071 2428 3119 ha-

1405 3135 1518 3185 bere
1542 3139 1888 3188 consuevisset.
1913 3144 2061 3191 Min.

1480 3217 1527 3264 3.
1545 3203 1739 3285 Ᾰκυρον.
1759 3220 2088 3286 Improprium
2104 3256 2119 3282 ,
2137 3223 2296 3275 alieno
2315 3226 2427 3279 loco

1403 3296 1635 3359 positum.

1477 3383 1526 3431 4.
1552 3364 1862 3444 Ᾰφωμίλησα.
1883 3381 2161 3440 Ernestius,
2179 3398 2425 3448 praeeunte

1402 3455 1663 3515 lambino,
1696 3460 2038 3522 interpretatur
2070 3478 2185 3510 «me
2210 3478 2238 3512 a
2269 3468 2425 3517 collo-

1401 3534 1521 3598 quio
1542 3538 1762 3600 separavi
1780 3560 1821 3585 a.
1842 3541 1894 3587 J.
1927 3541 1978 3587 F.
1992 3535 2248 3592 Gronovio
2266 3545 2425 3611 legen·

1401 3614 1519 3661 dnm
1533 3614 1739 3673 videtur,
1753 3613 2054 3682 ἀνσμιλῆσας,
2066 3619 2116 3669 id
2131 3635 2225 3684 est,
2245 3627 2424 3689 quibus

1400 3693 1660 3741 comitibus
1712 3694 2009 3758 instructus3
2060 3702 2141 3748 cui
2203 3704 2421 3770 adstipu-

1398 3772 1528 3820 latur
1549 3773 1834 3836 Quarterius
1869 3786 1920 3823 et
1954 3777 2065 3826 sch.
2095 3792 2145 3829 et
2175 3783 2248 3830 sic
2271 3785 2419 3835 inter-

1398 3863 1645 3917 pretatur:
1671 3853 1822 3914 Cujus
1861 3871 1952 3919 ego
1980 3860 2238 3921 Demetrii,
2267 3868 2419 3914 eomi-

1398 3942 1599 3995 tnmque
1626 3933 1731 3992 ejus
1755 3937 2108 3987 consuetudine
2134 3955 2241 3989 sum
2268 3960 2383 3994 usus
2402 3963 2418 3993 :

1397 4012 1529 4059 nosti
1550 4012 1785 4063 homines.
1805 4000 2041 4082 Ᾰνομιλεῖν
2060 4030 2133 4067 est
2155 4035 2419 4073 eonsuetu-

1397 4089 1510 4141 dine
1534 4091 1736 4156 alicujus
1762 4094 1860 4159 uti,
1884 4099 2065 4171 v‘ersui
2091 4115 2204 4147 cum
2231 4102 2424 4166 aliquo:
