3023 4773
589 374 732 448 250
1381 374 1925 445 PRAEFATIO

580 520 821 585 rosque
846 495 1002 560 duci
1030 518 1164 558 non
1195 496 1607 584 ignoramus,
1638 493 1755 559 sed
1781 494 2062 559 veritatis
2094 493 2481 583 virtutisque
2501 517 2727 562 amore

581 604 905 681 incensus,
927 600 1297 686 complures
1319 599 1592 664 haberet
1610 648 1629 682 ,
1646 600 2055 687 ,summisque
2082 599 2447 664 honoribus
2474 624 2550 665 ac
2570 626 2728 690 prae-

582 710 731 775 miis
764 706 1084 789 afficeret;
1108 706 1277 795 ipse,
1311 729 1531 794 quum⁴
1553 708 1774 771 liceret
1808 729 1925 794 per
1960 706 2459 795 rempublicam,
2478 709 2723 773 nullam

579 837 764 904 poene
782 813 1012 878 horam
1035 813 1388 895 amitteret,
1407 810 1489 876 de
1515 813 1708 877 rectis
1735 811 1988 895 studiis,
2007 835 2160 876 cum
2176 812 2255 876 iis
2268 813 2370 878 vel
2388 815 2722 901 loquendi,

577 923 679 987 vel
703 917 1078 986 meditandi.
1099 919 1253 982 Fuit
1283 918 1559 981 omnino
1588 919 1688 981 vir
1711 918 1851 995 ille,
1877 919 1983 983 cui
2018 919 2253 1007 passim
2287 941 2513 983 omnes
2542 922 2725 985 testi-

578 1027 874 1091 monium
907 1024 1256 1105 moderati,
1293 1041 1359 1088 et
1390 1024 1473 1088 ad
1500 1024 1854 1088 honestum
1893 1024 2104 1089 otium
2144 1024 2276 1088 nati
2306 1025 2545 1106 animi,
2578 1027 2723 1088 sine

574 1131 1014 1198 controversia
1042 1129 1307 1195 darent:
1334 1131 1521 1194 fortis
1555 1129 1747 1194 etiam
1778 1145 1845 1196 et
1875 1129 2250 1218 prudentis,
2280 1131 2398 1218 qui
2424 1153 2503 1193 eo
2537 1130 2723 1195 fami·

577 1239 799 1302 liarius
826 1252 1170 1300 uterentur
1198 1259 1214 1300 z
1246 1259 1380 1323 quo
1408 1235 1479 1300 id
1511 1237 1729 1300 minus
1762 1237 1981 1301 testari
2017 1236 2194 1300 orbis
2230 1252 2551 1300 terrarum
2577 1259 2727 1324 pos-

580 1360 711 1423 set,
748 1340 1016 1431 quidam
1052 1340 1399 1406 hominum
1439 1342 1736 1406 fraudem
1778 1357 1844 1407 et
1875 1341 2213 1431 perfidiam
2241 1340 2440 1428 (nam
2477 1340 2727 1429 reliqua

580 1448 730 1511 satis
764 1446 1010 1534 prolixa
1038 1446 1473 1533 videbantur)
1517 1463 1825 1512 accusant
1859 1471 1874 1512 :
1910 1470 2032 1512 nos
2064 1447 2195 1512 fata
2226 1446 2723 1527 tantummodo,

579 1568 695 1616 aut
725 1552 946 1640 potius
978 1552 1464 1618 inscrutabilem
1499 1554 1742 1616 summi
1768 1552 2060 1618 numinis
2090 1553 2493 1617 voluntatem
2513 1600 2531 1631 ,
2562 1576 2722 1617 cau-

579 1681 713 1721 sam
753 1658 951 1722 fuisse
979 1658 1367 1738 judicamus.
1405 1660 1590 1722 Esset
1630 1658 1737 1735 hic
1765 1659 2033 1724 forsitan
2071 1659 2253 1723 locus
2277 1706 2297 1741 ,
2331 1681 2555 1723 casum
2599 1658 2725 1722 ho-

578 1763 771 1827 minis
802 1763 1143 1851 vicemque
1173 1762 1586 1851 deplorandi,
1615 1764 1739 1827 nisi
1774 1780 1956 1829 tanto
1986 1763 2322 1830 intervallo
2354 1762 2723 1851 verendum

578 1887 779 1951 esset,
806 1893 892 1933 ne
915 1892 1051 1933 non
1082 1869 1281 1933 modo
1304 1871 1699 1957 importuni,
1730 1870 1846 1935 sed
1869 1872 2062 1936 etiam
2094 1872 2301 1959 inepti
2326 1870 2721 1936 videremur.

580 1975 835 2057 Quare,
859 1975 1048 2039 abeat
1076 1975 1182 2039 ille
1214 1974 1477 2064 optimis
1507 1976 1871 2058 ominibus,
1906 1999 2026 2041 nos
2057 1977 2147 2042 ad
2176 1977 2552 2042 institutum
2580 1998 2723 2040 ser-

581 2103 844 2145 monem
876 2099 1295 2157 revertamur.
1337 2084 1523 2147 Hanc
1556 2082 1834 2148 dicimus
1867 2081 2160 2148 cessandi
2198 2084 2387 2147 nobis
2419 2105 2682 2147 causam
2704 2131 2724 2163 ,

581 2188 948 2274 complures
993 2210 1204 2252 annos
1241 2188 1439 2252 fuisse
1459 2237 1478 2271 ,
1511 2188 1730 2276 quoad
1756 2190 1946 2269 jussu
1977 2187 2337 2253 doctissimi
2375 2204 2439 2252 et
2481 2188 2726 2278 gravis-

580 2291 727 2355 simi
758 2293 880 2356 viri
913 2293 1201 2357 Marcelli
1239 2293 1496 2357 Cervini
1542 2310 1686 2357 tum
1722 2293 2091 2376 cardinalis,
2124 2295 2194 2357 in
2234 2317 2501 2359 cursum
2533 2316 2723 2359 revo-

580 2400 703 2462 cati
728 2422 976 2465 sumus.
1011 2403 1282 2487 Jamque
1301 2423 1468 2488 opus
1499 2398 1579 2463 ad
1616 2399 1814 2466 finem
1842 2423 2023 2489 paene
2042 2399 2492 2490 perduxeram,
2511 2424 2721 2489 quum

576 2506 684 2572 ille
712 2508 1165 2596 pontificatum
1192 2508 1382 2596 cepit.
1413 2507 1577 2592 Sed,
1612 2526 1688 2572 ut
1710 2526 1870 2573 sunt
1901 2531 2005 2574 res
2037 2509 2384 2574 hominum
2414 2506 2601 2572 fluxae
2626 2524 2723 2573 at·

578 2635 708 2700 que
728 2613 1019 2696 incertoe,
1042 2630 1193 2678 ante
1218 2632 1477 2704 ereptus
1510 2632 1609 2680 est
1638 2640 1676 2679 e
1707 2617 1838 2680 vita
1857 2666 1874 2693 ‚
1896 2639 2093 2703 quam
2123 2613 2285 2703 quid
2316 2630 2484 2679 esset
2512 2637 2722 2704 agno-

576 2741 783 2801 scere,
817 2737 892 2784 ut
916 2721 1005 2784 ita
1035 2719 1245 2785 dicam
1264 2769 1282 2802 ,
1316 2737 1553 2808 posset.
1593 2721 1768 2810 Ergo
1800 2736 1874 2785 ut
1910 2721 2047 2784 haec
2079 2742 2343 2784 rursum
2374 2719 2719 2801 abjicerem

580 2847 655 2888 ac
688 2825 1061 2890 damnarem
1083 2875 1102 2909 ,
1143 2850 1353 2915 quum
1387 2827 1695 2891 acerbum
1730 2827 2013 2891 hominis
2048 2829 2290 2908 fatum,
2316 2843 2459 2890 tum
2488 2847 2721 2890 conse-

578 2946 784 3017 quuta
830 2948 1050 2996 nostra
1091 2947 1414 3022 tempora,
1449 2933 1691 3020 quibus
1723 2956 1936 3020 usque
1982 2932 2149 2997 adeo
2184 2933 2396 2996 vexati
2430 2932 2718 3010 fuimus,

576 3037 681 3100 vix
707 3054 785 3102 ut
805 3039 1159 3104 consistere
1184 3039 1590 3128 potuerimus
1606 3088 1624 3120 ,
1657 3041 2034 3103 effecerunt.

665 3143 950 3227 Verum,
986 3169 1124 3234 quo
1161 3145 1299 3209 haec
1329 3161 1553 3208 nostra
1585 3161 1718 3208 tam
1753 3146 1949 3233 longa
1983 3162 2228 3233 spectat
2265 3143 2517 3209 oratio?
2553 3159 2630 3206 ut
2661 3143 2714 3206 si

576 3249 722 3337 quis
763 3252 935 3316 forte
974 3251 1041 3313 in
1078 3272 1355 3338 persona
1390 3250 1675 3315 hominis
1716 3249 2104 3332 sacerdotis,
2149 3249 2441 3314 studium
2482 3246 2714 3326 hujus-

578 3355 792 3432 modi,
818 3354 996 3445 quod
1018 3353 1282 3444 quidam
1300 3357 1651 3443 profanum
1674 3357 1887 3421 solent
1904 3358 2242 3444 appellare,
2262 3351 2718 3443 reprehendat,

577 3461 730 3525 huic
764 3485 884 3526 nos
919 3461 1085 3526 duos
1130 3461 1691 3549 praestantissimos
1736 3484 2067 3526 sacrorum
2092 3510 2109 3543 ,
2148 3460 2477 3551 religionis
2497 3508 2516 3542 ,
2556 3459 2723 3524 ceri·

577 3568 1079 3655 moniarumque
1101 3568 1417 3633 antistites
1437 3616 1456 3650 ,
1480 3590 1768 3657 quorum
1799 3567 1882 3633 de
1906 3569 2229 3634 sententia
2247 3583 2315 3631 et
2333 3565 2722 3632 auctoritate

577 3692 715 3734 rem
753 3675 1152 3762 suscepimus
1174 3723 1194 3756 ,
1248 3697 1731 3763 opponeremus
1768 3698 1784 3739 ε
1827 3674 2069 3762 quibus
2112 3674 2386 3740 omnino
2441 3672 2721 3760 impium

576 3777 702 3841 fuit
744 3779 1123 3845 hominibus
1170 3782 1597 3847 sanctissimis
1634 3804 1769 3846 non
1812 3782 2263 3870 obtemperare
2307 3796 2374 3847 et
2419 3780 2720 3866 obsequi.

573 3885 987 3973 Quamquam
1008 3937 1025 3970 ,
1061 3890 1112 3953 si
1151 3890 1278 3954 hoc
1322 3889 1587 3977 quidem
1623 3889 1784 3954 vitio
1831 3888 2045 3969 datur,
2089 3888 2398 3976 eripiatur
2432 3909 2470 3951 e
2500 3908 2722 3949 sacer·

574 3990 811 4056 dotum
849 3994 1148 4059 manibus
1188 3997 1287 4060 vel
1321 3995 1694 4061 Aristoteles
1740 3997 1921 4086 ipse;
1966 3994 2303 4077 abjiciatur
2343 3993 2442 4060 vel
2485 3992 2673 4057 Plato
2705 4015 2721 4056 ε

574 4120 862 4186 quorum
896 4115 1152 4182 neutro,
1183 4103 1480 4167 omnium
1523 4102 1852 4166 bonorum
1887 4102 2238 4184 sententia,
2275 4123 2395 4166 nec
2439 4098 2723 4184 scriptor
