3023 4773
611 413 1153 483 EPISTOLAE
1204 413 1342 479 AD
1390 410 1900 492 ATTLCUM,
1952 409 2069 493 ΙΙ,
2116 431 2170 475 1.

2308 405 2446 503 355)

330 560 467 632 ego
490 535 684 606 illam
703 533 826 607 odi
846 533 1030 604 male
1049 531 1600 605 consularemw.
1624 534 1723 603 Ea
1741 545 1848 600 est
1872 531 2062 599 enim
2084 529 2447 617 seditiosa3

330 669 411 714 ea
442 669 607 716 cum
644 645 797 714 viro
826 640 1093 716 bellum
1122 643 1336 737 gerit,
1375 663 1613 736 neque
1650 639 1882 710 solum
1915 665 2077 710 cum
2122 641 2449 726 Metello,

329 752 457 824 sed
484 755 703 829 etiam.
727 776 905 824 cum-
921 749 1175 837 Fabio,
1211 748 1412 846 quod
1445 772 1569 820 eos
1600 750 1673 819 in
1702 748 1845 820 hoc
1861 745 1924 789 ²⁸
1965 772 2115 820 esse
2151 750 2448 821 moleste

336 860 495 934 fert.

431 969 656 1064 Quod
700 970 789 1042 de
839 971 1113 1069 agraria
1161 971 1318 1067 lege
1335 981 1401 1029 ²9
1439 971 1728 1067 quaeris,
1763 994 1932 1040 sane
1969 971 2117 1063 jam
2168 966 2451 1039 videtur

327 1081 704 1153 refrixisse.
734 1080 962 1172 Quod*
984 1105 1100 1151 me
1128 1080 1444 1177 quodam
1473 1079 1695 1151 modo
1715 1134 1734 1168 ,
1768 1079 1970 1150 molli
1999 1078 2295 1150 brachio
2315 1133 2332 1167 ,
2361 1077 2450 1149 de

328 1192 650 1289 Pompeii
700 1189 1174 1262 familiaritate
1220 1189 1558 1286 objurgas
1597 1218 1612 1260 ε
1648 1190 1872 1261 nolim
1906 1193 2014 1259 -ita
2055 1191 2453 1276 existimeS,

330 1327 446 1373 me
485 1304 628 1373 mei
659 1300 970 1399 praesidii
999 1324 1221 1372 causa·
1247 1324 1409 1371 curn
1452 1300 1576 1370 illo
1606 1299 2070 1394 conjunctum
2099 1320 2294 1383 esse;
2328 1298 2449 1368 sed

333 1414 428 1480 ita
495 1435 608 1482 r-es
664 1424 817 1481 erat
871 1411 1230 1498 instituta,
1283 1424 1401 1498 ut,
1454 1410 1511 1480 si
1567 1410 1757 1479 iuter
1809 1434 1945 1480 nos
1988 1423 2169 1479 esset
2215 1408 2454 1504 aliqua

332 1517 515 1590 forte
554 1517 939 1607 dissensio,
982 1521 1322 1591 maximas
1356 1522 1429 1590 in
1466 1517 1837 1616 republica
1874 1517 2256 1589 discordias
2291 1543 2450 1587 ver-

334 1629 470 1701 sari
519 1643 702 1700 esset
739 1653 1052 1700 necesse.
1099 1628 1316 1718 Quod
1353 1653 1393 1699 a
1438 1652 1554 1698 me
1589 1629 1689 1698 ita
1720 1641 2196 1724 praecautum,
2236 1640 2456 1722 atque

336 1740 431 1809 ita
475 1743 841 1836 provisum
881 1753 1024 1828 est,
1065 1763 1215 1810 nou
1255 1753 1335 1809 ut
1377 1764 1511 1835 ego
1559 1736 1649 1813 de
1695 1738 1971 1834 optima
1998 1736 2113 1806 illa
2156 1760 2308 1806 mea
2345 1759 2458 1804 ra-

331 1913 473 1967 liberi
492 1915 770 1978 posterique
786 1914 941 1961 Servii
952 1912 1155 1977 Sulpicii
1170 1915 1354 1961 circum

332 2010 434 2041 eum
457 2002 687 2050 statuam,
716 2007 825 2055 quae
851 1991 947 2053 illi,
972 1993 1109 2056 quod
1132 1992 1199 2039 ob
1231 2009 1354 2039 rem·

331 2072 581 2136 publicam
609 2082 815 2118 mortem
844 2069 1053 2132 obisset,
1087 2071 1139 2118 in
1165 2071 1356 2125 Rostris

332 2161 493 2200 erecta
510 2159 582 2197 est
595 2182 612 2206 ,
631 2149 796 2197 locum
814 2148 1162 2212 gladiatoribus
1173 2181 1189 2208 ‚
1205 2150 1356 2198 ludis·

333 2244 430 2292 que
474 2227 715 2275 habebant
768 2244 958 2292 quaqua
1002 2244 1168 2276 versus
1207 2229 1354 2294 pedes

332 2308 571 2371 quinque.
600 2308 765 2368 Quum
789 2307 940 2372 igitur
960 2307 1163 2356 Clodius
1187 2307 1355 2355 candi-

336 2386 476 2436 datus
504 2398 652 2443 esset,
676 2389 883 2451 petierat
906 2403 935 2434 a
959 2402 1127 2435 sorore
1148 2385 1321 2436 Clodia
1337 2422 1352 2445 ,

334 2465 538 2514 Metello
577 2466 733 2514 Celeri
772 2476 921 2530 nupta
937 2499 955 2526 ‚
993 2482 1103 2529 quse
1147 2466 1353 2514 multum

333 2544 531 2592 haberet
542 2544 639 2592 loci
656 2543 946 2601 consularis,
962 2555 1019 2592 ut
1034 2545 1129 2592 sibi
1143 2545 1355 2609 aliquan·

337 2634 440 2670 tum
488 2623 789 2674 concederet.
841 2624 929 2671 lua
974 2635 1136 2674 autem
1180 2640 1353 2689 perum

338 2703 660 2775 liberaliter-‚ei
672 2704 773 2751 visa
792 2715 864 2752 est
877 2704 1189 2769 respondere,
1202 2721 1354 2768 quum

341 2797 488 2829 uuum
517 2793 704 2838 tuntum
730 2783 903 2846 pedem
929 2786 1246 2847 promisisset.
1277 2786 1353 2832 De

340 2877 441 2925 quo
463 2879 572 2910 cum
590 2864 826 2912 Clcerone
840 2851 1043 2926 questus
1064 2880 1354 2930 responsum

341 2942 474 3002 tulit,
491 2942 663 3003 injuris
681 2942 821 2996 illum
838 2942 899 2992 de
913 2945 1091 2992 sororis
1110 2959 1211 2992 uuo
1228 2945 1353 3008 pede

338 3021 490 3082 queri.
519 3024 668 3068 Posse
692 3023 819 3069 enim
837 3056 853 3081 ‚
881 3037 1032 3084 quum
1058 3023 1105 3069 ei
1132 3038 1352 3070 eommo-

341 3098 457 3147 dum
474 3112 598 3158 esset
614 3134 629 3158 ‚
657 3101 799 3147 etiam
824 3100 1033 3147 alterum
1059 3100 1232 3165 pedem
1260 3102 1354 3151 tol-

340 3176 455 3226 lere.
474 3178 669 3226 Acerbo
685 3215 700 3241 ,
723 3178 810 3226 sed
828 3178 1010 3226 lascivo
1029 3180 1171 3227 nimis
1192 3180 1326 3229 dicto
1338 3216 1354 3241 ,

328 3266 389 3302 ‚et
413 3271 582 3319 parum
610 3258 841 3320 gravitate
867 3257 1196 3322 dignitateque
1222 3260 1357 3309 Cice·

341 3336 477 3382 ronis
508 3335 674 3400 digno.
709 3336 972 3384 Putabatm·
995 3338 1125 3384 euim
1155 3337 1358 3386 Clodius

341 3426 438 3462 tres
460 3431 654 3462 sorores
679 3425 936 3481 stuprasse.
977 3416 1171 3465 Tollere
1198 3426 1358 3465 eutem

343 3494 515 3557 pedem
526 3529 541 3553 ,
555 3492 759 3557 figuram
776 3494 1036 3558 quamdam
1052 3495 1258 3543 Veneris
1275 3495 1358 3545 de-

345 3575 516 3637 signat.
555 3575 630 3622 De
673 3590 768 3637 qus
807 3574 1046 3623 Martialis
1090 3575 1355 3634 intellexit,

343 3668 492 3714 quum
544 3652 670 3700 dixit
698 3665 712 3699 :
751 3674 777 3694 ιι
798 3652 1005 3700 Sustulit
1054 3653 1136 3700 ille
1176 3652 1325 3717 pedes
1343 3687 1357 3711 ‚

344 3731 540 3779 sustulit
561 3731 642 3779 hic
670 3731 883 3779 tunicam
895 3754 941 3780 a.
981 3732 1077 3781 Sed
1103 3744 1152 3781 et
1175 3732 1261 3782 lib.
1280 3735 1330 3780 11
1345 3747 1359 3781 ε

343 3832 368 3851 «ι
386 3809 743 3873 Tollunturque
760 3810 908 3874 pedes
920 3845 935 3870 ,
955 3826 988 3859 o
1003 3810 1245 3860 medicina
1263 3828 1362 3877 gra-

345 3889 418 3936 vis
430 3911 472 3935 -.
490 3891 645 3937 Joeus
657 3890 807 3953 igitur
820 3891 1068 3939 Ciceronis
1075 3892 1175 3952 jun
1187 3892 1361 3956 planus

347 3978 438 4016 est.
465 3971 614 4017 ch'r.

422 4061 508 4107 27·
536 4047 636 4095 Odi
648 4048 778 4096 male
794 4049 1113 4098 comatam».
1138 4049 1267 4099 Nota
1291 4061 1364 4098 at·

348 4140 444 4188 qne
464 4127 638 4176 usitata
655 4128 843 4180 locutio
859 4140 957 4193 est,
979 4128 1136 4178 «Male
1157 4128 1315 4178 odisse
1323 4152 1365 4177 a.

1440 1914 1572 1962 Infra
1596 1914 1683 1963 lib.
1713 1916 1836 1964 xlv
1863 1929 1878 1963 :
1907 1937 1930 1954 κ
1950 1913 2103 1976 Atqui
2131 1914 2171 1961 si
2201 1914 2455 1979 quisquam

1440 2006 1511 2043 est
1529 1995 1681 2042 facilis
1697 2029 1713 2054 ,
1730 1995 1812 2043 hic
1830 2005 1902 2043 est
1921 2011 1933 2041 ε
1953 2005 2114 2042 tamen
2134 2007 2233 2039 uon
2253 1990 2424 2038 dubito
2443 2024 2458 2048 ,

1441 2075 1563 2137 quin
1575 2090 1652 2121 me
1669 2074 1793 2124 male
1806 2073 1965 2124 oderit
1978 2095 2003 2113 a·
2012 2106 2023 2119 .
2038 2070 2196 2120 Plaut.
2213 2070 2456 2119 Menaech.

1442 2175 1468 2195 α
1486 2156 1557 2202 Ut
1580 2168 1670 2217 ego
1697 2167 1898 2199 uxorem
1914 2188 1929 2213 ,
1958 2167 2062 2198 mee
2090 2151 2344 2215 voluptas,
2374 2150 2456 2198 ubi

1442 2242 1489 2280 te
1517 2231 1703 2296 aspicio
1719 2267 1733 2292 ,
1759 2231 1841 2278 odi
1879 2230 1999 2277 mule
2020 2253 2064 2277 ι.
2103 2231 2266 2291 Quare
2288 2229 2463 2278 adver-

1439 2310 1575 2359 bium
1595 2309 1718 2358 illud
1737 2309 2008 2373 qualitatis,
2030 2309 2108 2356 vel
2127 2310 2289 2372 potius
2307 2324 2459 2371 quan·

1441 2392 1595 2442 titatis
1637 2390 1658 2455 (
1678 2405 1791 2440 nam
1812 2389 1971 2444 male.
2000 2401 2057 2440 ut
2087 2390 2332 2452 Sosipater
2356 2389 2425 2442 ait
2442 2426 2458 2450 ‚

1439 2471 1583 2534 valde
1602 2466 1882 2534 significat)
1906 2470 2090 2534 aptius,
2116 2484 2225 2515 meo
2243 2467 2456 2529 Judicio,

1441 2550 1530 2598 odi
1545 2549 1695 2598 νει-ΒΟ
1706 2550 1956 2613 iungetur,
1975 2563 2120 2610 quam
2141 2549 2329 2594 nomini
2346 2562 2463 2593 eon-

1437 2629 1666 2677 scolarem.
1694 2630 1761 2676 Ut
1785 2642 1950 2675 sensus
1975 2629 2072 2676 sit:
2099 2627 2196 2676 Sed
2220 2643 2312 2690 ego
2338 2624 2462 2673 male

1442 2707 1577 2767 odi„
1602 2707 1734 2764 inam
1778 2707 2099 2759 consularem.
2148 2705 2277 2753 Illud
2315 2705 2460 2754 etiam

1441 2788 1575 2844 scio„
1602 2787 1747 2837 fuisse
1773 2786 2184 2851 quieonsularem
2218 2784 2424 2831 delet-int
2444 2820 2460 2844 ,

1441 2882 1545 2914 non
1562 2876 1662 2913 tam
1674 2874 1890 2913 veterum
1902 2864 2137 2913 librorum
2158 2862 2463 2918 auctoritate,

1441 2960 1607 3011 qnam,
1632 2943 1727 2991 vel*
1748 2942 2011 2991 locutionis
2047 2941 2304 2990 insolentia
2323 2975 2337 2996 ,
2386 2940 2462 2989 vel

1441 3023 1597 3092 quod„
1627 3022 1929 3070 consularem
1971 3036 2073 3067 non
2116 3018 2358 3084 putarint,
2404 3018 2465 3064 de

1443 3101 1698 3152 consulum
1721 3100 1955 3149 uxoribus
1978 3098 2094 3146 dici.
2128 3097 2279 3159 Quod
2306 3108 2467 3144 tumen

1443 3182 1617 3230 falsum
1651 3196 1753 3228 esse
1791 3177 2170 3244 deprehenditur
2210 3192 2272 3223 ex
2310 3176 2465 3225 sctis.

1443 3262 1678 3310 Mnusr.

1518 3343 1603 3389 28.
1633 3340 1780 3403 Quod
1793 3356 1872 3388 eos
1893 3340 1943 3388 in
1970 3338 2078 3386 Ιιοσ.
2105 3336 2255 3401 Quod
2278 3336 2348 3383 illi
2376 3335 2468 3382 toti

1446 3430 1584 3467 erant
1609 3420 1662 3466 in
1690 3418 2003 3484 impediendo
2035 3434 2096 3466 ne
2131 3415 2334 3467 Clodius
2352 3414 2470 3462 ado·-

1445 3507 1665 3562 pturetur
1691 3514 1717 3545 a
1744 3498 1956 3563 plebeio,
1970 3509 2124 3560 utque
2136 3497 2240 3556 ejus
2267 3494 2468 3542 consilia

1448 3577 1722 3641 perniciosa
1768 3579 2158 3642 reprimerentur.
2187 3576 2359 3623 Gm.
2400 3601 2469 3609 —

1449 3655 1561 3704 Sch.
1578 3672 1605 3703 e
1631 3656 1907 3718 conjectura
1930 3656 2068 3703 Man.
2086 3651 2277 3717 reponit
2295 3674 2320 3695 α
2333 3652 2467 3716 qnod

1448 3751 1535 3783 eos
1558 3734 1678 3782 mihi
1703 3735 1885 3782 amicos
1911 3750 2070 3782 essen.
2094 3734 2186 3781 En.
2328 3765 2329 3770 =

1524 3829 1609 3878 29.
1658 3816 1802 3879 Lege.
1860 3816 1905 3861 Δ
1959 3815 2015 3860 12.
2059 3811 2220 3860 Flavio
2271 3811 2469 3861 tribuno

1450 3892 1608 3959 plebis
1620 3892 1943 3958 promulgata.
1960 3893 2051 3958 Ep.
2076 3907 2096 3938 1
2109 3892 2136 3938 5
2150 3891 2236 3939 lib.
2250 3895 2292 3940 Ι.
2306 3894 2465 3943 Cosa.

1451 3998 1517 4009 --
1545 3974 1675 4020 Sane
1700 3972 1829 4037 jam.
1875 3972 2094 4021 Graevius
2140 3972 2267 4031 conj.
2311 3994 2335 4011 σι
2358 3985 2471 4017 saue

1455 4066 1601 4112 quam
1624 4072 1669 4100 ιο.
1707 4050 1784 4100 Ad
1823 4052 2075 4108 Diversus,
2112 4051 2256 4105 vm,
2297 4066 2380 4108 ιυ,
2423 4059 2470 4095 et

1458 4130 1545 4189 lv,
1581 4130 1626 4178 5.
