3023 4773
451 336 500 405 ⁸
890 404 1030 470 AD
1087 404 1693 473 LECTOREM.
2220 431 2360 502 209

257 554 393 604 esse
426 551 595 600 non
630 519 880 599 solum
919 519 1024 599 ob
1064 520 1436 628 injuriam
1475 538 1919 630 temporum
1943 587 1962 623 ,
2004 542 2083 605 et
2119 525 2360 605 libra·

255 649 538 725 riorum
602 643 1026 738 incuriam,
1089 642 1226 722 sed
1280 644 1515 721 etiam
1571 672 1668 722 ex
1726 674 1853 743 e0‚
1910 646 2129 756 quod
2189 650 2358 757 ipse

250 787 510 848 auctor
550 793 687 845 sua
723 762 1149 872 aliquando
1193 765 1520 843 consilia
1560 794 1657 867 ex
1689 767 2079 848 industria
2103 772 2359 849 oecul-

251 893 383 971 tari
424 888 784 969 voluerit.
827 884 1059 965 Unde
1100 885 1312 965 unde
1352 904 1614 966 tamen
1654 889 2111 996 hujusmodi
2151 891 2364 971 diffi-

245 1016 562 1094 cultates
584 1011 985 1108 exsistant,
1007 989 1197 1088 tales
1226 1010 1585 1117 profecto
1614 1011 1764 1089 illae
1798 1040 1959 1090 non
1986 1031 2192 1111 sunt,
2219 1044 2362 1093 nee

247 1157 393 1217 tam
429 1138 876 1244 frequentes
907 1150 1368 1241 occurrunt,
1411 1151 1500 1212 ut
1535 1132 1875 1214 debeant
1915 1164 2061 1215 nos
2097 1138 2199 1216 ab
2238 1120 2365 1217 his

242 1262 587 1396 legendis
629 1259 1006 1368 Epistolis
1048 1257 1508 1339 absterrere.
1546 1261 1957 1342 Accedunt
1992 1264 2227 1343 etiam
2261 1266 2365 1345 ad

244 1388 622 1494 majorem
668 1412 937 1463 earum
996 1382 1595 1488 intelligentiam
1643 1384 2074 1464 utilissimae
2125 1387 2372 1467 adno-

243 1513 578 1590 tationes
648 1536 692 1586 a
759 1506 1191 1585 clarissimo
1245 1506 1593 1612 Josepho
1659 1506 1971 1588 Oliveto
2036 1510 2367 1610 selectae,

240 1635 461 1742 cujus
503 1630 899 1710 industria
939 1657 1186 1736 quum
1241 1629 1324 1705 in
1380 1628 1872 1735 exponendis
1923 1631 2094 1711 aliis
2148 1634 2371 1712 Cice-

241 1759 458 1837 ronis
484 1753 862 1862 operibus
882 1779 1164 1857 magna
1181 1751 1358 1850 fuit,
1380 1770 1548 1831 tum
1568 1781 1756 1832 vero
1783 1754 1867 1830 in
1886 1754 2373 1836 illustrandis
2483 1829 2507 1843 χ

240 1879 616 1988 Epistolis
658 1875 757 1955 ad
796 1876 1148 1955 Atticum
1196 1874 1636 1980 singularis,
1682 1877 1828 1955 His
1867 1875 2375 1984 adjunximus

239 2006 481 2083 Tullii
501 2000 895 2110 Epistolas
914 1997 1015 2077 ad
1037 2000 1428 2101 Quintum
1454 2000 1779 2078 fratrem
1798 2063 1815 2097 ‚
1840 2019 1919 2080 et
1941 2001 2043 2080 ad
2064 2003 2168 2081 M.
2192 2005 2377 2082 Bru-

242 2147 405 2206 tum
459 2126 562 2205 ab
616 2123 892 2204 eodem
943 2124 1373 2227 interprete
1434 2123 1744 2228 egregie
1797 2127 2235 2230 expositas;
2290 2130 2417 2213 in,

237 2252 534 2359 quibus
596 2248 842 2326 multa
900 2262 1084 2325 sunt
1151 2245 1252 2322 ad
1326 2245 1888 2351 rempublicam
1915 2309 1933 2345 ‚
1994 2252 2377 2330 nonnulla

234 2376 476 2454 etiam
524 2370 628 2452 ad
670 2371 1020 2480 privatos
1061 2366 1480 2477 quosdam,
1525 2385 1604 2448 et
1652 2398 1817 2447 rem
1864 2368 2376 2454 domesticam

240 2498 741 2606 pertinentia.
764 2498 929 2575 Nee
956 2491 1667 2600 praetermittendas
1687 2491 2057 2574 duximus
2086 2488 2371 2603 paucas

237 2620 623 2731 quasdam
666 2620 853 2697 alias
891 2619 1139 2724 Epist.
1177 2633 1529 2723 repertas
1565 2634 1645 2693 et
1681 2615 1933 2696 editas
1965 2648 2008 2697 a
2040 2621 2372 2700 Germa-

237 2749 403 2826 nis:
438 2745 575 2825 sed
603 2744 777 2823 illas
804 2741 1069 2850 quales
1098 2739 1199 2819 ab
1228 2742 1324 2818 iis
1353 2740 1818 2845 accepimuS,
1854 2743 2040 2822 tales
2065 2743 2369 2841 damus,

235 2901 400 2949 una
427 2900 610 2949 cum
640 2867 1097 2973 fragmentis
1126 2866 1454 2943 aliarum
1477 2863 2020 2945 Tullianarum
2051 2870 2372 2975 Episto-

234 2995 495 3073 larum
520 3054 540 3087 ‚
574 3020 749 3100 quae
791 2987 1383 3068 interciderunt.
1433 2988 1541 3066 lis
1578 2985 1959 3094 denique,
2006 3008 2095 3067 ut
2138 2994 2368 3098 epist.

234 3118 344 3197 ad
369 3120 548 3197 Div.
572 3133 802 3194 notas
823 3113 1163 3206 Ernesti,
1184 3112 1942 3216 Martyni-Lagunae‚
1975 3112 2330 3192 Schiitzii
2354 3179 2373 3212 ,

233 3261 318 3319 et
364 3242 701 3320 aliorum
738 3235 1304 3343 adspersimus,
1335 3251 1413 3311 et
1445 3235 1839 3340 praecipue
1878 3235 2181 3341 optima
2201 3237 2370 3316 Vir.

235 3366 453 3447 Clar.
487 3361 872 3468 Mongalti
911 3358 1460 3456 translatione,
1493 3387 1536 3435 a
1570 3359 1936 3438 Jos.Vict.
1969 3362 2081 3437 LE
2115 3361 2375 3442 CLEnc

237 3488 630 3567 recensita
653 3548 672 3582 ‚
725 3486 1104 3591 novisque
1150 3479 1801 3559 adnotationibus
1833 3499 2058 3559 aucta
2093 3484 2212 3562 usi
2249 3516 2378 3564 su-

233 3640 444 3689 mus,
481 3611 579 3689 In
607 3606 1020 3714 praesentia
1059 3602 1220 3682 duo
1262 3603 1393 3681 hie
1426 3603 1942 3681 exscribimus
1971 3603 2174 3702 loca,
2199 3611 2378 3716 qui-

232 3732 401 3812 bus
457 3750 538 3812 et
589 3729 893 3809 indoles
934 3728 1216 3823 Attici,
1260 3744 1339 3804 et
1386 3727 1577 3832 ipsae
1632 3723 1732 3804 ad
1794 3724 2013 3803 illum
2066 3732 2375 3838 scriptae

229 3855 599 3964 epistolae
657 3869 1030 3961 peracuta
1080 3851 1376 3955 ingenii
1433 3849 1851 3954 sagacitate
1892 3848 2372 3956 judicantur.

227 3980 471 4057 Alter
498 3979 774 4057 unicus
791 3976 1010 4055 loeus
1033 3992 1172 4070 est,
1189 4002 1286 4051 ex
1306 3971 1769 4079 praefatione
1792 3971 2141 4078 ejusdem
2163 3977 2382 4055 Mon-

230 4102 483 4208 gasti,
518 4130 750 4210 quem
789 4102 855 4179 J.
875 4102 971 4177 V.
1005 4102 1089 4177 L.
1134 4095 1757 4178 conservandum
1796 4102 2387 4205 pronuntiavit2

459 4230 547 4296 11.
605 4243 702 4292 Cic.
720 4259 837 4310 pac-s
862 4249 1048 4309 quarta.
1788 4218 1800 4236 ⁸
1972 4227 2050 4305 If*
