3023 4773
527 412 1036 486 EPISTOLAE
1082 411 1220 481 AD
1272 415 1776 500 ATTICUM,
1825 418 1989 502 111,
2037 416 2103 485 8.
2225 411 2367 500 433

361 539 575 611 Nunc
609 535 699 607 ad
734 559 854 619 ea,
885 558 1045 629 quae
1081 535 1437 630 scripsisti.
1466 535 1930 632 Tryphonem
1953 547 1978 592 ⁷
2007 537 2372 608 Caecilium

262 674 419 719 non
458 647 622 718 vidi.
684 651 1101 717 Sermonem
1156 659 1363 715 tuum
1425 659 1496 715 et
1547 647 1864 742 Pompeii
1920 652 2226 743 cognovi
2286 672 2375 719 ex

268 759 406 828 tuis
440 758 681 827 literis.
725 758 1008 824 Motum
1045 755 1120 824 in
1163 752 1535 851 republica
1566 779 1716 824 non
1755 770 2029 826 tantum
2067 781 2200 852 ego
2236 762 2369 827 im-

265 861 627 963 pendere⁸
681 863 927 948 vide0‚
972 877 1325 959 quantum
1364 877 1444 933 tu
1488 877 1615 933 aut
1660 864 1897 951 videS,
1943 880 2066 935 aut
2118 865 2205 935 ad
2261 892 2374 938 me

264 973 783 1047 consolandum
819 970 1051 1054 affers.
1097 973 1395 1068 Tigrane
1423 973 1618 1042 enim
1657 973 1981 1070 neglecto
2001 983 2056 1060 9,
2097 972 2379 1045 sublata

263 1099 434 1156 sunt
464 1085 723 1155 omnia.
756 1084 1062 1153 Varroni
1100 1106 1216 1151 me
1245 1080 1458 1176 jubes
1499 1107 1708 1179 agere
1745 1083 2000 1178 gratias
2033 1109 2048 1152 ε
2092 1081 2378 1172 faciam;

266 1192 438 1262 item
464 1196 769 1289 Hypsaeo
789 1202 875 1259 ¹⁰.
907 1189 1124 1278 Quod
1149 1188 1403 1260 suades
1416 1244 1435 1276 ‚
1467 1215 1557 1260 ne
1587 1191 1870 1288 longius
1904 1191 2379 1281 discedamuS,

266 1302 442 1373 dum
473 1316 627 1372 acta
663 1302 928 1370 mensis
963 1300 1126 1368 maii
1157 1295 1246 1369 ad
1278 1322 1411 1369 nos
1440 1297 1916 1396 perferantur,
1940 1316 2119 1399 puto
2144 1327 2260 1372 me
2285 1304 2384 1373 ita

267 1436 419 1482 esse
451 1409 843 1496 facturum3
871 1407 996 1479 sed
1024 1408 1174 1496 ubi,
1205 1407 1538 1478 nondum
1567 1412 1801 1479 statui.
1833 1415 2069 1507 Atque
2095 1413 2189 1481 ita
2220 1436 2384 1509 per-

269 1520 557 1591 turbato
602 1545 764 1591 sum
806 1519 1046 1589 animo
1091 1518 1181 1589 de
1218 1521 1532 1609 Quinto,
1594 1534 1675 1589 ut
1720 1519 1901 1589 nihil
1945 1545 2204 1618 queam
2241 1537 2383 1593 sta-

271 1645 495 1701 tuere.
534 1630 672 1702 Sed
709 1643 949 1699 tamen
990 1630 1228 1699 statim
1268 1643 1338 1699 te
1374 1627 1631 1699 faciam
1669 1631 2067 1700 certiorem.

365 1746 470 1811 Ex
497 1739 962 1837 epistolarum
986 1762 1309 1809 mearum
1326 1741 1805 1809 inconstantia
1833 1754 2013 1834 puto
2036 1753 2104 1810 te
2124 1745 2386 1812 mentis

176 1911 183 1936 2
269 1876 442 1922 meae
475 1865 753 1919 motum
795 1847 1079 1933 videre3
1126 1848 1294 1943 qui,
1330 1852 1460 1917 etsi
1503 1846 1910 1919 incredibili
1939 1861 2009 1918 et
2047 1849 2390 1944 singulari

268 1961 667 2031 calamitate
696 1956 998 2027 afflictus
1030 1980 1229 2042 sum,
1269 1971 1506 2027 tamen
1548 1982 1696 2026 non
1736 1973 1881 2027 tam
1918 1971 2025 2027 est
2054 1983 2141 2027 ex
2176 1963 2390 2030 mise·

270 2074 378 2140 ria
401 2122 421 2155 ,
455 2092 674 2164 quam
701 2091 790 2136 ex
827 2063 1055 2162 culpae
1083 2078 1343 2134 nostrae
1370 2065 1866 2136 recordatione
1887 2120 1906 2151 ,
1954 2082 2385 2140 commotus.

270 2180 498 2274 Cujus
555 2178 749 2248 enim
807 2173 1073 2245 scelere
1131 2172 1420 2269 impulsi
1473 2198 1557 2243 ac
1610 2175 1875 2270 proditi
1929 2177 2190 2264 simus,
2245 2179 2392 2273 jam

270 2286 601 2392 profecto
642 2283 884 2355 vides:
926 2298 1141 2379 atque
1181 2283 1454 2353 utinam
1487 2283 1636 2376 jam
1679 2296 1846 2352 ante
1883 2283 2218 2373 ,vidisse5,
2264 2312 2391 2358 ne-

272 2422 416 2495 que
462 2411 694 2467 totum
739 2397 1062 2465 animum
1110 2408 1314 2463 tuum
1356 2395 1651 2463 moerori
1688 2417 1968 2463 mecum
2011 2398 2223 2466 simul
2266 2397 2391 2469 de-

275 2505 533 2578 disses!
567 2508 845 2594 Quare,
867 2527 1095 2600 quum
1122 2527 1238 2573 me
1267 2500 1610 2572 afflictum
1645 2517 1716 2573 et
1743 2501 2154 2579 confectum
2191 2505 2394 2576 luctu

276 2615 560 2702 audieS,
611 2614 1049 2700 existimatu,
1104 2636 1218 2682 me
1266 2610 1580 2681 stultitiae
1637 2636 1807 2682 meae
1866 2637 2159 2710 poenam
2208 2614 2392 2687 ferre

278 2730 592 2820 gravius,
634 2748 853 2820 quam
906 2726 1175 2809 eventi;
1220 2720 1419 2818 quod
1471 2723 1616 2790 ei¹¹
1656 2722 2121 2809 crediderim,
2173 2750 2395 2821 quem

280 2860 431 2906 csse
474 2832 826 2905 nefarium
870 2857 1021 2902 non
1063 2833 1374 2929 putarim
1399 2840 1482 2898 ¹².
1532 2833 1649 2899 Me
1689 2845 1759 2900 et
1802 2856 2130 2903 meorum
2172 2834 2397 2904 malo-

281 2969 445 3013 rum
486 2943 863 3028 memoria,
890 2957 962 3012 et
1005 2957 1237 3012 metus
1266 2940 1355 3011 de
1392 2939 1609 3010 fratre
1637 2935 1694 2980 ¹³
1731 2942 1805 3008 in
1845 2942 2227 3013 scribendo
2261 2947 2396 3013 im-

281 3050 499 3149 pedit.
545 3058 654 3122 Tu
706 3051 839 3120 ista
880 3051 1121 3119 omnia
1174 3048 1336 3120 vide
1382 3064 1454 3119 et
1493 3047 1835 3145 guberna.
1881 3054 2209 3121 Terentia
2267 3051 2399 3123 tibi

281 3164 621 3233 maximas
660 3161 914 3257 gratias
948 3158 1123 3255 'agit.
1168 3160 1568 3229 Literarum
1606 3157 2012 3255 exemplum
2035 3213 2054 3247 ,
2092 3164 2400 3256 quas,ad

353 3400 403 3444 7.
450 3380 746 3445 Tryphonem
778 3377 1040 3427 Ccecilium.
1079 3380 1297 3423 Fortasse
1464 3393 1542 3424 ιο.
1570 3378 1788 3440 Hypsoeo.
1820 3378 1913 3423 Hic
1943 3379 2163 3441 Pompeii
2192 3391 2404 3443 quaestor

277 3461 534 3516 libertum,
550 3468 914 3523 procuratorem
929 3454 1128 3503 Caecilii.
1141 3454 1298 3501 Coun.
1387 3456 1566 3511 fueram
1590 3470 1819 3518 eumque,
1843 3468 1896 3503 ut
1916 3466 1964 3503 et
1983 3458 2162 3514 Varro,
2184 3458 2407 3507 hortaba-

353 3541 401 3586 8.
427 3539 556 3585 olim
578 3537 741 3585 aberat
767 3535 1056 3600 impendere.
1072 3535 1122 3581 J.
1140 3531 1203 3579 V.
1222 3535 1276 3581 1..
1389 3543 1467 3580 tur
1483 3566 1498 3587 ,
1526 3544 1583 3580 ut
1621 3535 1874 3582 Ciceronis
1906 3536 2230 3597 patrocinium
2259 3539 2406 3586 susci-

352 3632 405 3678 9.
447 3616 656 3681 Tigrane
691 3615 920 3681 neglecto.
961 3616 1124 3677 Quum
1161 3614 1301 3659 Pom·
1391 3622 1541 3675 peret.
1564 3611 1846 3674 cognomen
1873 3624 1945 3660 est
1969 3612 2167 3685 Plautia
2193 3614 2403 3665 famine,

279 3697 419 3761 peius
435 3696 691 3758 Tigranem
711 3695 803 3741 sibi
829 3711 855 3741 n
880 3689 1059 3741 Clodio
1084 3702 1303 3756 ereptum
1389 3689 1505 3736 vid.
1542 3688 1604 3735 ad
1634 3687 1748 3737 Div.
1771 3692 1794 3736 Ι
1810 3724 1825 3747 ,
1856 3706 1876 3735 1
1896 3704 1912 3750 ς
1941 3692 2122 3741 Ancon.
2147 3692 2196 3740 in
2235 3695 2408 3743 Mllon.

277 3776 580 3839 neglexerit,
600 3773 787 3822 sublata
805 3790 916 3838 spes
935 3772 1093 3820 omnis
1111 3783 1183 3819 est
1201 3787 1305 3819 mu·
1391 3768 1502 3814 Val.
1519 3767 1652 3815 Max.
1674 3770 1748 3814 1x
1764 3801 1778 3826 ‚
1807 3767 1856 3815 5.
1885 3769 1976 3815 En.

279 3854 541 3902 tanda-um
578 3869 758 3901 rerum.
801 3854 908 3916 Ego
942 3854 1111 3899 autem'
1140 3865 1305 3914 grave·
1469 3862 1555 3895 ιι.
1596 3845 1677 3893 Ei.
1711 3847 1959 3909 Pompeio.

280 3935 413 3980 inter
425 3948 513 3980 eoo
527 3932 976 3979 contentionesfore
991 3944 1306 3992 speraveram.
1472 3941 1556 3974 η.
1586 3926 1714 3983 Alii,
1739 3936 1989 3988 putaram.
2017 3928 2050 3974 J
2057 3962 2069 3975 .
2088 3930 2150 3974 V.
2171 3930 2222 3975 1..

279 4011 526 4059 Videntur
560 4010 813 4059 Pedianus
838 4011 892 4056 in
918 4008 1201 4057 Miloniana
1226 4025 1307 4054 ca·
1471 4005 1554 4052 13.
1609 4006 1682 4051 De
1711 4000 1898 4067 fratre.
1946 4008 2020 4053 De
2063 4007 2408 4069 postulatione.

280 4100 384 4153 put
416 4100 496 4146 14.
526 4091 676 4137 Mu«.
1397 4085 1547 4131 Man.

494 4180 586 4245 ll.
646 4191 732 4235 Cic.
762 4204 871 4250 pars
903 4197 1082 4249 quarta.
2096 4171 2183 4237 28

2429 4396 2854 4651 Γ
