3023 4773
635 360 776 434 506
1275 361 1372 431 M.
1423 360 1503 429 T.
1555 360 2126 433 CICERONIS

627 487 810 559 scire
862 484 997 555 ista
1045 481 1309 554 omnia.
1350 481 1585 552 Etiam
1630 479 1846 554 illud¹
1900 475 2315 577 cujusmodi
2361 471 2491 570 sit',
2544 482 2760 556 velim

625 594 1057 693 perspicias:
1089 606 1298 691 potes
1331 616 1372 664 a
1410 591 1851 664 Demetrio².
1876 592 2072 664 Dixit
2098 588 2323 664 mihi-²»
2351 595 2764 691 Pompeius,

623 708 963 780 Crassum
997 729 1039 775 a
1084 727 1162 787 se
1210 695 1291 774 in
1329 701 1615 775 Albano
1653 703 2053 801 exspectari
2088 715 2256 774 ante
2299 701 2494 776 diem
2527 729 2600 775 lv
2623 703 2761 777 kal.

622 817 684 887 is
732 839 963 912 quum
1005 814 1356 902 venisset,
1414 818 1718 886 Romam
1773 837 1926 886 esse
1971 816 2212 890 statim
2255 828 2632 903 venturOS,
2681 830 2766 892 ut

623 924 942 995 rationes
973 948 1143 997 cum
1186 921 1593 1020 publicanis
1626 938 1987 1020 putarent.
2035 924 2381 1013 Quaesivi,
2426 923 2764 1022 gladiato·

621 1031 1008 1106 ribusne4?
1052 1031 1467 1131 respondit,
1506 1048 1906 1130 antequam
1942 1031 2484 1108 inducerentur.
2524 1033 2607 1106 Id
2642 1058 2765 1110 cu-

612 1142 934 1240 jusmodi
965 1144 1089 1230 sit,
1123 1156 1250 1214 aut
1282 1166 1519 1231 nunc,
1564 1143 1626 1215 si
1668 1145 1886 1230 scias,
1923 1157 2049 1216 aut
2090 1167 2322 1241 quum
2358 1144 2422 1214 is
2461 1149 2764 1216 Romam

614 1256 933 1342 venerit,
976 1251 1069 1325 ad
1106 1276 1222 1324 me
1253 1255 1491 1325 mittas
1532 1254 1771 1327 velim.
1803 1258 1954 1327 Nos
1983 1253 2105 1326 hic
2138 1276 2479 1328 voramus
2520 1252 2764 1332 literas

614 1388 784 1438 cum
811 1363 1109 1436 homine
1144 1361 1453 1436 mirifico
1480 1363 1623 1460 (ita
1649 1363 2066 1436 mehercule
2089 1364 2350 1459 sentio)
2374 1365 2724 1460 Dionysio
2745 1422 2769 1456 ,

617 1472 747 1569 qui
783 1486 856 1542 te
889 1494 1295 1566 omnesque
1327 1494 1459 1543 vos
1483 1472 1744 1542 salutat
1785 1498 1802 1541 ε
1848 1465 2068 1542 οὐδὲν5
2099 1475 2484 1569 γλυκύτερον,
2508 1479 2546 1549 ἢ
2574 1473 2764 1541 πάντ’

618 1573 864 1650 εἰδέναι.
894 1578 1140 1665 Quare
1160 1629 1180 1664 ‚
1207 1590 1292 1647 ut
1317 1575 1597 1648 homiui
1625 1577 1914 1647 curioso
1930 1629 1951 1665 ‚
1978 1577 2079 1648 ita
2102 1574 2471 1675 perscribe
2499 1574 2593 1647 ad
2611 1599 2766 1664 me,

617 1686 797 1785 quid
820 1688 1097 1785 primus
1117 1685 1269 1760 dies
1287 1742 1306 1774 ‚
1326 1685 1506 1784 quid
1525 1684 1892 1757 secundus
1906 1739 1926 1774 ‚
1947 1683 2129 1783 quid
2150 1710 2490 1760 censores
2505 1681 2566 1774 ⁶,
2588 1683 2769 1784 quid

617 1797 963 1894 Appius7,
1013 1795 1197 1893 quid
1242 1797 1363 1868 illa
1410 1795 1668 1895 populi
1715 1791 2092 1893 Apuleia⁸.
2140 1797 2767 1893 Denique,-etiam

618 1902 803 2001 quid
834 1930 875 1975 a
913 1919 984 1976 te
1013 1902 1137 1975 fiat
1158 1959 1177 1993 ,
1206 1904 1293 1974 ad
1325 1929 1442 1976 me
1469 1907 1689 1976 velim
1715 1903 2004 1978 scribaS.
2028 1909 2195 1977 Non
2224 1908 2421 1978 enim
2446 1911 2561 2003 (ut
2586 1930 2759 1978 vere

620 2014 1037 2111 loquamur)
1056 2027 1205 2084 tam
1225 2012 1444 2085 rebus
1472 2017 1699 2105 novis,
1728 2040 1949 2113 quam
1970 2016 2111 2087 tuis
2138 2015 2385 2106 literis,
2408 2013 2759 2088 delector.

619 2127 775 2222 Ego
801 2147 1121 2213 mecum,
1156 2139 1418 2223 praeter
1467 2126 1933 2221 Dionysium,
1977 2124 2154 2196 duxi
2184 2125 2557 2197 neminem
2582 2152 2601 2214 3
2631 2150 2769 2198 nec

622 2249 874 2308 metuo
917 2249 1201 2323 tamen,
1237 2259 1332 2306 ne
1370 2234 1553 2305 mihi
1583 2260 1825 2307 sermo
1867 2235 2123 2308 desita.
2164 2234 2314 2306 Abs
2351 2246 2511 2307 te¹⁰
2544 2259 2768 2334 opere

692 2499 738 2537 ι,
763 2482 929 2535 Etiam
957 2483 1101 2532 illud.
1135 2484 1247 2531 Hoc
1281 2482 1418 2545 quod
1438 2489 1547 2531 au'm
1573 2483 1651 2533 di·
1737 2499 1883 2547 quam
1907 2483 2002 2532 sibi
2034 2481 2268 2548 parabat,
2289 2491 2355 2530 -et
2396 2481 2459 2533 de
2497 2482 2769 2546 cupiditate

613 2573 781 2613 emma
797 2595 815 2622 ,
840 2562 1074 2626 quodque
1098 2561 1217 2613 mihi
1239 2562 1501 2626 Pompeius
1515 2562 1651 2610 affir-
1737 2578 1812 2609 res
1838 2578 1989 2609 novas
2025 2564 2199 2610 Romae
2233 2574 2367 2613 actas
2392 2562 2643 2619 audiendi.
2671 2566 2768 2614 En.

615 2640 792 2700 mavit,
821 2641 879 2688 de
907 2640 1181 2688 rationibus
1222 2655 1334 2688 cum
1372 2642 1649 2704 publicanis
1807 2642 1863 2689 6.
1914 2639 2158 2690 Censores.
2195 2641 2331 2690 Num
2369 2642 2618 2690 civitatem
2657 2658 2771 2693 oen-

616 2720 865 2785 putandis.
894 2719 952 2768 1d
978 2720 1140 2785 ipsum
1162 2721 1353 2785 repetit,
1383 2733 1497 2783 post
1522 2722 1647 2769 hanc
1736 2730 1873 2767 scant
1891 2752 1907 2779 ,
1947 2735 2008 2767 an
2053 2721 2108 2768 id
2155 2719 2457 2786 desperetur.
2502 2721 2661 2785 Epist.
2689 2737 2767 2782 η.

614 2801 941 2850 narrationem
959 2831 976 2858 ,
1010 2799 1090 2847 his
1116 2799 1279 2849 verbis
1310 2813 1323 2847 ε
1352 2821 1378 2842 α
1398 2800 1459 2851 ld
1484 2799 1646 2859 cujus·

617 2878 755 2931 modi
796 2880 893 2938 sit,
924 2889 1008 2927 aut
1039 2894 1175 2926 nuuc
1213 2880 1256 2927 si
1302 2879 1457 2940 scias,
1499 2889 1595 2931 etc.
1617 2899 1642 2921 ι

621 2960 849 3006 Matar.
1444 3006 1453 3017 ⁸

686 3054 741 3087 a.
764 3035 1025 3085 Demetrio.
1052 3036 1273 3100 Pompeii
1294 3036 1486 3086 liberto.
1516 3036 1645 3085 Plin.

619 3116 708 3165 lib.
742 3118 962 3174 XXXV,
998 3131 1105 3179 cap.
1149 3117 1227 3162 18.
1266 3114 1558 3162 Plutarchus
1594 3114 1646 3162 iu

615 3198 791 3262 Pomp.
817 3206 868 3243 et
884 3195 1033 3243 Dion.
1052 3194 1141 3241 lib.
1165 3195 1413 3241 XXXIX.
1437 3193 1605 3241 Cotta.

684 3278 734 3324 3.
761 3278 951 3323 Ernest.
975 3272 1164 3321 addidit
1198 3271 1334 3331 mihi,
1366 3282 1423 3319 ut
1437 3271 1640 3320 volebat

614 3354 911 3418 Malaspina‚
932 3353 1019 3417 qui
1056 3353 1110 3399 in
1135 3351 1262 3400 MSS
1284 3351 1477 3400 duobus
1502 3369 1640 3417 repe-

614 3444 759 3483 rerat.
785 3434 871 3480 Est
898 3443 947 3480 et
973 3432 1025 3479 in
1051 3430 1164 3479 edd.
1192 3441 1309 3478 vett.
1335 3434 1388 3480 J.
1418 3431 1482 3477 V.
1506 3432 1566 3479 1..

682 3520 732 3568 4.
767 3510 1214 3560 Gladiatoribusne.
1258 3512 1496 3561 Putareue
1533 3509 1637 3557 vel-

611 3591 713 3640 lent
726 3593 955 3651 rationes,
969 3590 1147 3655 quibus
1158 3590 1329 3638 diebus
1346 3590 1640 3655 gladiatores

611 3674 921 3735 pugnarent?
948 3674 1079 3720 Ante
1096 3708 1109 3729 ‚
1137 3671 1398 3735 Pompeius
1429 3686 1640 3736 respon-

613 3749 704 3799 dit.
744 3754 889 3800 Mu.
931 3780 997 3789 —-
1030 3751 1276 3816 Mougalt.
1320 3749 1551 3814 intelligit
1579 3748 1640 3797 de

612 3826 963 3893 gladiatoribus
1023 3828 1420 3878 manumittendis
1434 3863 1450 3888 ,
1501 3826 1640 3893 quod

618 3922 743 3972 oegre
756 3908 1024 3958 admittam.
1042 3910 1159 3958 Silet
1171 3921 1332 3957 tamen
1344 3910 1461 3958 J·.V.
1475 3910 1533 3956 L.
1550 3909 1646 3955 En.

688 3984 742 4033 5.
787 3979 961 4036 Οὐδέν.
1006 4008 1032 4030 α
1049 3988 1189 4037 Nihil
1233 3986 1457 4047 dulcius,
1501 4003 1649 4051 quam

626 4066 787 4121 onnia
800 4082 988 4119 nosse.»
1014 4066 1248 4131 Intelligit
1269 4077 1318 4116 et
1344 4066 1408 4119 de
1426 4066 1652 4117 docmina
1740 4062 1988 4114 abu-naso
2015 4064 2268 4121 librarium
2299 4067 2588 4133 scriptorem
2624 4063 2775 4115 facile
2861 4055 2876 4065 “

1742 2800 1892 2848 Max.

1808 2894 1862 2938 7.
1888 2877 2091 2942 Appius.
2124 2879 2255 2941 Quia
2287 2880 2487 2935 videbat
2524 2897 2638 2931 eum
2671 2880 2768 2935 hoc

1733 2970 1864 3003 anuo
1933 2958 2242 3013 consulatum
2290 2961 2576 3024 petitum-1.
2618 2962 2767 3011 Anno

1733 3034 1863 3081 enim
1877 3036 2107 3098 proximo
2131 3039 2438 3087 consulatum
2465 3040 2633 3103 gessit.
2660 3041 2739 3093 In.

1805 3114 1859 3162 8.
1880 3114 2277 3181 Apuleia.Appii
2295 3118 2442 3166 frater
2462 3120 2516 3167 Ρ.
2539 3117 2758 3175 Clodius,

1731 3193 2087 3257 qnipopulum
2111 3196 2165 3242 in
2197 3197 2448 3245 tribunatu
2483 3213 2589 3245 non
2618 3213 2760 3244 socna

1726 3283 1873 3335 atque
1899 3273 2141 3338 Apuleius
2167 3276 2488 3335 Saturninus,
2525 3278 2763 3325 concitat.

1727 3351 1994 3414 Apuleium
2020 3364 2183 3405 autem
2209 3355 2424 3419 appellat
2442 3371 2532 3419 per
2548 3366 2771 3403 contem·

1726 3441 1869 3494 ptum
1896 3432 2036 3493 quasi
2061 3433 2395 3482 effeminatum
2414 3467 2430 3494 ,
2469 3444 2518 3481 et
2544 3435 2770 3482 mollem.

1730 3511 1805 3559 In.
1829 3511 2149 3562 —TunstalL
2186 3529 2236 3577 p.
2266 3516 2331 3578 98
2351 3548 2366 3573 ,
2396 3513 2493 3577 legi
2531 3514 2638 3561 vult
2655 3512 2781 3583 ἀφί-

1727 3591 1854 3637 λεια.
1888 3588 1937 3634 J.
1968 3589 2035 3636 V.
2068 3591 2129 3637 L.
2187 3588 2190 3591 ’

1799 3683 1850 3729 9.
1873 3666 1976 3714 Alii
1995 3703 2010 3728 ,
2040 3688 2066 3707 σε
2093 3685 2156 3715 ne
2181 3670 2302 3718 mihi
2326 3686 2490 3745 permo
2537 3669 2661 3719 desit
2689 3669 2783 3718 aba

1731 3756 1794 3794 te.
1814 3747 1976 3810 Opere
1998 3745 2226 3794 delector
2242 3770 2283 3798 n.
2303 3751 2357 3798 J.
2386 3751 2448 3796 V.
2474 3751 2532 3797 L.

1806 3840 1888 3873 ιο.
1918 3824 2019 3872 Abs
2044 3835 2093 3873 te
2132 3842 2299 3890 opere.
2340 3828 2442 3876 Alii
2463 3828 2604 3876 aliter
2624 3837 2675 3875 et
2699 3827 2780 3874 le-

1740 3914 1882 3968 gunt,
1902 3915 1952 3952 et
1969 3903 2376 3968 interpretantur:
2396 3906 2484 3954 sed
2500 3921 2781 3970 germanas,

1737 3982 1950 4047 opinor,
1993 3980 2172 4048 get-rasv
2194 3986 2427 4035 afferunt.
2463 3987 2562 4034 flio
2605 3995 2776 4033 tamen
