3023 4773
664 462 803 554 472
1296 466 1391 532 M.
1442 466 1520 532 T.
1577 467 2134 540 CICERONIS

665 578 908 677 potius
925 576 1187 652 furoris
1215 585 1601 681 particeps,
1638 600 1711 666 et
1726 585 1879 662 salsi
1901 588 2174 658 timoris
2194 583 2223 628 ³
2243 586 2479 657 socius
2497 584 2749 659 fuisses
2762 643 2786 674 ,

663 685 1115 762 acerbissime
1143 689 1522 763 discidium
1555 709 1884 765 nostrum
1920 694 2204 784 tulisse,
2245 693 2790 794 plurimumque

665 823 940 896 operae,
993 800 1252 890 studii,
1313 801 1731 899 diligentiae,
1783 802 2047 880 laboris
2099 803 2188 883 ad
2251 801 2788 877 conficiendum

662 907 977 980 reditum
1009 934 1250 997 meum
1286 912 1693 984 contulisse.
1736 918 1992 1011 Itaque
2033 913 2173 985 hoc
2215 912 2349 984 tihi
2384 938 2550 985 vere
2589 912 2789 984 affir-

664 1048 821 1110 mo,
862 1026 936 1094 in
965 1027 1273 1096 maxima
1299 1026 1573 1115 laetitia,
1613 1042 1686 1100 et
1716 1032 2244 1127 exoptatissima
2280 1029 2791 1126 gratulatione,

659 1158 887 1204 unum
932 1132 1024 1204 ad
1088 1135 1606 1220 cumulandum
1677 1138 2018 1235 gaudium
2080 1152 2548 1236 conspectum
2574 1192 2593 1224 ‚
2656 1153 2791 1208 aut

659 1247 899 1341 potius
942 1245 1404 1342 complexum
1445 1247 1624 1318 mihi
1659 1262 1866 1320 tuum
1898 1246 2245 1335 defuisse3
2291 1271 2513 1344 quem
2560 1246 2788 1318 semel

656 1368 906 1425 nactus
954 1379 1354 1453 numquam
1412 1356 1749 1430 dimisero
1796 1386 1812 1428 :
1878 1383 1992 1447 ac,
2037 1358 2176 1434 nisi
2224 1359 2437 1440 etiam
2489 1371 2786 1454 praeter-

654 1466 911 1537 missos
959 1463 1239 1537 fructus
1296 1481 1437 1537 tuae
1488 1469 1851 1539 suavitatis
1906 1466 2301 1566 [praeteriti
2345 1465 2786 1564 temporisss]

652 1597 907 1647 omnes
942 1599 1278 1672 exegero,
1313 1575 1640 1675 profecto
1674 1577 1808 1649 hac
1834 1580 2289 1649 restitutione
2333 1575 2640 1647 fortunae
2663 1600 2788 1646 me

658 1687 811 1782 ipse
841 1710 990 1755 non
1027 1686 1198 1756 satis
1233 1684 1535 1782 dignum
1570 1683 1932 1781 judicabo.
1971 1691 2122 1758 Nos
2156 1685 2394 1757 adhuc
2424 1686 2501 1755 in
2529 1700 2788 1756 nostro

653 1807 841 1867 statu
861 1850 880 1883 ,
920 1793 1121 1891 quod
1157 1792 1578 1866 difficillime
1609 1797 2023 1895 recuperari
2060 1818 2271 1895 posse
2305 1793 2630 1873 arbitrau’
2659 1819 2784 1865 su-

654 1926 816 1988 mus
830 1956 850 1989 ‚
870 1902 1328 2000 splendorem
1348 1918 1674 1987 nostrum
1699 1904 1902 1976 illum
1926 1903 2283 1982 forensem
2302 1958 2321 1991 ,
2338 1917 2411 1974 et
2435 1904 2512 1973 in
2529 1919 2788 1974 senatu

654 2003 1188 2100 auctoritatem,
1239 2026 1310 2083 et
1362 2013 1558 2112 apud
1604 2017 1797 2084 viros
1846 2013 2085 2085 bonos
2137 2012 2475 2109 gratiam,
2518 2014 2782 2109 magiS,

654 2144 872 2215 quam
910 2118 1402 2218 optaramus⁵‚
1442 2124 1877 2221 consequuti
1903 2148 2171 2194 sumuS.
2201 2127 2283 2192 In
2304 2146 2381 2192 re
2409 2136 2646 2193 autem
2688 2121 2784 2192 fa-

652 2229 949 2318 miliari,
988 2255 1149 2328 quae
1173 2231 1789 2327 quemadmodum
1810 2231 2064 2319 fracta,
2103 2231 2471 2328 dissipata,
2504 2229 2785 2328 direpta

656 2340 781 2426 sit,
832 2364 980 2410 non
1028 2344 1354 2437 ignoras,
1407 2341 1615 2414 valde
1667 2338 2112 2427 laboramus,
2155 2354 2589 2436 tuarumque
2631 2364 2786 2409 non

655 2465 800 2523 tam
846 2447 1298 2538 facultatum,
1340 2476 1518 2547 quas
1554 2476 1689 2548 ego
1725 2444 2008 2522 no'stras
2041 2474 2195 2521 esse
2230 2447 2520 2545 judic0‚
2564 2474 2788 2545 quam

656 2560 1122 2636 consiliorum
1162 2560 1251 2631 ad
1289 2561 1728 2657 colligendas
1771 2576 1844 2633 et
1877 2559 2409 2633 constituendas
2444 2559 2791 2655 reliquias

659 2685 937 2741 nostras
965 2668 1393 2767 indigemus.
1431 2674 1680 2752 Nunc,
1738 2672 1869 2742 etsi
1899 2671 2143 2742 omnia
2175 2683 2298 2741 aut
2332 2672 2594 2767 scripta
2632 2693 2790 2740 esse

655 2804 697 2856 a
732 2783 873 2851 tuis
915 2776 1264 2867 arbitror,
1305 2794 1429 2851 aut
1468 2782 1684 2851 etiam
1720 2781 1991 2851 nuntiis
2029 2803 2112 2850 ac
2142 2802 2431 2849 rumore
2474 2778 2789 2875 perlata,

655 2905 896 2961 tamen
931 2915 1015 2961 ea
1037 2887 1392 2961 scribam6
1427 2889 1670 2977 brevi,
1706 2915 1865 2987 quae
1898 2905 1969 2961 te
2000 2904 2182 2986 puto
2210 2890 2664 2986 potissimum
2698 2914 2794 2958 ex

653 3001 832 3083 meis
864 2999 1087 3072 literis
1124 3000 1305 3071 velle
1334 3023 1792 3096 cognoscere.

748 3092 984 3179 Pridie
1023 3134 1253 3187 nonas
1283 3102 1460 3180 sext.
1501 3108 1955 3204 Dyrrhachio
1984 3133 2141 3179 sum
2176 3105 2580 3204 profectus,
2623 3110 2790 3205 ipso

654 3216 778 3288 illo
814 3217 964 3305 die,
1006 3243 1156 3314 quo
1202 3218 1316 3288 lex
1368 3231 1475 3288 est
1511 3218 1653 3289 lata
1692 3218 1781 3290 de
1821 3217 2053 3289 nobis.
2105 3217 2569 3288 Brundisium
2614 3222 2786 3287 veni

651 3332 868 3399 nonis
909 3342 1084 3398 sext.
1125 3325 1235 3396 Ibi
1273 3326 1451 3397 mihi
1493 3328 1802 3400 Tulliola
1845 3353 2003 3399 mea
2037 3327 2173 3397 suit
2215 3342 2517 3424 praest0‚
2565 3328 2786 3397 natali

650 3461 784 3513 suo
811 3437 971 3536 ipso
993 3435 1135 3521 die,
1151 3438 1280 3532 qui
1314 3459 1481 3507 casu
1520 3436 1711 3511 idem
1736 3437 1991 3508 natalis
2024 3450 2177 3507 erat
2203 3450 2276 3506 et
2303 3436 2784 3507 Brundisinus?

723 3627 769 3673 3.
795 3621 1016 3673 Timor-is.
1045 3622 1236 3671 Victor.
1267 3618 1461 3671 Manat.
1496 3623 1664 3672 lamb.
1825 3624 1876 3671 6.
1916 3622 2152 3694 Scribam.
2193 3623 2390 3669 Manat.
2428 3621 2586 3670 voluit
2614 3622 2788 3673 insen·-

648 3703 872 3752 rumon's.
891 3704 1111 3764 Scilicet,
1125 3704 1264 3752 brevi
1278 3720 1353 3751 mc
1371 3703 1666 3752 rediturum:
1757 3702 1882 3749 bam.
1908 3703 2025 3750 Scil.
2051 3702 2103 3748 in
2131 3701 2208 3748 his
2229 3701 2394 3748 literis.
2423 3700 2504 3748 Sic
2522 3702 2779 3761 Horatius,

650 3783 736 3844 qui
761 3784 1102 3845 per-exdecim
1119 3799 1303 3832 menses
1320 3783 1540 3833 exsilium
1558 3799 1666 3847 per·
1757 3803 1781 3823 α
1801 3780 2066 3828 Inscribam
2104 3794 2283 3826 nomen
2306 3780 2357 3827 in
2384 3780 2505 3825 actis
2526 3799 2571 3827 ι.
2600 3806 2668 3814 -
2699 3783 2784 3826 Le-

650 3860 760 3909 tuli.
1755 3859 1963 3921 gendum
1983 3891 1999 3916 ,
2019 3856 2247 3905 scribam.
2278 3858 2424 3904 Μυι.

720 3946 769 3994 4.
794 3939 955 3997 Verba
979 3939 1230 4004 interpreti
1260 3940 1442 3989 debita.
1458 3942 1506 3990 J.
1529 3942 1590 3988 V.
1611 3943 1664 3988 L.
1832 3955 1877 3998 7.
1920 3936 2230 3984 Brundisina·
2277 3934 2494 3983 colom'ae.
2537 3935 2654 3983 Dies
2682 3947 2781 3981 erat

715 4019 766 4066 5.
798 4017 973 4080 Magis,
999 4035 1148 4080 quam
1175 4034 1472 4082 optaramus.
1495 4021 1665 4081 Neque
1751 4016 1906 4077 idem,
1933 4032 2032 4079 quo
2051 4027 2100 4063 et
2127 4011 2439 4061 Brundisium
2466 4012 2676 4062 deducta
2702 4031 2777 4061 co-

644 4097 775 4145 enim
824 4095 1093 4158 optandum
1149 4099 1435 4159 putabamus
1453 4132 1469 4155 ‚
1528 4097 1663 4160 quod
1750 4097 1879 4143 lonia
1911 4098 2060 4142 fuerat
2081 4128 2096 4152 ,
2117 4106 2164 4140 et
2188 4094 2366 4140 Salutis
2386 4092 2514 4139 aedae
2540 4094 2590 4139 in
2620 4094 2776 4155 Quiri·

640 4176 932 4242 sperandum
960 4188 1060 4221 non
1083 4174 1343 4222 videretur.
1378 4178 1518 4223 Mu«.
1752 4175 1850 4223 nali
1867 4175 1992 4222 colle
2020 4174 2266 4229 dedicata,
2292 4189 2318 4219 a
2341 4176 2396 4220 C.
2429 4172 2581 4220 ‚Iunio
2603 4171 2777 4218 Bubul-
