3023 4773
544 381 1086 451 EPISTOLAE
1135 382 1268 451 AD
1319 381 1827 466 ATTICUM‚
1863 382 1950 466 V,
2010 377 2116 448 16.
2253 377 2385 475 567

877 774 1485 855 EPISTOLA
1539 775 1767 853 XVI.

228 947 245 956 “
270 943 508 1004 Nuntiat
528 944 887 1023 provinciam
920 943 993 1004 ab
1019 944 1217 1026 Appio
1242 944 1570 1003 immaniter
1594 955 1876 1016 vexatam,
1909 961 2014 1001 sua
2041 961 2394 1020 suorumque

341 1036 557 1120 justitia
595 1039 939 1099 abstinentia
977 1059 1035 1099 et
1072 1040 1374 1098 clementia
1408 1040 1764 1117 aliquantum
1802 1037 2067 1099 recreari.
2104 1043 2394 1098 Praeterea

350 1134 597 1212 Appium
627 1138 791 1196 Tarsi
818 1137 1010 1195 forum
1037 1156 1237 1214 agere,
1266 1135 1339 1194 de
1372 1135 1599 1195 Parthis
1625 1136 1916 1195 silentium
1938 1155 2095 1207 esse,
2122 1133 2392 1193 Bibulum

274 1235 281 1248 ’“
350 1230 410 1288 in
435 1234 782 1308 provinciam
813 1233 1072 1292 nondum
1106 1232 1407 1291 accessisse
1439 1233 1635 1291 refert.
1679 1232 1770 1312 (In
1802 1229 1926 1305 via,
1966 1251 2146 1309 quum
2179 1251 2212 1289 a
2240 1235 2393 1307 Syn-

276 1345 283 1351 ’
350 1325 499 1385 nude
531 1326 589 1384 in
624 1344 800 1390 eastra
829 1329 1316 1410 proficisceretur,
1342 1348 1495 1387 anno
1522 1332 1596 1389 U.
1625 1330 1692 1388 C.
1716 1348 1829 1401 702
1846 1374 1863 1401 ,
1899 1322 2096 1387 mense
2119 1326 2352 1398 sextili.)

919 1503 1231 1568 CICERO
1276 1503 1593 1569 ATTICO
1642 1502 1707 1566 S.

367 1639 529 1707 Erst
567 1636 644 1705 in
664 1637 814 1733 ipso
837 1639 1094 1709 itinere
1115 1652 1186 1708 et
1209 1638 1321 1709 via
1339 1635 1810 1709 discedebant
1834 1635 2393 1734 publicanorum

276 1743 656 1830 tabellarii,
705 1757 778 1814 et
814 1770 1097 1819 eramus
1139 1750 1217 1816 in
1260 1771 1515 1834 cursu3
1562 1759 1805 1817 tamen
1855 1744 2391 1843 surripiendum

272 1854 543 1953 aliquid
577 1853 821 1951 putavi
849 1858 1083 1956 spatii,
1117 1880 1211 1927 ne
1247 1881 1363 1927 me
1395 1857 1894 1928 immemorem
1932 1855 2247 1927 mandati
2288 1856 2397 1925 tui

275 1978 589 2061 putareS.
634 1966 887 2057 Itaque
920 1964 1211 2036 subsedi
1254 1968 1331 2034 in
1393 1966 1552 2063 ipsa
1587 1968 1733 2054 via,
1775 1966 1951 2037 dum
1994 1964 2174 2051 haee,
2231 1989 2393 2062 quae

275 2073 679 2169 longiorem
721 2068 1120 2145 deside-ant
1156 2076 1591 2159 orationem,
1619 2076 2031 2146 summatim
2065 2073 2194 2144 tibi
2240 2096 2398 2171 per-

275 2182 686 2258 scriberem.
719 2182 1015 2254 Maxima
1043 2186 1682 2282 exspectationelin
1700 2184 2054 2280 perditam
2090 2199 2162 2259 et
2179 2183 2392 2288 plane

276 2317 592 2365 eversam
619 2294 693 2362 in
720 2304 1137 2390 perpetuum
1156 2294 1600 2393 provinciam
1614 2317 1749 2363 nos
1770 2297 2044 2364 venisse
2064 2295 2239 2364 scito
2256 2295 2395 2390 pri·

274 2404 390 2476 die
420 2403 556 2475 kal.
590 2402 900 2475 sextiles.
934 2404 1245 2481 Moiatus
1276 2402 1601 2485 triduum
1628 2403 2030 2491 Laodiceae,
2070 2401 2393 2473 triduum

283 2517 643 2613 Apameae,
671 2511 977 2584 totidem
995 2509 1131 2580 diez
1150 2512 1514 2612 Synnade,
1543 2512 1946 2584 audivimus
1965 2512 2141 2582 nihil
2167 2508 2360 2581 aliud
2381 2554 2400 2588 ‚

283 2623 423 2692 nisi
487 2622 835 2719 imperata
894 2621 1236 2710 ἐπικεφάόια
1261 2630 1284 2664 ¹
1356 2618 1632 2693 solvere
1693 2643 1842 2690 non
1912 2642 2124 2716 posse
2155 2645 2174 2703 3
2236 2616 2391 2696 ὠνὰς

285 2731 610 2801 omnium
640 2727 1001 2815 venditas;
1039 2727 1389 2802 civitatum
1417 2732 1758 2829 gemituS,
1795 2728 2159 2828 ploratus;
2191 2750 2396 2797 mon·
2427 2810 2440 2823 υ

284 2853 432 2909 stra
484 2835 811 2933 quaedam
874 2863 1022 2908 non
1081 2835 1411 2928 honinis,
1479 2838 1607 2910 sed
1663 2837 1832 2921 ferae
1880 2839 2125 2910 nescio
2186 2835 2418 2931 cujus·

286 2948 639 3017 immanis.
708 2946 904 3035 Quid
961 2946 1261 3043 quaerisi
1322 2948 1536 3020 taedet
1585 2950 1911 3018 omnium
1970 2957 2149 3016 nos²
2213 2946 2388 3014 vitae.

285 3061 646 3128 Levantur
682 3069 919 3126 tamen
947 3058 1218 3126 miserae
1236 3060 1568 3146 civitates,
1597 3054 1797 3154 quod
1817 3053 2060 3126 nullus
2083 3056 2172 3124 sit
2201 3077 2392 3123 sum-

287 3182 459 3266 ptus
490 3167 566 3237 in
606 3189 740 3236 nos
761 3219 781 3253 ,
809 3188 1047 3260 neque
1075 3166 1150 3235 in
1188 3165 1476 3263 legatos,
1519 3192 1760 3265 neque
1792 3170 1870 3237 in
1912 3178 2342 3262 quaestorem
2369 3216 2388 3248 ‚

287 3302 524 3376 neque
574 3282 650 3347 in
695 3298 1154 3372 quemquam.
1195 3277 1400 3368 Scito,
1458 3305 1608 3351 non
1645 3276 1867 3351 modo
1906 3301 2040 3347 nos
2075 3273 2392 3367 foenum,

288 3402 411 3459 aut
447 3385 650 3484 quod
691 3384 845 3481 lege
878 3383 1062 3456 Julia
1099 3382 1251 3455 dari
1284 3404 1484 3472 Soet,
1539 3414 1690 3461 non
1726 3387 2084 3485 accipere,
2136 3382 2261 3456 sed
2299 3408 2398 3467 ne¹

289 3498 479 3595 ligna
516 3495 850 3594 quidem;
886 3518 1051 3577 nec,
1092 3508 1348 3590 praeter
1375 3515 1674 3593 quatuor
1709 3497 1935 3569 lectos
1970 3509 2043 3566 et
2078 3508 2346 3589 tectum
2370 3545 2390 3577 ‚

290 3630 729 3702 quemquam
785 3608 1102 3702 accipere
1143 3605 1571 3702 quidquam3
1626 3607 1873 3681 multis
1927 3606 2108 3699 locis
2144 3617 2392 3697 11⁶.OE-

291 3729 486 3787 ctum
531 3714 858 3811 quidem,
901 3730 975 3786 et
1009 3717 1086 3784 in
1116 3714 1572 3791 tabernaculo
1604 3741 1895 3795 manere
1933 3715 2385 3814 plerumque.

368 3943 412 3977 1.
440 3916 748 3990 ὲπικιφᾰλια.
771 3925 1026 3974 Trihutum
1044 3925 1084 3973 i·
1101 3924 1288 3990 singul·
1386 3949 1408 3971 ι
1428 3928 1574 3979 taedet
1611 3928 1811 3977 omnino
1858 3944 1942 3977 eos
1986 3930 2097 3985 vita
2116 3949 2157 3981 a.
2203 3929 2393 3979 Ernest.

290 4006 466 4071 capita.
489 3993 628 4065 ὀνόις,
646 4005 987 4068 possessiones.
1382 4006 1571 4070 probat.
1595 4008 1724 4055 Infra
1746 4007 1874 4059 enim
1899 4008 2126 4061 dicuntur
2146 4006 2397 4055 revivisce·

364 4103 415 4136 2.
435 4084 702 4151 Malaopina
719 4096 768 4133 ct
784 4088 962 4149 Popuu
978 4083 1290 4148 confecerunt,
1383 4103 1447 4135 re.
1473 4089 1528 4135 J.
1553 4089 1617 4135 V.
1645 4089 1700 4136 L.
