3023 4773
586 406 599 411 ”
685 422 780 510 48
1332 424 1429 493 Μ.
1479 421 1557 491 T.
1612 407 2175 491 clcmoms

682 543 1000 629 affirmo,
1029 566 1268 641 neque
1291 542 1364 614 id
1395 540 1794 613 ambitione
1818 537 2172 613 adductus
2198 537 2409 632 faci0‚
2438 543 2562 614 sed
2582 568 2815 642 quum

682 652 1153 726 familiaritate
1189 665 1261 722 et
1295 650 1827 724 necessitudine
1849 700 1869 738 ,
1909 664 2068 721 tum
2107 653 2323 722 etiam
2364 654 2660 727 veritate
2686 682 2708 724 .-
2738 670 2814 728 te

680 790 770 836 ex
798 767 874 834 C.
910 762 1128 834 Flavii
1165 759 1406 833 officio
1452 776 1526 834 et
1554 760 2049 848 observantia,
2087 775 2160 833 et
2197 777 2539 860 praeterea
2566 766 2814 863 splen-

676 873 857 945 dore
910 886 1128 970 atque
1186 875 1376 944 inter
1424 896 1597 943 suos
1646 872 1871 969 gratia
1898 925 1917 961 ,
1988 894 2323 970 magnam
2363 871 2809 970 voluptatem

678 1007 832 1056 esse
870 997 1279 1081 capturum.

673 1172 856 1194 mm
868 1172 1053 1195 mm
1060 1170 2072 1193 mmm-mmm
2440 1173 2808 1194 mm

1202 1359 1814 1451 EPISTOLA
1884 1362 2271 1442 XXXII.

668 1532 940 1612 Hospites
1001 1552 1139 1592 suos
1192 1532 1625 1612 Archagathum
1683 1543 1742 1589 et
1790 1531 2093 1590 Philonem
2146 1530 2530 1592 commendat.
2593 1533 2804 1613 (Anno

1597 1627 1867 1706 incerto.)

1105 1809 1199 1875 Μ.
1221 1809 1296 1874 T.
1334 1809 1411 1874 G.
1449 1807 1739 1873 ACILIO
1786 1806 2037 1871 PROC.
2075 1806 2140 1872 S.
2172 1807 2245 1872 P.
2279 1810 2361 1873 D.

760 1954 844 2021 ΙΝ
885 1934 1260 2022 Halesina‘¹
1320 1948 1641 2033 civitate,
1691 1960 1839 2017 tam
1881 1942 2141 2036 lauta²,
2186 1961 2483 2044 tamque
2526 1947 2796 2037 nobili,

661 2061 1287 2155 conjunctissimos
1312 2056 1551 2129 habeo
1579 2071 1650 2128 et
1666 2056 1986 2154 hospitio
2010 2071 2082 2128 et
2100 2054 2574 2129 familiaritate
2598 2063 2694 2129 M.
2724 2075 2800 2133 et

661 2175 739 2242 C.
784 2170 1075 2243 Clodios
1105 2163 1692 2266 Archagathum³
1750 2180 1823 2237 et
1873 2166 2272 2238 Philonem.
2329 2167 2469 2239 Sed
2520 2194 2799 2255 vereor,

659 2304 791 2367 ne,
829 2282 1000 2377 quia
1042 2280 1451 2377 complures
1505 2277 1641 2348 tibi
1682 2277 2040 2375 proecipue
2090 2277 2559 2365 commendo,
2612 2304 2796 2352 exae·

658 2415 885 2488 quare
946 2388 1191 2462 videar
1256 2386 1654 2460 ambitione
1733 2385 2047 2484 quadam
2117 2386 2794 2463 commendationes

659 2526 873 2573 meas.
943 2502 1403 2597 Quamquam
1455 2524 1497 2571 a
1548 2511 1620 2570 te
1665 2496 1961 2596 quidem
2004 2499 2368 2571 cumulate
2415 2499 2664 2572 satisfit
2719 2517 2797 2573 et

656 2610 880 2696 mihi,
906 2624 980 2682 et
1008 2611 1187 2681 meis
1215 2607 1579 2681 omnibus.
1620 2607 1761 2680 Sed
1788 2609 2001 2681 velim
2033 2614 2135 2681 sic
2169 2612 2529 2683 existimes
2551 2665 2570 2699 ‚
2602 2611 2795 2685 hanc

656 2721 1029 2808 familiam,
1085 2733 1158 2791 et
1201 2719 1336 2790 hos
1386 2719 1568 2790 mihi
1616 2721 1927 2790 maxime
1983 2743 2137 2791 esse
2190 2721 2623 2815 conjunctos
2670 2747 2790 2794 ve-

653 2846 960 2919 tustate,
1001 2827 1293 2918 officiis,
1335 2828 1847 2900 benivolentia.
1890 2827 2385 2917 Quamobrem
2425 2843 2596 2927 peto
2637 2856 2677 2902 a
2716 2845 2794 2903 te

652 2946 727 3014 in
754 2942 1099 3036 majorem
1122 2938 1424 3011 modum
1446 2992 1465 3028 ,
1496 2953 1579 3009 nt
1611 2937 1758 3025 his,
1789 2937 2129 3010 omnibus
2158 2940 2235 3008 in
2267 2936 2487 3009 rebus
2508 2993 2527 3025 ‚
2553 2964 2791 3036 quan·

647 3069 806 3125 tum
849 3067 974 3123 tua
1020 3047 1201 3121 fides
1241 3048 1692 3145 dignitasque
1737 3049 2072 3144 patietur,
2111 3048 2553 3121 commodes.
2600 3048 2683 3121 Id
2728 3051 2792 3123 si

651 3147 943 3243 feceriS‚
985 3163 1125 3270 erit
1170 3156 1350 3228 mihi
1392 3156 2018 3229 vehementissime
2059 3172 2364 3257 gratum.

727 3369 771 3402 π.
793 3352 1049 3400 Halesina.
1076 3350 1292 3405 Halesus,
1317 3363 1426 3414 que
1448 3360 1499 3397 et
1524 3349 1673 3397 Alesa
1829 3350 1885 3399 3.
1918 3348 2288 3416 Archagathum
2325 3363 2375 3399 ee
2411 3351 2539 3400 Phil.
2566 3352 2640 3401 M.
2668 3351 2792 3401 clo-

641 3443 696 3480 et
722 3432 904 3479 Halesa
931 3431 1186 3490 scribitur,
1226 3429 1343 3476 urbs
1385 3429 1562 3477 Siciliae
1600 3439 1671 3476 eet
1758 3428 1894 3477 dium
1919 3429 2280 3494 Archagathum
2295 3465 2309 3488 ,
2333 3431 2390 3481 C.
2416 3431 2645 3479 Clodium
2671 3432 2796 3480 Phi-

643 3511 711 3558 ad
731 3509 934 3558 fluvium
960 3510 1189 3559 Halesum
1216 3509 1268 3556 in
1297 3508 1420 3556 colle
1440 3520 1555 3557 octo
1578 3519 1673 3556 sta-
1755 3507 1941 3557 Ionem.
1955 3511 2144 3557 Horum
2163 3511 2454 3574 cognomina
2476 3526 2629 3575 graeca
2650 3523 2793 3571 sunt,

650 3589 744 3638 diis
775 3605 803 3637 ι
837 3591 957 3637 mari
996 3601 1203 3638 remoto.
1235 3586 1397 3635 Hodie
1432 3602 1538 3636 non
1573 3587 1669 3635 nisi
1755 3588 2058 3651 praenomina
2090 3604 2209 3636 vero
2246 3601 2295 3637 et
2334 3582 2534 3638 nomina
2565 3606 2788 3643 romana.

647 3667 821 3716 rudera
846 3679 896 3716 et
927 3670 1125 3733 vestigia
1150 3666 1371 3732 quadam
1400 3667 1505 3728 eins
1532 3666 1668 3715 urbi·
1755 3669 1970 3716 Primum
2011 3668 2141 3717 enim
2188 3669 2342 3717 Siculi
2386 3686 2538 3733 quum
2585 3680 2747 3718 ment
2764 3706 2785 3733 ,

643 3758 923 3810 supersunt,
956 3746 1018 3795 de
1055 3764 1149 3812 qua
1186 3748 1297 3796 vide
1330 3745 1540 3798 Diodor.
1564 3749 1664 3796 Sic.
1755 3747 1965 3796 civitatis
1991 3763 2202 3796 romtnae
2216 3748 2298 3813 jus
2322 3748 2509 3814 adepti,
2529 3749 2669 3796 simul
2699 3764 2791 3813 tp-

644 3825 736 3873 lib.
757 3827 896 3873 xlv.
923 3828 1106 3874 Guw.
1754 3825 2061 3889 pellatiouem
2104 3838 2450 3892 susceperunt,
2493 3839 2657 3876 vetere
2696 3845 2792 3878 no-

714 3920 769 3953 2.
788 3904 902 3953 Duo
918 3905 1067 3964 MSS,
1098 3904 1324 3956 laudata.
1342 3908 1375 3956 J
1381 3941 1395 3955 .
1413 3908 1474 3955 V.
1503 3907 1558 3953 1..
1753 3905 1884 3953 mine
1903 3916 2120 3965 retento,
2149 3923 2283 3957 more
2301 3907 2602 3958 libertorum.
2624 3909 2788 3961 Mur.

1462 4085 1939 4113 -ᾥ-
