3023 4773
703 408 1253 479 LEONARDI
1318 411 1994 483 MALAESPINAE.
2286 413 2427 486 253

289 532 527 620 accepi,
557 554 753 618 quarn
791 532 889 594 vir
926 531 1031 595 ille
1069 533 1277 597 clarus
1315 550 1379 597 et
1423 554 1731 622 magnuS,
1781 534 1844 595 in
1894 536 2131 599 nostris
2177 528 2424 602 aedibus

287 637 667 701 Antonianis
697 636 983 701 Venetiis
1017 637 1462 720 exaedificavit,
1497 639 1926 726 omniumque
1960 640 2278 706 librorum
2313 667 2423 708 co-

282 745 385 832 pia
422 761 487 809 et
522 745 825 808 varietate
857 743 1164 809 instruxit
1194 762 1391 833 atque
1424 745 1711 809 ornavit:
1751 768 1896 832 quae
1929 747 2173 810 nemini
2213 750 2427 817 clausa

281 868 410 931 est,
446 852 722 914 invisere
749 850 1010 914 volenti.
1042 853 1180 915 Hos
1215 875 1371 942 ergo
1404 852 1700 939 quinque
1733 851 1800 913 in
1839 868 2155 939 potestate
2191 854 2422 937 habui,

281 974 587 1044 totosque
611 979 763 1021 cum
790 957 946 1022 totis
971 957 1332 1045 syllabatim
1350 957 1810 1044 fastidioseque
1829 958 2111 1022 contuli:
2137 959 2423 1047 reliquos

277 1086 422 1145 sex,
459 1062 642 1149 quod
667 1063 894 1126 *nihilo
932 1063 1231 1128 meliores
1278 1063 1795 1151 comperiebam,
1840 1079 2039 1150 prout
2084 1086 2191 1129 res
2235 1066 2422 1149 tulit,

276 1170 582 1233 consului
615 1169 832 1256 potius
870 1169 1259 1256 aliquand0,
1302 1191 1497 1256 quam
1531 1169 1694 1258 legi3
1737 1169 1803 1231 in
1842 1169 2082 1256 quibus
2119 1187 2246 1235 tres
2278 1172 2424 1235 fue-

274 1291 434 1338 runt
462 1274 821 1339 doctissimi
849 1274 968 1337 viri
999 1273 1375 1339 Bernardini
1399 1274 1623 1338 Maffei
1640 1272 1988 1374 ⁸cardinalis
2005 1323 2022 1356 ,
2039 1299 2204 1362 quos
2228 1300 2424 1365 penes

274 1379 546 1444 heredes
583 1380 869 1466 reperire
907 1380 1092 1461 licet3
1131 1403 1305 1444 unus
1340 1379 1680 1444 cardinalis
1725 1381 1887 1462 mei,
1937 1382 2051 1468 qui
2091 1398 2242 1469 post
2277 1383 2423 1446 obi—

276 1504 418 1551 tum
453 1487 656 1569 illius,
694 1510 847 1550 cum
894 1488 1140 1574 reliqua
1177 1488 1584 1576 optimorum
1631 1487 1949 1551 librorum
1990 1488 2420 1571 bibliotheca,

273 1595 339 1655 in
378 1616 647 1656 manum
670 1593 852 1656 venit
877 1592 1207 1656 clarissimi
1235 1594 1641 1680 imperatoris
1679 1610 1742 1657 et
1776 1593 2110 1657 fortissimi
2134 1594 2420 1659 hominis

275 1702 448 1765 Petri
500 1703 775 1781 Strozae,
824 1722 958 1764 non
1018 1702 1233 1764 minus
1285 1701 1496 1763 latinis
1545 1700 1899 1788 graecisque
1954 1701 2186 1777 literiS‚
2221 1726 2418 1789 quam

270 1805 474 1868 animi
521 1802 1002 1893 magnitudine,
1059 1827 1189 1891 qua
1245 1821 1492 1868 ceteros
1544 1806 1902 1891 superavit,
1956 1804 2420 1892 praecellentis:

272 1934 470 1998 quam
510 1932 776 1975 omnem
813 1908 1310 1988 bibliothecam,
1345 1908 1541 1973 audio
1576 1910 1947 1998 Philippum
1991 1909 2227 1992 filium,
2265 1934 2416 1975 cum

272 2017 522 2103 reliqua
554 2015 1266 2103 quumpecuniarum,
1313 2031 1454 2079 tum
1489 2015 1810 2079 virtutum
1843 2033 2258 2102 paternarum
2299 2018 2417 2081 he-

270 2121 542 2186 reditate
586 2121 877 2186 crevisse.
932 2120 1186 2207 Reliqui
1237 2120 1372 2184 duo
1417 2120 1603 2201 libri,
1659 2121 1818 2184 alter
1858 2120 2035 2208 apud
2075 2123 2414 2187 Octavium

268 2227 747 2315 Pantagathnm
786 2243 922 2289 erat
942 2274 959 2307 ,
987 2224 1182 2306 'cujus
1216 2226 1321 2289 ille
1353 2225 1516 2288 mihi
1548 2225 1837 2313 copiam,
1874 2226 2416 2315 quotiescumque

266 2335 478 2416 volui,
523 2332 694 2399 ultro
732 2332 880 2396 secit
912 2354 925 2395 :
966 2354 1163 2421 quem
1205 2347 1421 2395 tamen
1461 2329 1672 2394 aiebat
1713 2330 1949 2413 fuisse,
1997 2331 2411 2398 eruditissimi

266 2441 420 2522 viri,
460 2457 527 2504 et
559 2438 1070 2503 innocentissimi
1100 2438 1421 2526 episcopi,
1454 2437 1727 2501 Antonii
1754 2438 2138 2526 Augustini}
2172 2438 2254 2504 de
2277 2464 2410 2528 quo

263 2570 417 2627 yere
451 2547 581 2610 hoc
609 2563 902 2633 tempore
928 2542 1250 2608 affirmare
1271 2565 1655 2630 possumus,
1682 2542 1861 2630 quod
1890 2566 2013 2607 suo
2046 2543 2128 2607 de
2161 2546 2414 2627 Q.Scoe-

265 2653 410 2717 vola
444 2652 678 2716 dixisse
718 2653 1059 2732 Crassum,
1108 2651 1198 2715 M.
1227 2650 1479 2713 Tullius
1513 2649 1735 2713 scribit
1766 2673 1780 2712 z
1823 2673 1961 2714 esse
1996 2651 2179 2714 illum
2209 2652 2407 2731 juris-

264 2759 627 2846 peritorum
662 2756 1304 2844 eloquentissimum,
1356 2771 1421 2818 et
1456 2754 1902 2841 eloquentium
1932 2756 2407 2844 jurisperitissi-

266 2887 494 2927 mum:
532 2863 692 2928 alter
736 2864 802 2926 in
856 2863 1094 2926 nostris
1135 2862 1379 2926 aedibus
1423 2860 1553 2925 divi
1589 2861 1927 2924 servatoris
1959 2862 2300 2941 Bononiae,
2340 2863 2405 2925 in

262 2970 587 3059 locuplete
619 2986 684 3033 et
719 2968 1125 3032 ornatissima
1156 2967 1589 3046 bibliotheca3
1642 2987 1836 3052 quem
1884 2986 2007 3052 ego
2044 2988 2117 3028 ea
2148 2983 2409 3053 praeter-

264 3077 432 3156 iens,
467 3075 720 3163 aliquot
757 3075 825 3136 in
864 3073 1021 3137 locis
1043 3120 1060 3153 ,
1114 3090 1190 3137 ut
1221 3071 1331 3153 fit,
1378 3073 1559 3136 nullo
1598 3066 1826 3136 ordine
1862 3070 2065 3158 attigi.
2097 3072 2214 3135 His
2247 3095 2405 3161 ergo

262 3180 586 3244 omnibus·
610 3174 983 3245 usus'sum:
1021 3200 1189 3266 quos
1222 3201 1376 3267 ego,
1417 3201 1697 3265 quorum
1728 3177 1796 3240 in
1834 3198 2037 3239 manu
2070 3192 2284 3240 essent
2315 3178 2404 3242 si-

259 3287 567 3376 gnificare
603 3287 813 3368 volui,
851 3301 958 3367 ut,
1002 3286 1054 3349 si
1088 3286 1194 3349 cui
1227 3283 1383 3349 fides
1417 3301 1637 3350 nostra
1672 3286 1740 3348 in
1769 3284 2206 3373 suspicionem
2234 3285 2407 3348 veni-

262 3412 390 3476 ret,
427 3395 481 3458 is
511 3394 778 3458 haberet
813 3392 992 3457 unde
1025 3416 1165 3456 eam
1203 3407 1424 3479 posset
1459 3391 1808 3480 deponere.
1856 3393 1993 3456 Nos
2046 3407 2218 3454 certe
2260 3408 2335 3455 ut
2365 3414 2403 3456 a

217 3580 222 3585 p
261 3503 466 3588 culpae
508 3499 903 3563 conscientia
937 3498 1250 3561 absumus
1272 3546 1290 3579 ,
1333 3497 1421 3559 ita
1458 3498 1640 3560 omni
1677 3496 2047 3585 suspicione
2081 3496 2400 3562 mendacii

261 3630 477 3671 carere
509 3605 834 3671 volumus.
999 3689 1002 3690 γ

346 3712 884 3790 Emendationum
910 3733 1065 3775 vero
1098 3726 1164 3773 et
1193 3710 1617 3798 suspicionum
1648 3708 2130 3795 inscripsimus,
2179 3732 2260 3773 ne
2293 3733 2403 3774 eo-

259 3813 406 3877 dem
437 3816 583 3878 loco
615 3812 990 3878 videremur
1027 3811 1269 3876 habere
1316 3828 1383 3875 et
1413 3834 1559 3900 quae
1591 3832 1669 3874 ex
1705 3810 2004 3898 ingenio,
2050 3828 2115 3875 et
2151 3833 2299 3899 quae
2324 3836 2404 3877 ex

255 3921 525 3984 vetustis
555 3919 734 3984 libris
763 3920 1058 3985 restituta
1091 3935 1266 3983 sunt.
1292 3917 1475 3982 ‘Nam
1515 3938 1721 4006 quum
1770 3917 1996 3998 sciam,
2044 3917 2356 4007 scriptum
2381 3967 2400 3999 ,

257 4025 604 4114 imaginem
631 4047 769 4089 esse
792 4024 1121 4113 scriptoris
1147 4022 1498 4087 voluntatis
1518 4070 1535 4103 ,
1565 4022 1702 4085 haec
1724 4037 1920 4109 atque
1952 4022 2089 4105 illa,
2119 4023 2189 4086 in
2216 4046 2400 4110 aequa

261 4131 432 4196 lance
471 4155 608 4196 non
642 4153 822 4219 pono
853 4154 867 4195 :
905 4129 1020 4195 sed
1052 4128 1486 4194 correctiones
1523 4143 1587 4191 et
1620 4127 2056 4210 conjecturas,
2094 4129 2194 4192 his
2233 4127 2397 4191 divi-
