3023 4773
565 376 706 463 234
1036 374 1552 444 PRAEFATIO
1599 375 1672 445 P.
1708 324 2217 447 vicron11.

553 496 1004 576 vehementer,
1050 516 1257 582 quum
1310 492 1602 581 primum
1658 494 1873 583 ipsum
1931 511 2162 563 nactus
2214 516 2362 561 sum
2387 540 2407 578 ,
2453 494 2702 564 librum

552 602 766 683 hunc,
789 622 864 666 ac
890 598 1182 699 quo-tidie
1208 599 1443 689 magis,
1474 616 1810 689 perspecta
1840 601 1980 683 ejus
2006 601 2323 682 bonitate,
2346 601 2703 691 multisque

549 707 937 775 testimoniis
969 703 1381 787 confirmata,
1428 706 1667 795 diligo:
1706 707 1821 795 qui
1855 708 2050 773 etiam
2083 730 2270 774 amor
2301 731 2407 773 me
2438 709 2704 797 impulit

551 829 628 879 ut
658 814 873 902 ipsum
904 812 1290 880 collocarem
1329 812 1395 877 in
1428 813 1867 902 pulcherrima
1907 837 1982 879 ac
2014 815 2457 904 copiosissima
2495 815 2700 881 totius

551 919 729 984 orbis
762 915 1052 989 Medicea
1086 916 1515 983 bibliotheca:
1546 919 1636 982 ita
1674 941 1958 1008 namque
2002 920 2108 987 ille
2150 921 2355 1009 magis
2394 920 2475 983 ab
2511 921 2699 987 omni

551 1024 842 1114 periculo
868 1046 1111 1091 vacuus
1139 1023 1290 1103 erit,
1322 1045 1521 1110 quam
1545 1023 1600 1093 si
1627 1024 1696 1088 in
1721 1024 1966 1113 privata
1990 1026 2193 1091 domo
2215 1025 2697 1093 custodiretur:

551 1147 619 1196 et
650 1132 720 1195 in
754 1132 925 1196 claro
962 1130 1323 1217 illustrique
1354 1129 1503 1195 loco
1538 1130 1823 1218 positus,
1858 1147 2009 1199 ante
2047 1133 2274 1198 oculos
2315 1154 2451 1196 non
2485 1131 2700 1199 solum

551 1261 762 1320 meOS,
795 1259 1022 1305 verum
1056 1237 1248 1302 etiam
1289 1236 1735 1305 studiosorum
1779 1238 2081 1304 omnium
2125 1238 2454 1304 manebit:
2490 1261 2703 1326 quum

551 1345 728 1411 enim
761 1341 1056 1411 studium
1089 1342 1308 1411 Cosmi
1339 1342 1643 1424 Medicis,
1672 1344 1890 1433 magni
1926 1345 2130 1409 nostri
2159 1343 2365 1427 ducis,
2398 1342 2704 1423 adjuvare

549 1450 810 1529 volens,
843 1450 957 1537 qui
984 1450 1351 1538 proeclaram
1387 1449 1854 1537 supellectilem
1890 1450 2207 1516 librorum
2230 1498 2251 1532 ,
2292 1464 2624 1538 acceptam
2661 1472 2701 1515 a

551 1555 943 1637 majoribus,
980 1571 1369 1644 auctamque
1412 1557 1666 1645 magnis
1712 1557 1847 1622 suia
1893 1556 2302 1645 sumptibus,
2357 1571 2422 1623 et
2464 1556 2699 1644 gratia,

552 1685 678 1751 qua
709 1660 916 1743 flaret,
950 1661 1018 1728 in
1054 1662 1494 1750 pulcherrimo
1524 1685 1565 1726 a
1595 1685 1665 1727 se
1695 1661 1998 1730 absoluto
2029 1661 2334 1744 aedificio,
2365 1683 2703 1726 consecra·

551 1768 681 1851 vit,
733 1767 1254 1853 utilitatibusque
1286 1766 1692 1831 literatorum
1725 1767 2073 1837 hominum
2108 1768 2447 1856 exposuit,
2496 1766 2704 1831 libros

556 1894 784 1939 omnes
833 1895 1013 1937 meos
1063 1872 1402 1961 antiquoS,
1456 1889 1526 1937 et
1573 1895 1814 1963 graecos
1860 1889 1927 1938 et
1973 1874 2243 1956 latinos,
2285 1895 2450 1961 quos
2500 1872 2704 1961 longo

555 1979 775 2047 studio
817 2001 896 2043 ac
931 1978 1271 2067 ,diligentia
1323 1977 1487 2045 mihi
1539 2001 1946 2067 paraveram,
2005 1980 2066 2049 ei
2112 1978 2289 2045 dono
2338 1975 2661 2044 dedissem
2684 2024 2706 2059 ,

554 2086 736 2150 hunc
768 2084 995 2165 etiam,
1025 2082 1280 2151 delicias
1315 2065 1510 2172 atque
1541 2107 1795 2151 amores
1828 2107 2040 2167 meos,
2064 2083 2221 2173 ipsis
2242 2082 2526 2163 adjunxi.
2545 2082 2705 2165 Quo

556 2215 638 2259 ex
668 2191 939 2257 consilio
967 2191 1096 2261 hoc
1131 2191 1323 2257 etiam
1358 2190 1519 2257 boni
1557 2190 1994 2273 redundabit,
2027 2190 2210 2280 quod
2241 2191 2405 2256 liber
2438 2189 2581 2271 hic,
2631 2189 2705 2255 in

555 2298 822 2388 publico
852 2297 999 2362 loco
1033 2297 1226 2379 situs,
1262 2318 1370 2361 me
1395 2294 1524 2361 fide
1555 2320 1751 2365 usum
1783 2319 1923 2363 esse
1952 2298 2133 2369 omni
2158 2312 2453 2385 tempore
2476 2297 2546 2360 in
2572 2295 2707 2361 hoc

552 2428 825 2474 munere
861 2403 1172 2471 obeundo
1193 2450 1214 2486 ,
1251 2403 1634 2487 declarabit,
1673 2421 1739 2470 et
1771 2428 1855 2470 ne
1890 2405 2144 2472 minuta
2170 2404 2438 2493 quidem
2472 2404 2603 2468 ulla
2635 2419 2707 2469 et

554 2511 784 2601 pusilla
817 2511 886 2575 in
915 2533 1019 2592 re,
1062 2509 1218 2574 fuco
1247 2508 1418 2586 ullo,
1462 2525 1579 2576 aut
1603 2509 1846 2578 fallacia
1875 2532 2072 2575 usum
2093 2558 2112 2591 ‚
2146 2508 2327 2600 quod
2358 2509 2426 2578 in
2470 2509 2706 2596 primis

557 2640 682 2707 ego
714 2633 874 2707 opto
906 2632 973 2681 et
1002 2615 1219 2680 officio
1252 2615 1570 2704 famaeque
1613 2638 1773 2681 meae
1806 2631 2255 2705 opportunum
2288 2636 2427 2684 esse
2455 2612 2706 2700 judico.

551 2723 681 2792 Sed
713 2723 796 2789 de
826 2724 955 2792 hoc
992 2721 1183 2786 nimis
1233 2722 1502 2786 fortasse
1552 2722 1794 2790 multa:
1844 2744 2045 2810 quare
2081 2722 2394 2787 desinam.
2430 2720 2705 2808 Rogabo

552 2846 810 2897 tantum
857 2827 1132 2916 cupidos
1180 2828 1543 2893 liberalium
1598 2827 2004 2912 studiorum,
2059 2843 2137 2892 ut
2180 2826 2470 2893 laborem
2519 2826 2703 2889 hunc

553 2958 776 3004 meum
807 2935 975 3023 aequi
1010 2934 1301 3023 bonique
1333 2935 1611 3016 faciant3
1654 2956 1775 3002 nec
1807 2949 2059 3004 cessent
2088 2933 2246 3022 ipsi,
2284 2933 2338 2997 si
2370 2932 2579 3019 aliqua
2606 2954 2707 2995 ra-

553 3043 734 3108 tione
786 3039 1041 3108 efficere
1097 3040 1351 3129 possint
1371 3088 1392 3122 ,
1439 3038 1787 3103 admovere
1840 3061 2076 3104 manus
2141 3038 2299 3103 huic
2364 3037 2706 3103 maculoso

553 3148 777 3238 operi:
812 3145 1173 3216 dummodo
1206 3146 1272 3211 in
1304 3168 1385 3209 eo
1417 3161 1607 3210 caute
1646 3144 2115 3234 moderateque
2150 3167 2219 3209 se
2252 3157 2497 3234 gerant.

835 3326 1116 3387 Florentia,
1153 3326 1226 3375 M.
1250 3325 1313 3373 D.
1342 3326 1528 3376 LxxI.

1302 3592 1989 3621 -———-===——--—
