<?xml version="1.0" encoding="UTF-8"?>
<!DOCTYPE html PUBLIC "-//W3C//DTD XHTML 1.0 Transitional//EN"
    "http://www.w3.org/TR/xhtml1/DTD/xhtml1-transitional.dtd">
<html xmlns="http://www.w3.org/1999/xhtml" xml:lang="en" lang="en">
 <head>
  <title>
</title>
<meta http-equiv="Content-Type" content="text/html;charset=utf-8" />
  <meta name='ocr-system' content='tesseract 3.04.00' />
  <meta name='ocr-capabilities' content='ocr_page ocr_carea ocr_par ocr_line ocrx_word'/>
</head>
<body>
  <div class='ocr_page' id='page_1' title='image "./mtciceronisquae01bouigoog_0297.png"; bbox 0 0 3023 4773; ppageno 0'>
   <div class='ocr_carea' id='block_1_1' title="bbox 589 358 2386 507">
    <p class='ocr_par' dir='ltr' id='par_1_1' title="bbox 589 358 2386 507">
     <span class='ocr_line' id='line_1_1' title="bbox 589 358 2386 507; baseline 0.003 -30"><span class='ocrx_word' id='word_1_1' title='bbox 589 358 1100 478; x_wconf 72' lang='lat' dir='ltr'><strong>EPISTOLAE</strong></span> <span class='ocrx_word' id='word_1_2' title='bbox 1149 410 1282 475; x_wconf 86' lang='lat' dir='ltr'><strong>AD</strong></span> <span class='ocrx_word' id='word_1_3' title='bbox 1335 358 1826 492; x_wconf 55' lang='grc' dir='ltr'><strong>ΑΤῨΙΟΗΜ,</strong></span> <span class='ocrx_word' id='word_1_4' title='bbox 1878 411 1944 494; x_wconf 91' lang='lat'><strong>1,</strong></span> <span class='ocrx_word' id='word_1_5' title='bbox 1997 410 2063 479; x_wconf 87' lang='lat'><strong>8.</strong></span> <span class='ocrx_word' id='word_1_6' title='bbox 2251 412 2386 507; x_wconf 82' lang='lat'><strong>287</strong></span> 
     </span>
    </p>
   </div>
   <div class='ocr_carea' id='block_1_2' title="bbox 267 525 2393 843">
    <p class='ocr_par' dir='ltr' id='par_1_2' title="bbox 267 525 2393 843">
     <span class='ocr_line' id='line_1_2' title="bbox 273 525 2393 627; baseline 0.001 -28"><span class='ocrx_word' id='word_1_7' title='bbox 273 528 616 627; x_wconf 81' lang='lat' dir='ltr'>placebit,</span> <span class='ocrx_word' id='word_1_8' title='bbox 661 531 1040 625; x_wconf 86' lang='lat' dir='ltr'><strong>imponito.</strong></span> <span class='ocrx_word' id='word_1_9' title='bbox 1079 525 1379 597; x_wconf 88' lang='lat' dir='ltr'>Tulliola</span> <span class='ocrx_word' id='word_1_10' title='bbox 1404 579 1421 611; x_wconf 90' lang='lat'>‚</span> <span class='ocrx_word' id='word_1_11' title='bbox 1461 525 1802 595; x_wconf 74' lang='lat' dir='ltr'><strong>deliciolae</strong></span> <span class='ocrx_word' id='word_1_12' title='bbox 1849 543 2140 617; x_wconf 84' lang='lat' dir='ltr'><strong>nostrae,</strong></span> <span class='ocrx_word' id='word_1_13' title='bbox 2184 545 2393 601; x_wconf 91' lang='lat' dir='ltr'><strong>tuum</strong></span> 
     </span>
     <span class='ocr_line' id='line_1_3' title="bbox 272 634 2392 736; baseline 0.002 -30"><span class='ocrx_word' id='word_1_14' title='bbox 272 637 778 734; x_wconf 86' lang='lat' dir='ltr'><strong>munusculum</strong></span> <span class='ocrx_word' id='word_1_15' title='bbox 809 634 1077 732; x_wconf 85' lang='lat' dir='ltr'><strong>flagitat</strong></span> <span class='ocrx_word' id='word_1_16' title='bbox 1097 689 1116 722; x_wconf 91' lang='lat'>‚</span> <span class='ocrx_word' id='word_1_17' title='bbox 1157 648 1229 706; x_wconf 93' lang='lat' dir='ltr'><strong>et</strong></span> <span class='ocrx_word' id='word_1_18' title='bbox 1263 659 1414 721; x_wconf 88' lang='lat' dir='ltr'><strong>me,</strong></span> <span class='ocrx_word' id='word_1_19' title='bbox 1446 649 1527 703; x_wconf 91' lang='lat' dir='ltr'><strong>ut</strong></span> <span class='ocrx_word' id='word_1_20' title='bbox 1557 658 1976 730; x_wconf 86' lang='lat' dir='ltr'>sponsorem</span> <span class='ocrx_word' id='word_1_21' title='bbox 2003 692 2021 723; x_wconf 89' lang='lat'><strong>‚</strong></span> <span class='ocrx_word' id='word_1_22' title='bbox 2060 642 2392 736; x_wconf 88' lang='lat' dir='ltr'><strong>appellat.</strong></span> 
     </span>
     <span class='ocr_line' id='line_1_4' title="bbox 267 744 2341 843; baseline 0.002 -27"><span class='ocrx_word' id='word_1_23' title='bbox 267 747 446 816; x_wconf 86' lang='lat' dir='ltr'>Mihi</span> <span class='ocrx_word' id='word_1_24' title='bbox 489 762 729 817; x_wconf 88' lang='lat' dir='ltr'><strong>autem</strong></span> <span class='ocrx_word' id='word_1_25' title='bbox 773 744 1100 840; x_wconf 87' lang='lat' dir='ltr'><strong>abjurare</strong></span> <span class='ocrx_word' id='word_1_26' title='bbox 1139 748 1404 815; x_wconf 87' lang='lat' dir='ltr'><strong>certius</strong></span> <span class='ocrx_word' id='word_1_27' title='bbox 1440 758 1546 813; x_wconf 87' lang='lat' dir='ltr'><strong>est</strong></span> <span class='ocrx_word' id='word_1_28' title='bbox 1566 755 1620 829; x_wconf 87' lang='lat'><strong>9,</strong></span> <span class='ocrx_word' id='word_1_29' title='bbox 1660 769 1878 839; x_wconf 90' lang='lat' dir='ltr'><strong>quam</strong></span> <span class='ocrx_word' id='word_1_30' title='bbox 1914 745 2341 843; x_wconf 84' lang='lat' dir='ltr'><strong>dependere.</strong></span> 
     </span>
    </p>
   </div>
   <div class='ocr_carea' id='block_1_3' title="bbox 265 930 2393 1313">
    <p class='ocr_par' dir='ltr' id='par_1_3' title="bbox 265 930 2393 1313">
     <span class='ocr_line' id='line_1_5' title="bbox 340 930 2392 1002; baseline 0.003 -22"><span class='ocrx_word' id='word_1_31' title='bbox 340 950 390 996; x_wconf 88' lang='lat'><strong>9.</strong></span> <span class='ocrx_word' id='word_1_32' title='bbox 413 934 658 997; x_wconf 80' lang='lat' dir='ltr'><strong>Abjurare</strong></span> <span class='ocrx_word' id='word_1_33' title='bbox 681 932 856 981; x_wconf 78' lang='lat' dir='ltr'><strong>certius</strong></span> <span class='ocrx_word' id='word_1_34' title='bbox 884 944 972 979; x_wconf 78' lang='lat' dir='ltr'><strong>ese.</strong></span> <span class='ocrx_word' id='word_1_35' title='bbox 1001 933 1137 981; x_wconf 80' lang='lat' dir='ltr'><strong>Malo</strong></span> <span class='ocrx_word' id='word_1_36' title='bbox 1173 949 1283 981; x_wconf 86' lang='lat' dir='ltr'><strong>cum</strong></span> <span class='ocrx_word' id='word_1_37' title='bbox 1374 930 1452 979; x_wconf 82' lang='lat' dir='ltr'><strong>vel</strong></span> <span class='ocrx_word' id='word_1_38' title='bbox 1468 932 1752 995; x_wconf 75' lang='lat' dir='ltr'><strong>promissam</strong></span> <span class='ocrx_word' id='word_1_39' title='bbox 1771 935 1985 996; x_wconf 84' lang='lat' dir='ltr'><strong>perjurio</strong></span> <span class='ocrx_word' id='word_1_40' title='bbox 2010 951 2183 1000; x_wconf 78' lang='lat' dir='ltr'><strong>negare</strong></span> <span class='ocrx_word' id='word_1_41' title='bbox 2210 939 2392 1002; x_wconf 70' lang='lat' dir='ltr'><strong>signifi-</strong></span> 
     </span>
     <span class='ocr_line' id='line_1_6' title="bbox 269 1010 2393 1076; baseline 0.004 -18"><span class='ocrx_word' id='word_1_42' title='bbox 269 1012 486 1076; x_wconf 80' lang='lat' dir='ltr'><strong>perjurio</strong></span> <span class='ocrx_word' id='word_1_43' title='bbox 507 1010 711 1059; x_wconf 75' lang='lat' dir='ltr'><strong>inficiari</strong></span> <span class='ocrx_word' id='word_1_44' title='bbox 734 1029 812 1059; x_wconf 82' lang='lat' dir='ltr'><strong>me</strong></span> <span class='ocrx_word' id='word_1_45' title='bbox 844 1028 1130 1074; x_wconf 69' lang='lat' dir='ltr'><strong>sponsorem</strong></span> <span class='ocrx_word' id='word_1_46' title='bbox 1155 1029 1283 1072; x_wconf 74' lang='lat' dir='ltr'><strong>esse,</strong></span> <span class='ocrx_word' id='word_1_47' title='bbox 1374 1021 1475 1065; x_wconf 80' lang='lat' dir='ltr'><strong>cat,</strong></span> <span class='ocrx_word' id='word_1_48' title='bbox 1505 1021 1562 1058; x_wconf 84' lang='lat' dir='ltr'><strong>ut</strong></span> <span class='ocrx_word' id='word_1_49' title='bbox 1590 1011 1761 1058; x_wconf 76' lang='lat' dir='ltr'>scribit</span> <span class='ocrx_word' id='word_1_50' title='bbox 1778 1013 1991 1063; x_wconf 69' lang='lat' dir='ltr'><strong>servius.</strong></span> <span class='ocrx_word' id='word_1_51' title='bbox 2016 1015 2170 1063; x_wconf 81' lang='lat' dir='ltr'><strong>Plaut.</strong></span> <span class='ocrx_word' id='word_1_52' title='bbox 2193 1019 2393 1067; x_wconf 88' lang='lat' dir='ltr'><strong>Curcul.</strong></span> 
     </span>
     <span class='ocr_line' id='line_1_7' title="bbox 265 1088 2391 1155; baseline 0.005 -18"><span class='ocrx_word' id='word_1_53' title='bbox 265 1106 413 1154; x_wconf 78' lang='lat' dir='ltr'><strong>qnam</strong></span> <span class='ocrx_word' id='word_1_54' title='bbox 438 1101 662 1154; x_wconf 70' lang='lat' dir='ltr'><strong>praestare</strong></span> <span class='ocrx_word' id='word_1_55' title='bbox 692 1091 1035 1138; x_wconf 75' lang='lat' dir='ltr'><strong>inunusculnm</strong></span> <span class='ocrx_word' id='word_1_56' title='bbox 1066 1091 1203 1154; x_wconf 85' lang='lat' dir='ltr'><strong>quod</strong></span> <span class='ocrx_word' id='word_1_57' title='bbox 1238 1102 1286 1139; x_wconf 79' lang='lat' dir='ltr'><strong>tc</strong></span> <span class='ocrx_word' id='word_1_58' title='bbox 1376 1108 1399 1129; x_wconf 69' lang='grc' dir='ltr'>ι</span> <span class='ocrx_word' id='word_1_59' title='bbox 1417 1088 1517 1149; x_wconf 79' lang='lat' dir='ltr'><strong>Qui</strong></span> <span class='ocrx_word' id='word_1_60' title='bbox 1541 1089 1764 1149; x_wconf 74' lang='lat' dir='ltr'><strong>abjurant</strong></span> <span class='ocrx_word' id='word_1_61' title='bbox 1792 1091 1835 1138; x_wconf 73' lang='grc' dir='ltr'><strong>εἰ</strong></span> <span class='ocrx_word' id='word_1_62' title='bbox 1865 1092 1987 1155; x_wconf 88' lang='lat' dir='ltr'><strong>quid</strong></span> <span class='ocrx_word' id='word_1_63' title='bbox 2013 1095 2339 1149; x_wconf 70' lang='lat' dir='ltr'><strong>creditum-est</strong></span> <span class='ocrx_word' id='word_1_64' title='bbox 2351 1119 2391 1147; x_wconf 78' lang='grc' dir='ltr'><strong>ι.</strong></span> 
     </span>
     <span class='ocr_line' id='line_1_8' title="bbox 267 1166 2392 1233; baseline 0.003 -17"><span class='ocrx_word' id='word_1_65' title='bbox 267 1169 338 1216; x_wconf 84' lang='lat' dir='ltr'><strong>illi</strong></span> <span class='ocrx_word' id='word_1_66' title='bbox 391 1170 656 1217; x_wconf 71' lang='lat' dir='ltr'><strong>missurum</strong></span> <span class='ocrx_word' id='word_1_67' title='bbox 707 1169 994 1232; x_wconf 69' lang='lat' dir='ltr'>promisisti.</span> <span class='ocrx_word' id='word_1_68' title='bbox 1043 1170 1289 1233; x_wconf 74' lang='lat' dir='ltr'><strong>Abjurare</strong></span> <span class='ocrx_word' id='word_1_69' title='bbox 1375 1166 1565 1214; x_wconf 75' lang='lat' dir='ltr'><strong>Pom.</strong></span> <span class='ocrx_word' id='word_1_70' title='bbox 1609 1195 1681 1206; x_wconf 91' lang='lat'><strong>—-</strong></span> <span class='ocrx_word' id='word_1_71' title='bbox 1714 1170 1789 1217; x_wconf 77' lang='lat' dir='ltr'><strong>De</strong></span> <span class='ocrx_word' id='word_1_72' title='bbox 1824 1171 1919 1217; x_wconf 87' lang='lat' dir='ltr'><strong>hoc</strong></span> <span class='ocrx_word' id='word_1_73' title='bbox 1962 1175 2250 1223; x_wconf 73' lang='lat' dir='ltr'><strong>munusculo</strong></span> <span class='ocrx_word' id='word_1_74' title='bbox 2293 1192 2392 1222; x_wconf 87' lang='lat' dir='ltr'><strong>non</strong></span> 
     </span>
     <span class='ocr_line' id='line_1_9' title="bbox 265 1243 2249 1313; baseline 0.004 -19"><span class='ocrx_word' id='word_1_75' title='bbox 265 1248 467 1295; x_wconf 78' lang='lat' dir='ltr'><strong>verbum</strong></span> <span class='ocrx_word' id='word_1_76' title='bbox 498 1249 685 1295; x_wconf 74' lang='lat' dir='ltr'><strong>forense</strong></span> <span class='ocrx_word' id='word_1_77' title='bbox 711 1258 813 1307; x_wconf 71' lang='lat' dir='ltr'><strong>est,</strong></span> <span class='ocrx_word' id='word_1_78' title='bbox 842 1260 891 1297; x_wconf 82' lang='lat' dir='ltr'><strong>et</strong></span> <span class='ocrx_word' id='word_1_79' title='bbox 918 1264 1015 1295; x_wconf 79' lang='lat' dir='ltr'><strong>rem</strong></span> <span class='ocrx_word' id='word_1_80' title='bbox 1037 1248 1287 1306; x_wconf 80' lang='lat' dir='ltr'>creditam,</span> <span class='ocrx_word' id='word_1_81' title='bbox 1376 1243 1550 1307; x_wconf 77' lang='lat' dir='ltr'><strong>liquet.</strong></span> <span class='ocrx_word' id='word_1_82' title='bbox 1569 1248 1684 1295; x_wconf 83' lang='lat' dir='ltr'><strong>vid.</strong></span> <span class='ocrx_word' id='word_1_83' title='bbox 1712 1248 1803 1296; x_wconf 80' lang='lat' dir='ltr'><strong>inf.</strong></span> <span class='ocrx_word' id='word_1_84' title='bbox 1831 1265 1913 1313; x_wconf 82' lang='lat' dir='ltr'><strong>ep.</strong></span> <span class='ocrx_word' id='word_1_85' title='bbox 1943 1266 2020 1300; x_wconf 82' lang='lat' dir='ltr'><strong>xo.</strong></span> <span class='ocrx_word' id='word_1_86' title='bbox 2045 1256 2139 1301; x_wconf 72' lang='lat' dir='ltr'><strong>En.</strong></span> <span class='ocrx_word' id='word_1_87' title='bbox 2242 1288 2249 1299; x_wconf 80' lang='grc'><em>.</em></span> 
     </span>
    </p>
   </div>
   <div class='ocr_carea' id='block_1_4' title="bbox 266 1423 2385 1455">
    <p class='ocr_par' dir='ltr' id='par_1_4' title="bbox 266 1423 2385 1455">
     <span class='ocr_line' id='line_1_10' title="bbox 266 1423 2385 1455; baseline 0.006 -13"><span class='ocrx_word' id='word_1_88' title='bbox 266 1426 355 1444; x_wconf 64' lang='lat' dir='ltr'><strong>w·</strong></span> <span class='ocrx_word' id='word_1_89' title='bbox 360 1423 1817 1449; x_wconf 39' lang='lat' dir='ltr'><strong>mmmmmmmmmmzm</strong></span> <span class='ocrx_word' id='word_1_90' title='bbox 1821 1432 1998 1450; x_wconf 63' lang='lat' dir='ltr'><strong>mm</strong></span> <span class='ocrx_word' id='word_1_91' title='bbox 2018 1433 2108 1452; x_wconf 61' lang='lat' dir='ltr'><strong>m</strong></span> <span class='ocrx_word' id='word_1_92' title='bbox 2113 1434 2385 1455; x_wconf 59' lang='lat' dir='ltr'><strong>mmm</strong></span> 
     </span>
    </p>
   </div>
   <div class='ocr_carea' id='block_1_5' title="bbox 941 1622 1730 1705">
    <p class='ocr_par' dir='ltr' id='par_1_5' title="bbox 941 1622 1730 1705">
     <span class='ocr_line' id='line_1_11' title="bbox 941 1622 1730 1705; baseline 0.005 -3"><span class='ocrx_word' id='word_1_93' title='bbox 941 1622 1530 1705; x_wconf 89' lang='lat' dir='ltr'><strong>EPISTOLA</strong></span> <span class='ocrx_word' id='word_1_94' title='bbox 1585 1629 1730 1705; x_wconf 90' lang='lat' dir='ltr'><strong>IX.</strong></span> 
     </span>
    </p>
   </div>
   <div class='ocr_carea' id='block_1_6' title="bbox 263 1789 2392 1967">
    <p class='ocr_par' dir='ltr' id='par_1_6' title="bbox 263 1789 2392 1967">
     <span class='ocr_line' id='line_1_12' title="bbox 263 1789 2392 1875; baseline 0.004 -26"><span class='ocrx_word' id='word_1_95' title='bbox 263 1796 449 1850; x_wconf 75' lang='lat' dir='ltr'><strong>Baras</strong></span> <span class='ocrx_word' id='word_1_96' title='bbox 497 1791 569 1849; x_wconf 88' lang='lat' dir='ltr'><strong>ab</strong></span> <span class='ocrx_word' id='word_1_97' title='bbox 604 1790 800 1849; x_wconf 83' lang='lat' dir='ltr'><strong>Attico</strong></span> <span class='ocrx_word' id='word_1_98' title='bbox 826 1789 1022 1846; x_wconf 84' lang='lat' dir='ltr'><strong>literas</strong></span> <span class='ocrx_word' id='word_1_99' title='bbox 1054 1790 1251 1847; x_wconf 84' lang='lat' dir='ltr'><strong>venire</strong></span> <span class='ocrx_word' id='word_1_100' title='bbox 1276 1791 1556 1867; x_wconf 85' lang='lat' dir='ltr'><strong>queritur.</strong></span> <span class='ocrx_word' id='word_1_101' title='bbox 1597 1793 1767 1871; x_wconf 81' lang='lat' dir='ltr'><strong>Signa</strong></span> <span class='ocrx_word' id='word_1_102' title='bbox 1794 1792 1906 1851; x_wconf 87' lang='lat' dir='ltr'>sibi</span> <span class='ocrx_word' id='word_1_103' title='bbox 1934 1807 1998 1851; x_wconf 90' lang='lat' dir='ltr'><strong>ut</strong></span> <span class='ocrx_word' id='word_1_104' title='bbox 2032 1808 2195 1853; x_wconf 88' lang='lat' dir='ltr'><strong>curet</strong></span> <span class='ocrx_word' id='word_1_105' title='bbox 2227 1799 2392 1875; x_wconf 86' lang='lat' dir='ltr'><strong>petit.</strong></span> 
     </span>
     <span class='ocr_line' id='line_1_13' title="bbox 403 1886 2256 1967; baseline 0.003 -22"><span class='ocrx_word' id='word_1_106' title='bbox 403 1889 577 1945; x_wconf 87' lang='lat' dir='ltr'><strong>Chilii</strong></span> <span class='ocrx_word' id='word_1_107' title='bbox 614 1887 979 1964; x_wconf 83' lang='lat' dir='ltr'><strong>rogationem</strong></span> <span class='ocrx_word' id='word_1_108' title='bbox 1019 1886 1402 1953; x_wconf 82' lang='lat' dir='ltr'><strong>commendat.</strong></span> <span class='ocrx_word' id='word_1_109' title='bbox 1436 1888 1691 1966; x_wconf 67' lang='lat' dir='ltr'><strong>(Romae,</strong></span> <span class='ocrx_word' id='word_1_110' title='bbox 1729 1910 1880 1948; x_wconf 89' lang='lat' dir='ltr'><strong>anno</strong></span> <span class='ocrx_word' id='word_1_111' title='bbox 1914 1896 1982 1950; x_wconf 89' lang='lat' dir='ltr'><strong>U.</strong></span> <span class='ocrx_word' id='word_1_112' title='bbox 2005 1895 2070 1950; x_wconf 90' lang='lat' dir='ltr'><strong>C.</strong></span> <span class='ocrx_word' id='word_1_113' title='bbox 2095 1893 2256 1967; x_wconf 88' lang='lat'>686.)</span> 
     </span>
    </p>
   </div>
   <div class='ocr_carea' id='block_1_7' title="bbox 945 2038 1711 2134">
    <p class='ocr_par' dir='ltr' id='par_1_7' title="bbox 945 2038 1711 2134">
     <span class='ocr_line' id='line_1_14' title="bbox 945 2038 1711 2134; baseline 0.005 -4"><span class='ocrx_word' id='word_1_114' title='bbox 945 2068 1253 2131; x_wconf 80' lang='lat' dir='ltr'><strong>elcERo</strong></span> <span class='ocrx_word' id='word_1_115' title='bbox 1295 2038 1607 2133; x_wconf 77' lang='lat' dir='ltr'><strong>ATT1co</strong></span> <span class='ocrx_word' id='word_1_116' title='bbox 1648 2072 1711 2134; x_wconf 80' lang='lat' dir='ltr'><strong>s,</strong></span> 
     </span>
    </p>
   </div>
   <div class='ocr_carea' id='block_1_8' title="bbox 259 2206 2392 3622">
    <p class='ocr_par' dir='ltr' id='par_1_8' title="bbox 264 2206 2392 3056">
     <span class='ocr_line' id='line_1_15' title="bbox 361 2206 2390 2314; baseline 0.002 -30"><span class='ocrx_word' id='word_1_117' title='bbox 361 2219 656 2285; x_wconf 75' lang='lat' dir='ltr'><strong>Nimmm</strong></span> <span class='ocrx_word' id='word_1_118' title='bbox 695 2235 859 2282; x_wconf 88' lang='lat' dir='ltr'><strong>raro</strong></span> <span class='ocrx_word' id='word_1_119' title='bbox 903 2206 1117 2280; x_wconf 89' lang='lat' dir='ltr'><strong>nobis</strong></span> <span class='ocrx_word' id='word_1_120' title='bbox 1160 2208 1288 2279; x_wconf 87' lang='lat' dir='ltr'><strong>abs</strong></span> <span class='ocrx_word' id='word_1_121' title='bbox 1323 2224 1393 2280; x_wconf 89' lang='lat' dir='ltr'><strong>te</strong></span> <span class='ocrx_word' id='word_1_122' title='bbox 1430 2211 1652 2282; x_wconf 85' lang='lat' dir='ltr'><strong>literae</strong></span> <span class='ocrx_word' id='word_1_123' title='bbox 1688 2211 2127 2285; x_wconf 87' lang='lat' dir='ltr'><strong>afferuntur:</strong></span> <span class='ocrx_word' id='word_1_124' title='bbox 2160 2244 2390 2314; x_wconf 90' lang='lat' dir='ltr'><strong>quum</strong></span> 
     </span>
     <span class='ocr_line' id='line_1_16' title="bbox 264 2319 2390 2423; baseline 0 -24"><span class='ocrx_word' id='word_1_125' title='bbox 264 2343 338 2399; x_wconf 89' lang='lat' dir='ltr'><strong>et</strong></span> <span class='ocrx_word' id='word_1_126' title='bbox 371 2324 718 2402; x_wconf 86' lang='lat' dir='ltr'><strong>multotu</strong></span> <span class='ocrx_word' id='word_1_127' title='bbox 750 2319 1024 2393; x_wconf 82' lang='lat' dir='ltr'><strong>facilius</strong></span> <span class='ocrx_word' id='word_1_128' title='bbox 1057 2321 1407 2418; x_wconf 80' lang='lat' dir='ltr'><strong>reperiaS‚</strong></span> <span class='ocrx_word' id='word_1_129' title='bbox 1445 2325 1571 2418; x_wconf 91' lang='lat' dir='ltr'><strong>qui</strong></span> <span class='ocrx_word' id='word_1_130' title='bbox 1606 2328 1909 2395; x_wconf 89' lang='lat' dir='ltr'><strong>Romam</strong></span> <span class='ocrx_word' id='word_1_131' title='bbox 1939 2326 2390 2423; x_wconf 88' lang='lat' dir='ltr'><strong>proficiscan-</strong></span> 
     </span>
     <span class='ocr_line' id='line_1_17' title="bbox 266 2431 2389 2531; baseline 0.001 -23"><span class='ocrx_word' id='word_1_132' title='bbox 266 2455 410 2520; x_wconf 86' lang='lat' dir='ltr'><strong>tur,</strong></span> <span class='ocrx_word' id='word_1_133' title='bbox 454 2458 670 2531; x_wconf 89' lang='lat' dir='ltr'><strong>quam</strong></span> <span class='ocrx_word' id='word_1_134' title='bbox 716 2455 890 2528; x_wconf 83' lang='lat' dir='ltr'><strong>ego,</strong></span> <span class='ocrx_word' id='word_1_135' title='bbox 935 2432 1061 2526; x_wconf 88' lang='lat' dir='ltr'><strong>qui</strong></span> <span class='ocrx_word' id='word_1_136' title='bbox 1111 2431 1469 2517; x_wconf 79' lang='lat' dir='ltr'><strong>Athenas3</strong></span> <span class='ocrx_word' id='word_1_137' title='bbox 1524 2447 1597 2502; x_wconf 90' lang='lat' dir='ltr'><strong>et</strong></span> <span class='ocrx_word' id='word_1_138' title='bbox 1637 2438 1900 2504; x_wconf 87' lang='lat' dir='ltr'><strong>certius</strong></span> <span class='ocrx_word' id='word_1_139' title='bbox 1938 2434 2068 2505; x_wconf 86' lang='lat' dir='ltr'><strong>tibi</strong></span> <span class='ocrx_word' id='word_1_140' title='bbox 2106 2440 2226 2526; x_wconf 88' lang='lat' dir='ltr'><strong>sit,</strong></span> <span class='ocrx_word' id='word_1_141' title='bbox 2271 2465 2389 2511; x_wconf 89' lang='lat' dir='ltr'><strong>me</strong></span> 
     </span>
     <span class='ocr_line' id='line_1_18' title="bbox 266 2539 2392 2645; baseline 0.001 -27"><span class='ocrx_word' id='word_1_142' title='bbox 266 2571 419 2618; x_wconf 89' lang='lat' dir='ltr'><strong>esse</strong></span> <span class='ocrx_word' id='word_1_143' title='bbox 464 2550 746 2627; x_wconf 86' lang='lat' dir='ltr'><strong>Romae,</strong></span> <span class='ocrx_word' id='word_1_144' title='bbox 793 2564 1012 2636; x_wconf 92' lang='lat' dir='ltr'><strong>quam</strong></span> <span class='ocrx_word' id='word_1_145' title='bbox 1055 2539 1271 2623; x_wconf 83' lang='lat' dir='ltr'><strong>mihi,</strong></span> <span class='ocrx_word' id='word_1_146' title='bbox 1308 2553 1379 2609; x_wconf 89' lang='lat' dir='ltr'><strong>te</strong></span> <span class='ocrx_word' id='word_1_147' title='bbox 1420 2540 1739 2612; x_wconf 88' lang='lat' dir='ltr'><strong>Athenis.</strong></span> <span class='ocrx_word' id='word_1_148' title='bbox 1786 2547 2039 2641; x_wconf 88' lang='lat' dir='ltr'><strong>Itaque</strong></span> <span class='ocrx_word' id='word_1_149' title='bbox 2092 2564 2392 2645; x_wconf 86' lang='lat' dir='ltr'><strong>propter</strong></span> 
     </span>
     <span class='ocr_line' id='line_1_19' title="bbox 265 2646 2390 2753; baseline 0.002 -29"><span class='ocrx_word' id='word_1_150' title='bbox 265 2656 455 2724; x_wconf 90' lang='lat' dir='ltr'><strong>hanc</strong></span> <span class='ocrx_word' id='word_1_151' title='bbox 500 2651 1023 2722; x_wconf 85' lang='lat' dir='ltr'><strong>dubitationem</strong></span> <span class='ocrx_word' id='word_1_152' title='bbox 1073 2669 1306 2718; x_wconf 86' lang='lat' dir='ltr'><strong>meam</strong></span> <span class='ocrx_word' id='word_1_153' title='bbox 1361 2646 1652 2719; x_wconf 87' lang='lat' dir='ltr'><strong>brevior</strong></span> <span class='ocrx_word' id='word_1_154' title='bbox 1698 2651 1844 2723; x_wconf 80' lang='lat' dir='ltr'><strong>haec</strong></span> <span class='ocrx_word' id='word_1_155' title='bbox 1894 2657 2045 2752; x_wconf 89' lang='lat' dir='ltr'><strong>ipsa</strong></span> <span class='ocrx_word' id='word_1_156' title='bbox 2093 2658 2390 2753; x_wconf 88' lang='lat' dir='ltr'><strong>epistola</strong></span> 
     </span>
     <span class='ocr_line' id='line_1_20' title="bbox 266 2760 2389 2859; baseline 0 -24"><span class='ocrx_word' id='word_1_157' title='bbox 266 2780 415 2835; x_wconf 89' lang='lat' dir='ltr'><strong>est:</strong></span> <span class='ocrx_word' id='word_1_158' title='bbox 457 2760 656 2859; x_wconf 93' lang='lat' dir='ltr'><strong>quod</strong></span> <span class='ocrx_word' id='word_1_159' title='bbox 681 2815 699 2847; x_wconf 91' lang='lat'>‚</span> <span class='ocrx_word' id='word_1_160' title='bbox 736 2784 961 2856; x_wconf 89' lang='lat' dir='ltr'><strong>quum</strong></span> <span class='ocrx_word' id='word_1_161' title='bbox 1002 2763 1317 2829; x_wconf 88' lang='lat' dir='ltr'><strong>incertus</strong></span> <span class='ocrx_word' id='word_1_162' title='bbox 1342 2783 1571 2829; x_wconf 88' lang='lat' dir='ltr'><strong>essem</strong></span> <span class='ocrx_word' id='word_1_163' title='bbox 1594 2814 1612 2845; x_wconf 90' lang='lat'>,</span> <span class='ocrx_word' id='word_1_164' title='bbox 1647 2760 1776 2831; x_wconf 90' lang='lat' dir='ltr'><strong>ubi</strong></span> <span class='ocrx_word' id='word_1_165' title='bbox 1806 2788 2026 2853; x_wconf 89' lang='lat' dir='ltr'><strong>esses,</strong></span> <span class='ocrx_word' id='word_1_166' title='bbox 2053 2767 2389 2839; x_wconf 89' lang='lat' dir='ltr'><strong>nolebam</strong></span> 
     </span>
     <span class='ocr_line' id='line_1_21' title="bbox 268 2868 2391 2947; baseline 0.002 -3"><span class='ocrx_word' id='word_1_167' title='bbox 268 2875 472 2946; x_wconf 90' lang='lat' dir='ltr'><strong>illum</strong></span> <span class='ocrx_word' id='word_1_168' title='bbox 500 2887 828 2943; x_wconf 85' lang='lat' dir='ltr'><strong>nostrum</strong></span> <span class='ocrx_word' id='word_1_169' title='bbox 855 2868 1271 2940; x_wconf 86' lang='lat' dir='ltr'><strong>familiarem</strong></span> <span class='ocrx_word' id='word_1_170' title='bbox 1301 2893 1709 2941; x_wconf 87' lang='lat' dir='ltr'><strong>sermonem</strong></span> <span class='ocrx_word' id='word_1_171' title='bbox 1738 2873 1813 2940; x_wconf 92' lang='lat' dir='ltr'><strong>in</strong></span> <span class='ocrx_word' id='word_1_172' title='bbox 1842 2874 2106 2946; x_wconf 87' lang='lat' dir='ltr'><strong>alienas</strong></span> <span class='ocrx_word' id='word_1_173' title='bbox 2134 2901 2391 2947; x_wconf 84' lang='lat' dir='ltr'><strong>manus</strong></span> 
     </span>
     <span class='ocr_line' id='line_1_22' title="bbox 265 2985 623 3056; baseline -0.014 -1"><span class='ocrx_word' id='word_1_174' title='bbox 265 2985 623 3056; x_wconf 82' lang='lat' dir='ltr'><strong>devenire.</strong></span> 
     </span>
    </p>

    <p class='ocr_par' dir='ltr' id='par_1_9' title="bbox 259 3088 2390 3622">
     <span class='ocr_line' id='line_1_23' title="bbox 362 3088 2389 3188; baseline 0.001 -26"><span class='ocrx_word' id='word_1_175' title='bbox 362 3097 577 3188; x_wconf 88' lang='lat' dir='ltr'><strong>Signa</strong></span> <span class='ocrx_word' id='word_1_176' title='bbox 607 3088 995 3184; x_wconf 86' lang='lat' dir='ltr'><strong>Megarica,</strong></span> <span class='ocrx_word' id='word_1_177' title='bbox 1059 3102 1131 3156; x_wconf 89' lang='lat' dir='ltr'><strong>et</strong></span> <span class='ocrx_word' id='word_1_178' title='bbox 1163 3092 1459 3158; x_wconf 85' lang='lat' dir='ltr'><strong>Hermas</strong></span> <span class='ocrx_word' id='word_1_179' title='bbox 1480 3143 1499 3174; x_wconf 88' lang='lat'>,</span> <span class='ocrx_word' id='word_1_180' title='bbox 1535 3089 1625 3160; x_wconf 86' lang='lat' dir='ltr'><strong>de</strong></span> <span class='ocrx_word' id='word_1_181' title='bbox 1655 3090 1920 3187; x_wconf 86' lang='lat' dir='ltr'><strong>quibus</strong></span> <span class='ocrx_word' id='word_1_182' title='bbox 1946 3091 2036 3161; x_wconf 90' lang='lat' dir='ltr'><strong>ad</strong></span> <span class='ocrx_word' id='word_1_183' title='bbox 2071 3117 2186 3163; x_wconf 90' lang='lat' dir='ltr'><strong>me</strong></span> <span class='ocrx_word' id='word_1_184' title='bbox 2215 3097 2389 3165; x_wconf 87' lang='lat' dir='ltr'><strong>scri-</strong></span> 
     </span>
     <span class='ocr_line' id='line_1_24' title="bbox 263 3199 2390 3302; baseline -0 -28"><span class='ocrx_word' id='word_1_185' title='bbox 263 3205 491 3302; x_wconf 87' lang='lat' dir='ltr'><strong>psisti,</strong></span> <span class='ocrx_word' id='word_1_186' title='bbox 510 3200 975 3272; x_wconf 80' lang='lat' dir='ltr'><strong>vehementer</strong></span> <span class='ocrx_word' id='word_1_187' title='bbox 999 3199 1734 3296; x_wconf 75' lang='lat' dir='ltr'><strong>exspectoQuidquid</strong></span> <span class='ocrx_word' id='word_1_188' title='bbox 1760 3199 2076 3293; x_wconf 85' lang='lat' dir='ltr'><strong>ejusdem</strong></span> <span class='ocrx_word' id='word_1_189' title='bbox 2107 3207 2390 3298; x_wconf 82' lang='lat' dir='ltr'><strong>generis</strong></span> 
     </span>
     <span class='ocr_line' id='line_1_25' title="bbox 262 3305 2389 3405; baseline -0.001 -20"><span class='ocrx_word' id='word_1_190' title='bbox 262 3312 604 3394; x_wconf 81' lang='lat' dir='ltr'><strong>habebis,</strong></span> <span class='ocrx_word' id='word_1_191' title='bbox 647 3309 946 3404; x_wconf 84' lang='lat' dir='ltr'><strong>dignum</strong></span> <span class='ocrx_word' id='word_1_192' title='bbox 986 3305 1362 3376; x_wconf 86' lang='lat' dir='ltr'><strong>Academia</strong></span> <span class='ocrx_word' id='word_1_193' title='bbox 1389 3317 1410 3349; x_wconf 74' lang='lat'>1</span> <span class='ocrx_word' id='word_1_194' title='bbox 1460 3308 1590 3379; x_wconf 89' lang='lat' dir='ltr'><strong>tibi</strong></span> <span class='ocrx_word' id='word_1_195' title='bbox 1636 3308 1832 3405; x_wconf 92' lang='lat' dir='ltr'><strong>quod</strong></span> <span class='ocrx_word' id='word_1_196' title='bbox 1874 3311 2262 3398; x_wconf 81' lang='lat' dir='ltr'><strong>videbitur,</strong></span> <span class='ocrx_word' id='word_1_197' title='bbox 2298 3339 2389 3400; x_wconf 78' lang='lat' dir='ltr'><strong>ne</strong></span> 
     </span>
     <span class='ocr_line' id='line_1_26' title="bbox 261 3419 2390 3505; baseline -0 -11"><span class='ocrx_word' id='word_1_198' title='bbox 261 3423 614 3494; x_wconf 87' lang='lat' dir='ltr'><strong>dubitaris</strong></span> <span class='ocrx_word' id='word_1_199' title='bbox 731 3421 993 3505; x_wconf 82' lang='lat' dir='ltr'><strong>ittere,</strong></span> <span class='ocrx_word' id='word_1_200' title='bbox 1033 3431 1105 3487; x_wconf 92' lang='lat' dir='ltr'><strong>et</strong></span> <span class='ocrx_word' id='word_1_201' title='bbox 1153 3441 1330 3487; x_wconf 82' lang='lat' dir='ltr'><strong>arcae</strong></span> <span class='ocrx_word' id='word_1_202' title='bbox 1369 3431 1671 3488; x_wconf 81' lang='lat' dir='ltr'><strong>nostrae2</strong></span> <span class='ocrx_word' id='word_1_203' title='bbox 1723 3419 2087 3491; x_wconf 89' lang='lat' dir='ltr'><strong>confidito.</strong></span> <span class='ocrx_word' id='word_1_204' title='bbox 2141 3426 2390 3494; x_wconf 86' lang='lat' dir='ltr'><strong>Genus</strong></span> 
     </span>
     <span class='ocr_line' id='line_1_27' title="bbox 259 3444 2390 3622; baseline -0.001 -23"><span class='ocrx_word' id='word_1_205' title='bbox 259 3531 403 3599; x_wconf 89' lang='lat' dir='ltr'><strong>hoc</strong></span> <span class='ocrx_word' id='word_1_206' title='bbox 435 3543 543 3598; x_wconf 84' lang='lat' dir='ltr'><strong>est</strong></span> <span class='ocrx_word' id='word_1_207' title='bbox 573 3444 964 3622; x_wconf 53' lang='lat' dir='ltr'><strong>wftiptatis</strong></span> <span class='ocrx_word' id='word_1_208' title='bbox 991 3549 1198 3594; x_wconf 79' lang='lat' dir='ltr'><strong>meae:</strong></span> <span class='ocrx_word' id='word_1_209' title='bbox 1226 3545 1384 3617; x_wconf 78' lang='lat' dir='ltr'><strong>quae</strong></span> <span class='ocrx_word' id='word_1_210' title='bbox 1420 3521 1812 3619; x_wconf 81' lang='grc' dir='ltr'>γυμνασιώδη</span> <span class='ocrx_word' id='word_1_211' title='bbox 1858 3530 2163 3595; x_wconf 84' lang='lat' dir='ltr'><strong>maxime</strong></span> <span class='ocrx_word' id='word_1_212' title='bbox 2191 3543 2390 3615; x_wconf 78' lang='lat' dir='ltr'><strong>sunt,</strong></span> 
     </span>
    </p>
   </div>
   <div class='ocr_carea' id='block_1_9' title="bbox 239 3732 2405 4201">
    <p class='ocr_par' dir='ltr' id='par_1_10' title="bbox 243 3732 2405 4038">
     <span class='ocr_line' id='line_1_28' title="bbox 339 3732 2390 3801; baseline -0.001 -14"><span class='ocrx_word' id='word_1_213' title='bbox 339 3758 382 3787; x_wconf 84' lang='lat'><strong>1.</strong></span> <span class='ocrx_word' id='word_1_214' title='bbox 417 3737 707 3785; x_wconf 78' lang='lat' dir='ltr'><strong>Academia.</strong></span> <span class='ocrx_word' id='word_1_215' title='bbox 745 3735 822 3785; x_wconf 85' lang='lat' dir='ltr'><strong>Sic</strong></span> <span class='ocrx_word' id='word_1_216' title='bbox 850 3736 1064 3801; x_wconf 79' lang='lat' dir='ltr'><strong>appellat</strong></span> <span class='ocrx_word' id='word_1_217' title='bbox 1086 3753 1286 3800; x_wconf 66' lang='lat' dir='ltr'><strong>gymna-</strong></span> <span class='ocrx_word' id='word_1_218' title='bbox 1374 3736 1500 3784; x_wconf 87' lang='lat' dir='ltr'><strong>rium</strong></span> <span class='ocrx_word' id='word_1_219' title='bbox 1531 3745 1632 3782; x_wconf 81' lang='lat' dir='ltr'><strong>erat</strong></span> <span class='ocrx_word' id='word_1_220' title='bbox 1659 3734 1844 3780; x_wconf 75' lang='lat' dir='ltr'><strong>solvere</strong></span> <span class='ocrx_word' id='word_1_221' title='bbox 1872 3732 1931 3780; x_wconf 84' lang='lat' dir='ltr'><strong>de</strong></span> <span class='ocrx_word' id='word_1_222' title='bbox 1959 3750 2144 3793; x_wconf 80' lang='lat' dir='ltr'><strong>mensa,</strong></span> <span class='ocrx_word' id='word_1_223' title='bbox 2182 3737 2218 3783; x_wconf 84' lang='lat' dir='ltr'><strong>i.</strong></span> <span class='ocrx_word' id='word_1_224' title='bbox 2250 3754 2292 3783; x_wconf 84' lang='lat' dir='ltr'><strong>e.</strong></span> <span class='ocrx_word' id='word_1_225' title='bbox 2328 3737 2390 3784; x_wconf 82' lang='lat' dir='ltr'><strong>de</strong></span> 
     </span>
     <span class='ocr_line' id='line_1_29' title="bbox 247 3813 2389 3880; baseline -0.001 -13"><span class='ocrx_word' id='word_1_226' title='bbox 247 3822 387 3867; x_wconf 75' lang='lat' dir='ltr'><strong>sium</strong></span> <span class='ocrx_word' id='word_1_227' title='bbox 416 3852 430 3876; x_wconf 88' lang='lat'>,</span> <span class='ocrx_word' id='word_1_228' title='bbox 470 3816 606 3880; x_wconf 90' lang='lat' dir='ltr'><strong>quod</strong></span> <span class='ocrx_word' id='word_1_229' title='bbox 643 3818 695 3863; x_wconf 90' lang='lat' dir='ltr'><strong>in</strong></span> <span class='ocrx_word' id='word_1_230' title='bbox 727 3816 1004 3864; x_wconf 81' lang='lat' dir='ltr'><strong>Tusculano</strong></span> <span class='ocrx_word' id='word_1_231' title='bbox 1043 3828 1288 3864; x_wconf 73' lang='lat' dir='ltr'><strong>exsti-uen-</strong></span> <span class='ocrx_word' id='word_1_232' title='bbox 1374 3831 1536 3863; x_wconf 80' lang='lat' dir='ltr'><strong>mensa</strong></span> <span class='ocrx_word' id='word_1_233' title='bbox 1563 3813 1757 3877; x_wconf 73' lang='lat' dir='ltr'><strong>publica</strong></span> <span class='ocrx_word' id='word_1_234' title='bbox 1779 3815 2177 3875; x_wconf 76' lang='lat' dir='ltr'><strong>argentariorum.</strong></span> <span class='ocrx_word' id='word_1_235' title='bbox 2201 3818 2286 3863; x_wconf 78' lang='lat' dir='ltr'><strong>Est</strong></span> <span class='ocrx_word' id='word_1_236' title='bbox 2303 3833 2389 3863; x_wconf 83' lang='lat' dir='ltr'><strong>au-</strong></span> 
     </span>
     <span class='ocr_line' id='line_1_30' title="bbox 247 3890 2405 3964; baseline -0.005 -17"><span class='ocrx_word' id='word_1_237' title='bbox 247 3901 380 3947; x_wconf 87' lang='lat' dir='ltr'><strong>dum</strong></span> <span class='ocrx_word' id='word_1_238' title='bbox 407 3907 674 3952; x_wconf 78' lang='lat' dir='ltr'><strong>curaverat,</strong></span> <span class='ocrx_word' id='word_1_239' title='bbox 704 3894 849 3958; x_wconf 83' lang='lat' dir='ltr'><strong>idque</strong></span> <span class='ocrx_word' id='word_1_240' title='bbox 879 3893 1104 3941; x_wconf 76' lang='lat' dir='ltr'><strong>omuibus</strong></span> <span class='ocrx_word' id='word_1_241' title='bbox 1129 3895 1288 3942; x_wconf 76' lang='lat' dir='ltr'><strong>modis</strong></span> <span class='ocrx_word' id='word_1_242' title='bbox 1377 3907 1472 3942; x_wconf 82' lang='lat' dir='ltr'><strong>tem</strong></span> <span class='ocrx_word' id='word_1_243' title='bbox 1500 3909 1609 3940; x_wconf 78' lang='lat' dir='ltr'><strong>arca</strong></span> <span class='ocrx_word' id='word_1_244' title='bbox 1638 3890 1977 3955; x_wconf 75' lang='lat' dir='ltr'><strong>locupletium,</strong></span> <span class='ocrx_word' id='word_1_245' title='bbox 2011 3894 2232 3942; x_wconf 71' lang='lat' dir='ltr'><strong>sacculus</strong></span> <span class='ocrx_word' id='word_1_246' title='bbox 2266 3912 2405 3964; x_wconf 52' lang='lat' dir='ltr'><strong>paru.</strong></span> 
     </span>
     <span class='ocr_line' id='line_1_31' title="bbox 243 3961 2391 4038; baseline -0.002 -12"><span class='ocrx_word' id='word_1_247' title='bbox 243 3975 618 4026; x_wconf 72' lang='lat' dir='ltr'><strong>exornandum.</strong></span> <span class='ocrx_word' id='word_1_248' title='bbox 647 3975 764 4021; x_wconf 74' lang='lat' dir='ltr'><strong>Seu.</strong></span> <span class='ocrx_word' id='word_1_249' title='bbox 847 3980 852 3985; x_wconf 87' lang='grc'><em>’</em></span> <span class='ocrx_word' id='word_1_250' title='bbox 1372 3975 1635 4037; x_wconf 75' lang='lat' dir='ltr'><strong>pet-iorum.</strong></span> <span class='ocrx_word' id='word_1_251' title='bbox 1670 3974 1850 4019; x_wconf 85' lang='lat' dir='ltr'><strong>Juven.</strong></span> <span class='ocrx_word' id='word_1_252' title='bbox 1886 3975 1964 4028; x_wconf 90' lang='lat'><strong>11,</strong></span> <span class='ocrx_word' id='word_1_253' title='bbox 2000 3973 2102 4021; x_wconf 77' lang='lat'><strong>26:</strong></span> <span class='ocrx_word' id='word_1_254' title='bbox 2139 3997 2164 4016; x_wconf 75' lang='grc' dir='ltr'><strong>σι</strong></span> <span class='ocrx_word' id='word_1_255' title='bbox 2192 3961 2391 4038; x_wconf 55' lang='lat' dir='ltr'><strong>Ignoras</strong></span> 
     </span>
    </p>

    <p class='ocr_par' dir='ltr' id='par_1_11' title="bbox 239 4052 2391 4201">
     <span class='ocr_line' id='line_1_32' title="bbox 335 4052 2391 4118; baseline 0 -18"><span class='ocrx_word' id='word_1_256' title='bbox 335 4072 383 4100; x_wconf 69' lang='grc' dir='ltr'><strong>ο..</strong></span> <span class='ocrx_word' id='word_1_257' title='bbox 414 4058 560 4101; x_wconf 64' lang='lat' dir='ltr'><strong>Arca!</strong></span> <span class='ocrx_word' id='word_1_258' title='bbox 584 4064 777 4099; x_wconf 82' lang='lat' dir='ltr'><strong>noserae.</strong></span> <span class='ocrx_word' id='word_1_259' title='bbox 793 4054 865 4099; x_wconf 82' lang='lat' dir='ltr'><strong>Ex</strong></span> <span class='ocrx_word' id='word_1_260' title='bbox 884 4070 978 4116; x_wconf 87' lang='lat' dir='ltr'><strong>qua</strong></span> <span class='ocrx_word' id='word_1_261' title='bbox 999 4066 1284 4118; x_wconf 62' lang='lat' dir='ltr'><strong>praesentem</strong></span> <span class='ocrx_word' id='word_1_262' title='bbox 1372 4063 1607 4116; x_wconf 82' lang='lat' dir='ltr'><strong>quantum</strong></span> <span class='ocrx_word' id='word_1_263' title='bbox 1636 4052 1805 4099; x_wconf 78' lang='lat' dir='ltr'><strong>ferrata</strong></span> <span class='ocrx_word' id='word_1_264' title='bbox 1834 4053 1977 4101; x_wconf 80' lang='lat' dir='ltr'><strong>distet</strong></span> <span class='ocrx_word' id='word_1_265' title='bbox 1996 4053 2057 4100; x_wconf 78' lang='lat' dir='ltr'><strong>ab</strong></span> <span class='ocrx_word' id='word_1_266' title='bbox 2083 4069 2191 4100; x_wconf 76' lang='lat' dir='ltr'><strong>arca</strong></span> <span class='ocrx_word' id='word_1_267' title='bbox 2212 4056 2391 4103; x_wconf 83' lang='lat' dir='ltr'><strong>Saccu-</strong></span> 
     </span>
     <span class='ocr_line' id='line_1_33' title="bbox 239 4130 1758 4201; baseline -0.003 -19"><span class='ocrx_word' id='word_1_268' title='bbox 239 4134 522 4201; x_wconf 81' lang='lat' dir='ltr'><strong>pccuniam</strong></span> <span class='ocrx_word' id='word_1_269' title='bbox 547 4148 798 4181; x_wconf 73' lang='lat' dir='ltr'><strong>numerare</strong></span> <span class='ocrx_word' id='word_1_270' title='bbox 832 4146 1044 4194; x_wconf 73' lang='lat' dir='ltr'><strong>possum.</strong></span> <span class='ocrx_word' id='word_1_271' title='bbox 1072 4130 1285 4182; x_wconf 81' lang='lat' dir='ltr'><strong>Contra·</strong></span> <span class='ocrx_word' id='word_1_272' title='bbox 1374 4134 1450 4181; x_wconf 79' lang='lat' dir='ltr'><strong>lus</strong></span> <span class='ocrx_word' id='word_1_273' title='bbox 1471 4156 1511 4181; x_wconf 73' lang='grc' dir='ltr'><strong>οι.</strong></span> <span class='ocrx_word' id='word_1_274' title='bbox 1542 4132 1758 4182; x_wconf 61' lang='lat' dir='ltr'><strong>Cauca.</strong></span> 
     </span>
    </p>
   </div>
  </div>
 </body>
</html>
