3023 4773
547 399 1068 472 EPISTOLAE
1119 402 1256 468 AD
1307 402 1815 486 ΑΤΤΙΟΠΜ,
1858 404 1978 486 11,
2039 399 2142 471 13.
2266 400 2405 498 389

282 612 1105 635 mmmmmmmm
1109 611 1833 631 mmmmm-mm
1838 613 1928 632 m
1938 614 2350 635 mmmmm
2357 616 2384 634 ἱ

898 821 1489 902 EPISTOLA
1541 824 1798 903 XIII.

282 996 596 1076 Epistulam
629 996 1048 1076 praecedentem
1075 994 1360 1055 redditam
1386 1014 1506 1052 non
1536 995 1711 1054 fuisse
1737 994 1912 1054 dolet.
1940 1002 2139 1057 Romae
2166 997 2240 1058 de
2269 1002 2410 1058 actis

363 1095 687 1172 potentium
731 1076 887 1153 silc'ri
925 1111 1106 1169 quum
1146 1091 1468 1168 scripsisset
1498 1092 1751 1160 Atticus,
1790 1093 1958 1151 aliter
1995 1113 2120 1153 esse
2158 1095 2217 1152 in
2260 1096 2411 1173 agris

359 1190 630 1262 affirmat,
652 1203 711 1249 et
740 1191 799 1247 in
824 1189 1135 1249 Formiano
1164 1188 1544 1267 potissimum.
1576 1188 1665 1267 (In
1691 1189 2002 1249 Formiano
2019 1232 2036 1259 ,
2063 1210 2215 1249 anno
2238 1195 2313 1252 U.
2342 1197 2433 1275 C..

364 1288 478 1363 694
501 1331 518 1360 ,
551 1307 748 1346 mense
776 1284 994 1365 aprili.)

947 1456 1260 1521 CICERO
1305 1455 1630 1519 ATTICO
1675 1456 1738 1520 S.

375 1616 682 1682 Fscm'us
712 1608 1133 1708 indignum!
1168 1610 1546 1712 epistolam
1584 1613 1877 1707 ιιιὺθωρεὶι
1923 1611 2122 1683 tibia
2152 1614 2409 1688 Tribus

282 1721 625 1794 Tabernis
687 1722 1105 1819 rescriptam
1168 1720 1257 1790 ad
1312 1726 1469 1791 tuas
1529 1721 1979 1793 suavissimas
2038 1725 2412 1820 epistolas,

281 1834 644 1904 neminem
688 1830 1131 1903 reddidisse?
1168 1834 1259 1899 At
1296 1830 1511 1915 scito,
1551 1855 1719 1901 eum
1767 1829 2220 1919 fasciculum,
2256 1859 2409 1931 quo

279 1941 475 2013 illam
504 1941 990 2035 conjeceram,
1018 1938 1321 2009 domum
1351 1963 1438 2009 eo
1473 1940 1631 2035 ipso
1657 1940 1770 2010 die
1793 1940 2017 2011 latum
2044 1966 2197 2014 esse
2217 1995 2236 2027 ,
2262 1968 2411 2040 quo

276 2076 417 2147 ego
458 2049 831 2134 dederam,
875 2061 949 2118 et
989 2046 1082 2118 ad
1117 2070 1232 2117 me
1272 2047 1347 2115 in
1391 2052 1853 2119 Formianum
1890 2052 2196 2122 relatum
2235 2078 2404 2125 esse.

276 2163 538 2254 Itaque
582 2156 718 2228 tibi
761 2170 957 2226 tuam
1003 2153 1381 2252 epistolam
1419 2154 1600 2250 jussi
1638 2155 1937 2244 referri;
1981 2185 2069 2231 ex
2112 2186 2257 2257 qua
2300 2167 2408 2234 in-

275 2266 670 2364 telligere5‚
705 2290 926 2363 quam
970 2264 1147 2335 mihi
1181 2278 1336 2334 tum
1380 2263 1516 2334 illae
1556 2280 1773 2362 gratae
1808 2264 2128 2341 fuissent.
2166 2276 2408 2344 Romae

275 2376 478 2475 quod
515 2376 765 2449 scribis
812 2375 1041 2464 sileri,
1089 2376 1188 2446 ita
1237 2372 1606 2473 putabam.
1651 2380 1743 2447 At
1779 2374 2073 2450 hercule
2114 2383 2188 2452 in
2223 2385 2411 2480 agris

278 2512 430 2558 nou
466 2487 759 2559 siletur:
801 2511 936 2557 nec
967 2487 1119 2580 jam
1165 2485 1305 2583 ipsi
1338 2485 1488 2581 agri
1518 2509 1825 2581 regnum
1861 2502 2181 2559 vestrum
2223 2490 2410 2565 ferre

278 2606 599 2688 possunt.
637 2591 711 2662 Si
741 2614 913 2661 vero
950 2591 1027 2659 iu
1064 2588 1251 2668 hanc
1284 2594 1673 2666 τνιλιίπυλον2
1752 2596 2031 2664 veneris
2093 2600 2407 2694 Λαιστρυ-

276 2699 478 2794 γονίην
513 2692 909 2793 (Formias3
940 2694 1177 2791 dico),
1212 2696 1340 2792 qui
1373 2693 1701 2777 fremitus
1731 2696 2157 2770 hominum?
2186 2726 2406 2798 quam

279 2807 438 2876 irati
474 2805 744 2876 animi?
787 2819 1065 2902 quanto
1113 2806 1191 2874 in
1235 2804 1405 2874 odio
1456 2818 1704 2876 noster
1742 2809 2012 2879 amicus
2056 2814 2410 2907 Magnus?

277 2916 484 3012 cujus
519 2919 968 3011 cognomen‘*
1016 2938 1160 2984 una
1207 2937 1374 2993 cum
1412 2915 1648 2985 Crassi
1682 2917 1939 2986 Divitis
1975 2924 2410 3012 cognomine

278 3026 751 3097 consenescit.
797 3022 1063 3094 Credas
1103 3022 1283 3098 mihi
1324 3023 1579 3111 velim,
1624 3024 1992 3101 neminem
2031 3026 2269 3097 adhuc
2304 3027 2410 3099 of-

277 3131 516 3221 fendi,
577 3135 706 3230 qui
758 3132 910 3202 haec
960 3147 1107 3202 tam
1161 3132 1396 3220 lente,
1452 3157 1671 3229 quam
1726 3157 1861 3229 ego
1917 3132 2108 3221 fem,
2167 3134 2404 3209 ferret.

276 3240 518 3328 Quare
540 3292 560 3327 ‚
603 3238 777 3309 mihi
820 3235 1071 3324 crede,
1106 3247 1521 3334 φιλοσοφῶμεν
1542 3235 1594 3309 ⁵.
1628 3244 1667 3310 J
1672 3252 1915 3309 uratus
1947 3237 2079 3308 tibi
2110 3264 2406 3337 possum

352 3486 396 3515 ι.
427 3464 654 3534 Αὖθωριὶ.
681 3466 861 3515 Eadem
881 3466 986 3530 ipsa
1003 3463 1143 3513 hora.
1385 3466 1717 3530 honoremque
1742 3467 1922 3514 amittit
1953 3482 1968 3514 ε
1998 3465 2405 3530 quemadmodum

344 3561 395 3593 a.
417 3545 703 3599 Τηλέπυλον.
732 3545 1005 3608 Telepylum
1026 3546 1299 3613 LaestrJgo-
1385 3555 1434 3592 et
1452 3544 1634 3603 Crassi,
1653 3546 1737 3608 qni
1758 3546 1903 3592 Dives
1919 3559 1979 3591 ex
1999 3545 2177 3608 opibus
2194 3546 2407 3610 appella·

271 3624 432 3673 niam.
473 3623 658 3688 Odyss.
695 3625 772 3682 K,
810 3626 895 3671 82.
936 3621 1065 3669 Vide
1100 3621 1296 3673 Cluver.
1386 3634 1465 3672 tus
1495 3634 1594 3680 est,
1620 3623 1801 3688 opibus
1837 3622 2103 3669 imminutis
2134 3639 2404 3687 cognomen

270 3703 386 3752 Ital.
414 3705 534 3750 Ant.
557 3704 657 3760 111,
689 3718 767 3752 10.
1383 3702 1636 3767 paullatim
1658 3701 1997 3763 exstinguitur.
2024 3702 2407 3753 Murum—Ta-

344 3784 396 3834 3.
435 3781 679 3830 Formias.
716 3784 982 3845 Antiquam
1017 3782 1294 3848 Lestrygo-
1383 3797 1495 3828 men
1515 3781 1765 3827 Manutius
1781 3788 1924 3841 negat
1943 3776 2003 3824 dc
2026 3794 2085 3825 eo
2107 3780 2279 3828 Crasso
2300 3784 2402 3846 agi,

269 3879 389 3911 num
415 3861 596 3910 sedem.
620 3860 747 3910 Plin.
780 3863 879 3920 111,
914 3876 1023 3925 cap.
1047 3862 1095 3912 5.
1130 3855 1294 3907 Cor-a.
1384 3860 1471 3922 qui
1506 3859 1655 3923 periit
1689 3858 1741 3903 in
1763 3856 1966 3905 Parthis.
1988 3857 2081 3906 Cui
2108 3859 2222 3908 Sch.
2248 3876 2407 3908 assen-

266 3944 450 3989 —Hoc
478 3951 641 3988 antem
663 3938 901 4002 glossema
928 3940 1138 3989 videtur.
1165 3941 1258 3987 En.
1384 3940 1471 3996 tit,
1506 3947 1554 3984 et
1574 3936 1711 3984 illum
1738 3946 1880 3999 putat
1915 3951 2016 3982 csse
2052 3936 2201 3984 alium
2229 3956 2285 3986 ac
2305 3941 2408 3989 Cae-

345 4027 392 4074 4.
413 4019 555 4083 Cujus
573 4033 855 4083 cognomen.
871 4020 1092 4090 qupeii
1107 4033 1293 4082 cogno·
1385 4017 1502 4064 saris
1521 4027 1568 4064 et
1592 4016 1812 4079 Pompeii
1840 4015 2040 4063 socium.
2065 4016 2159 4062 En.

267 4113 383 4146 men
398 4096 547 4159 mutu
560 4100 789 4161 Magnus,
802 4113 934 4146 suam
952 4098 1293 4155 celebritatem,
1460 4097 1509 4143 5.
1532 4097 1885 4161 Φιλοσοφῶμιν.
1916 4092 2335 4160 Philosophemur.
