3023 4773
462 468 979 538 EPISTOLAE
1029 469 1165 537 AD
1215 470 1725 553 ATTICUM,
1767 470 1958 557 VII,
2006 496 2070 537 2.
2191 466 2335 554 645

205 602 276 659 te
315 599 870 685 consequutum.
920 591 1157 659 Venio
1205 587 1296 659 ad
1343 589 1681 687 epistolas
1734 605 1928 680 tuas,
1975 614 2155 688 quas
2200 615 2337 688 ego

204 712 570 769 sexcentas
614 722 763 769 uno
819 692 1146 795 tempore
1182 703 1465 797 accepi,
1521 699 1732 769 aliam
1774 700 1911 771 alia
1951 699 2339 797 jucundio-

203 831 399 893 rem,
455 832 616 905 quae
667 806 964 905 quidem
1020 814 1227 879 erant
1293 824 1416 879 tua
1480 833 1723 880 manu.
1786 813 1967 881 Nam
2020 810 2336 881 Alexidis

204 941 497 988 manum
521 915 553 961 ⁶
626 916 1002 1006 amabam,
1059 917 1257 1014 quod
1315 934 1463 989 tam
1522 944 1753 1018 prope
1810 919 2195 992 accedebat
2249 918 2340 991 ad

201 1026 742 1099 similitudinem
792 1042 935 1099 tuae
982 973 1255 1117 literae3
1317 1029 1695 1129 [manum]
1755 1056 1906 1101 non
1974 1030 2336 1117 amabam,

203 1136 405 1233 quod
440 1117 798 1209 indicabat
841 1153 912 1210 te
950 1165 1102 1215 non
1133 1141 1389 1212 valere.
1427 1141 1652 1237 Cujus
1685 1143 2031 1239 quoniam
2059 1144 2337 1213 mentio

201 1245 387 1319 facta
425 1264 568 1334 est3
611 1252 950 1320 Tironem
998 1251 1222 1334 Patris
1265 1275 1539 1348 aegrum
1581 1251 1875 1349 reliqui,
1927 1248 2339 1322 adolescen-

205 1371 348 1429 tem
367 1369 420 1446 7,
478 1373 558 1430 ut
606 1360 836 1446 nosti,
888 1373 961 1430 et
992 1358 1215 1449 adde,
1249 1365 1306 1432 si
1350 1359 1531 1457 quid
1573 1362 1712 1448 vis,
1752 1359 2116 1457 probum:
2164 1359 2340 1429 nihil

200 1466 345 1538 vidi
369 1469 646 1540 melius,
677 1476 930 1565 Itaque
971 1493 1181 1560 careo
1224 1496 1428 1569 aegre.
1462 1473 1925 1568 Quamquam
1953 1467 2338 1541 videbatur

203 1601 277 1649 se
320 1579 823 1676 non-graviter
858 1577 1176 1667 habere;
1208 1595 1449 1652 tamen
1495 1605 1658 1651 sum
1700 1580 2079 1664 sollicitus,
2115 1580 2339 1649 maxi-

132 1743 141 1747 -
199 1712 536 1783 mamque
571 1710 775 1784 spem
816 1685 1052 1757 habeo
1096 1688 1173 1758 in
1209 1693 1305 1759 M.
1353 1689 1551 1764 Curii
1588 1688 1999 1787 diligentia,
2052 1687 2143 1792 de
2188 1711 2335 1783 qua

184 1795 289 1895 ad
316 1820 435 1866 me
462 1797 747 1895 scripsit
768 1797 970 1884 Tiro,
997 1809 1070 1867 et
1094 1797 1309 1867 multi
1331 1802 1780 1870 nuntiarunt.
1809 1802 2070 1874 Curius
2094 1811 2335 1868 autem

198 1907 348 2004 ipse
385 1909 642 1994 sensit,
678 1930 899 2003 quam
945 1920 1027 1978 tu
1062 1905 1278 1977 velles
1302 1930 1398 1978 ‚se
1430 1931 1470 1977 a
1506 1933 1625 1981 me
1660 1908 1896 2006 diligi,
1938 1922 2010 1978 et
2049 1933 2137 1979 eo
2173 1930 2335 1979 sum

199 2016 589 2089 admodum
635 2015 1050 2089 delectatus.
1096 2019 1187 2086 Et
1230 2015 1640 2090 mehercule
1686 2033 1821 2107 est,
1865 2042 2083 2115 quem
2131 2015 2336 2089 facile

179 2121 485 2219 diligas,
517 2125 831 2218 αὐτόχθων
850 2120 889 2167 8
908 2123 983 2193 in
1004 2121 1300 2192 homine
1328 2121 1694 2195 urbanitas
1717 2136 1892 2195 est9.
1926 2122 2097 2220 Ejus
2119 2138 2335 2196 testa·

196 2247 525 2304 mentum
562 2232 871 2331 deporto
898 2237 1198 2304 Romam
1223 2242 1285 2276 ¹0
1322 2234 1542 2303 trium
1571 2235 1999 2305 Ciceronum
2018 2244 2082 2285 ¹¹-
2114 2235 2336 2330 signis

196 2341 652 2442 obsignatum
671 2344 1173 2443 ‚cohortisque
1204 2346 1586 2443 praetor-ize:
1615 2344 1788 2418 fecit
1814 2346 2125 2445 palam¹²
2145 2362 2215 2420 te
2244 2374 2332 2421 ex

198 2451 548 2544 libella¹³‚
609 2481 724 2527 me
765 2480 854 2526 ex
886 2457 1243 2528 teruncio.
1286 2461 1370 2527 In
1404 2458 1614 2528 Actio
1639 2455 2048 2554 Corcyrae¹4
2083 2457 2332 2528 Alexio

196 2556 314 2636 me
371 2567 669 2665 opipare
731 2581 1150 2638 muneratus
1206 2582 1334 2639 est.
1380 2569 1656 2656 Quinto
1699 2568 2030 2640 Ciceroni
2077 2567 2330 2638 obsisti

268 2758 319 2804 6.
336 2761 453 2806 Fere
478 2774 649 2809 omnes
662 2794 677 2819 ,
703 2760 936 2808 animum.
955 2760 1213 2824 Sequimur
1378 2785 1399 2816 x
1413 2783 1461 2818 ι.
1489 2769 1591 2818 Alii
1609 2804 1625 2829 ‚

194 2852 289 2885 nos
312 2836 606 2896 Buherium,
641 2838 976 2889 Animadvers.
1002 2842 1057 2887 in
1074 2840 1213 2889 Cice-

196 2931 364 2964 rone·
380 2949 396 2975 ,
416 2916 570 2964 Paris.
598 2917 758 2978 1746,
779 2933 889 2982 pag.
918 2918 1003 2975 45.
1022 2920 1139 2967 J.V.
1158 2918 1212 2965 1..

271 3011 317 3055 7.
344 2992 538 3042 Schiitz.
562 2996 797 3062 conjicit,
810 3019 836 3038 ιι
854 2995 1211 3046 adolescentem

192 3071 461 3132 eruditum,
492 3083 549 3121 ut
566 3074 700 3121 nosti
716 3090 731 3133 ;
754 3073 880 3122 adde
894 3109 910 3134 ,
925 3075 968 3123 si
981 3076 1080 3138 vis,
1097 3092 1213 3141 pro-

192 3152 310 3200 bum
327 3173 371 3202 n.
390 3156 441 3203 J'.
462 3156 528 3204 V.
548 3155 602 3203 L.

266 3232 315 3280 8.
339 3231 606 3298 Αὐτόχθων.
630 3231 807 3280 Nativa
819 3265 838 3292 ‚
854 3233 1127 3282 vernacula.
1143 3260 1214 3271 -

193 3308 320 3370 Alii,
347 3329 370 3354 ι
392 3328 536 3377 quam
557 3312 597 3359 f.
618 3310 820 3375 diligas,
840 3326 934 3358 a.»
951 3311 1001 3360 J.
1019 3312 1085 3357 V.
1104 3312 1160 3358 1..

255 3405 316 3452 ,9.
342 3391 496 3441 Abest
511 3403 596 3443 est.
618 3393 671 3440 J.
690 3393 757 3440 V.
785 3392 840 3438 L.

271 3485 353 3518 xo.
377 3472 592 3535 Deporto
614 3473 838 3518 Romam.
869 3471 990 3518 Hac
1013 3480 1090 3519 est
1107 3469 1215 3518 Ma-

192 3546 321 3594 nutii
345 3550 624 3611 conjectura
639 3582 657 3610 ,
689 3563 837 3612 quam
860 3547 1048 3614 recepit
1071 3551 1214 3599 Lam-

190 3624 357 3676 binus.
379 3628 506 3679 Nam
528 3618 640 3692 alii,
666 3627 729 3676 de
751 3626 968 3679 Tortor-io
991 3642 1017 3680 ··‚
1035 3627 1089 3679 iu
1114 3643 1215 3691 quo

190 3704 489 3769 explicando
503 3741 519 3768 ,
545 3718 595 3755 et
612 3708 802 3772 seipsos
822 3719 874 3757 et
887 3706 1096 3755 lectores
1120 3704 1213 3753 mi-

126 3846 137 3855 ·
191 3783 327 3832 rifice
346 3794 590 3850 torquent.
613 3787 792 3849 Agitur
811 3786 871 3834 de
886 3789 1214 3846 Testameuto,

189 3878 296 3911 non
325 3864 450 3913 serio
476 3864 566 3913 illo
596 3863 819 3928 quidem,
845 3864 932 3912 sed
956 3865 1131 3913 festivo
1156 3879 1213 3911 ac

187 3941 408 3990 ludicro.
454 3944 546 3990 Per
594 3943 844 3994 cohortem
897 3945 1174 4008 pratoriam
1195 3976 1211 4005 ,

190 4021 419 4098 Grqvius
436 4020 663 4085 iutelligit
680 4021 880 4074 comites
895 4033 946 4075 et
961 4023 1218 4077 contuber-

189 4099 330 4149 mles
354 4098 634 4157 Ciceronis,
670 4100 758 4163 qui
793 4116 904 4148 eum
929 4101 981 4153 in
1012 4105 1215 4167 provin-e

189 4178 319 4227 ciam
343 4176 533 4226 fuerant
554 4177 764 4242 sequuti.
790 4178 936 4231 Omv.

1659 2792 1685 2813 α
1710 2768 1920 2817 duorum
1962 2767 2252 2819 Ciceronum
2275 2791 2322 2816 ιο.

1299 2848 1351 2895 J·
1369 2851 1437 2966 ἴα
1446 2849 1621 2966 ‘Lim-t
1629 2918 1818 2982 palam.
1833 2917 2094 2966 Heredem.
2107 2917 2328 2967 Mu.—

1300 2997 1428 3046 Vide
1436 2996 1651 3046 Tur-neb.
1666 2996 1874 3045 Advers.
1891 3000 2012 3058 XX,
2030 2998 2113 3055 16,
2124 3008 2174 3044 et
2184 2998 2334 3045 maxi·

1300 3091 1379 3124 me
1398 3078 1624 3127 Gronov.
1646 3073 1715 3127 de·
1731 3075 1843 3122 Pec.
1858 3076 1970 3122 Vet.
1987 3077 2037 3122 11
2052 3106 2068 3131 ,
2095 3089 2142 3122 ι.

1378 3155 1630 3205 13.A1.·
1655 3169 1718 3204 ex
1741 3153 1907 3202 liberis
1943 3169 2040 3214 ιη,
2074 3169 2154 3200 me
2182 3170 2245 3201 ex
2274 3170 2330 3202 ιι

1300 3235 1462 3283 unciis
1482 3257 1527 3283 ιι.
1547 3237 1596 3284 J.
1614 3238 1676 3283 V.
1694 3236 1750 3282 1..

1379 3320 1457 3369 14.
1492 3314 1732 3376 Corcyra.
1775 3312 1974 3361 Actium
2009 3327 2112 3360 non
2147 3310 2229 3359 hic
2257 3321 2336 3360 est

1300 3393 1720 3457 promontorium
1727 3389 2048 3454 Acarnsuiae,
2072 3407 2162 3439 nec
2187 3390 2330 3439 locus

1303 3484 1389 3520 aut
1404 3487 1517 3536 ager
1531 3473 1792 3536 Corcyrae,
1813 3480 1868 3517 ut
1889 3469 2024 3518 docti
2047 3469 2140 3516 viri
2161 3469 2332 3517 existi·

1302 3563 1461 3610 mant,
1497 3551 1586 3599 sed
1619 3561 1794 3615 portus
1830 3549 2230 3613 Corcyraeorum,
2266 3548 2330 3597 ad

1304 3629 1626 3678 differentiam
1662 3629 1860 3677 alterius
1896 3628 2056 3676 dictus
2086 3650 2111 3669 ι
2130 3628 2328 3675 Actium

1301 3709 1532 3772 Coi-cyre
1551 3730 1605 3771 ιο,
1634 3707 1722 3756 ubi
1750 3706 2008 3765 octiduum
2034 3707 2330 3769 tempestati-

1302 3786 1392 3835 bus
1413 3796 1632 3835 retentus
1658 3786 1722 3834 ab
1748 3785 1991 3834 Alexione
2018 3784 2209 3833 medico
2236 3802 2327 3834 suo

1302 3866 1496 3914 cibariis
1508 3865 1638 3914 laute
1660 3874 1709 3913 et
1726 3863 2035 3913 abundanter
2053 3874 2333 3912 muneratus

1303 3955 1397 3994 est.
1428 3946 1503 3992 De
1532 3954 1682 4009 portu
1707 3943 1939 4006 Corcyrae
1962 3955 2012 3992 et
2031 3943 2086 3991 in
2110 3959 2170 3991 eo
2195 3959 2332 3991 mora

1278 4028 1389 4072 'sua
1431 4022 1602 4070 scribit
1650 4022 1714 4069 ad
1750 4020 1982 4068 Tironem
2028 4037 2107 4086 ep.
2151 4036 2201 4083 9.
2253 4023 2330 4066 De

1304 4100 1546 4149 Alexione
1580 4098 1774 4147 medico
1807 4113 1898 4147 suo
1924 4100 2048 4148 infra
2093 4099 2178 4148 lib.
2207 4101 2326 4157 XV,

1305 4195 1384 4244 ep.
1418 4193 1438 4230 1
1470 4189 1520 4228 et
1543 4193 1595 4228 ο.
1625 4180 1829 4230 Portu.
