3023 4773
607 394 702 469 26
768 440 773 445 -
1247 399 1346 469 M.
1397 400 1476 468 Τ.
1531 396 2102 469 CICERONIS
2149 432 2154 437 ·

606 517 880 605 Crassi,
934 530 1008 589 et
1048 515 1138 589 ad
1172 517 1332 613 ejus
1370 521 1649 616 optima
1691 516 1927 589 studia
1968 514 2448 589 vehementer
2502 528 2737 612 aptus.

601 634 859 726 Itaque
898 626 989 698 ab
1015 652 1103 699 eo
1140 626 1535 699 admodum
1572 626 2028 726 diligebatur.
2068 629 2238 696 Post
2272 638 2581 697 mortem
2618 648 2746 696 au-

603 752 754 809 tem
777 738 1008 810 Crassi
1028 733 1081 826 ³,
1111 761 1198 808 eo
1226 738 1404 810 mihi
1443 738 1660 810 etiam
1692 736 1982 836 dignior
2001 736 2193 807 visus
2223 749 2328 808 est
2349 791 2370 823 ,
2400 760 2620 833 quem
2661 737 2741 804 in

604 846 824 920 fidem
862 861 1079 945 atque
1116 851 1498 920 amicitiam
1539 872 1776 920 meam
1813 849 2253 945 reciperem,
2295 844 2497 943 quod
2535 868 2659 916 eos
2694 869 2740 915 a

606 981 683 1030 se
711 955 1198 1030 observandos
1231 972 1303 1029 et
1332 958 1678 1031 colendos
1704 957 2007 1057 putabat
2025 1011 2045 1047 ,
2075 980 2262 1053 quos
2298 955 2418 1027 ille
2447 953 2742 1026 dilexis-

610 1081 755 1157 set,
787 1082 861 1139 et
902 1066 1171 1168 quibus
1204 1093 1410 1140 carus
1450 1066 1724 1141 fuisset.
1760 1072 2015 1167 Itaque
2053 1079 2124 1137 et
2161 1064 2250 1136 ad
2292 1089 2409 1135 me
2450 1068 2523 1135 in
2565 1063 2740 1135 Cili-

610 1180 845 1250 ciam⁴
892 1181 1128 1267 venit,
1172 1179 1568 1278 multisque
1626 1182 1702 1250 in
1754 1177 1974 1250 rebus
2019 1174 2200 1249 mihi
2249 1183 2514 1274 magno
2573 1178 2741 1246 usui

610 1284 751 1360 fuit
786 1303 859 1359 et
888 1285 1066 1360 fides
1103 1288 1294 1386 ejuS,
1333 1303 1405 1361 et
1441 1288 1867 1389 prudentia3
1900 1301 2006 1378 et,
2051 1301 2133 1358 ut
2170 1290 2456 1385 opinor,
2490 1281 2623 1355 tibi
2662 1286 2743 1354 in

607 1396 1098 1470 Alexandrino
1126 1397 1356 1489 bello,
1400 1414 1757 1503 quantum
1795 1397 2036 1469 studio
2071 1410 2144 1468 et
2177 1393 2520 1467 fidelitate
2563 1419 2742 1465 con-

609 1511 820 1604 sequi
862 1512 1142 1606 potuit,
1200 1535 1351 1582 non
1394 1507 1649 1582 defuit.
1706 1508 1924 1600 Quod
1970 1531 2202 1606 quum
2253 1519 2614 1605 speraret,
2671 1500 2770 1575 te'

614 1644 912 1717 quoque
949 1623 1047 1692 ita
1088 1625 1527 1709 existimare,
1566 1623 1642 1692 in
1686 1622 2101 1719 Hispaniam
2143 1615 2233 1689 ad
2268 1632 2380 1701 te,
2429 1618 2747 1687 maxime

613 1727 738 1800 ille
774 1729 1072 1826 quidem
1111 1756 1247 1803 suo
1287 1734 1634 1819 consilio,
1684 1729 1811 1802 sed
1856 1733 2074 1802 etiam
2109 1754 2226 1801 me
2268 1742 2598 1816 auctore,
2634 1740 2748 1798 est

612 1838 1003 1939 profectus.
1044 1843 1179 1913 Cui
1221 1867 1356 1941 ego
1392 1840 2097 1914 commendationem
2134 1864 2284 1913 non
2322 1862 2485 1909 sum
2526 1837 2745 1935 polli-

616 1953 846 2039 citus,
886 1975 1039 2023 non
1096 1956 1279 2049 quin
1330 1978 1487 2028 eam
1534 1953 1911 2027 valituram
1960 1947 2157 2049 apud
2201 1964 2272 2023 te
2316 1947 2742 2021 arbitrarer:

616 2059 746 2131 sed
781 2084 1023 2159 neque
1048 2062 1227 2132 mihi
1256 2087 1466 2160 egere
1494 2060 2127 2134 commendatione
2163 2056 2580 2143 videbatur,
2614 2060 2745 2153 qui

619 2172 810 2241 etin
863 2170 1060 2244 bello
1110 2188 1351 2246 tecum
1406 2171 1701 2261 fuisset,
1781 2184 1896 2265 et,
1951 2182 2253 2271 propter
2319 2169 2748 2241 memoriam

619 2282 892 2369 Crassi,
943 2279 1034 2352 de
1074 2286 1217 2354 tuis
1256 2307 1448 2355 unus
1489 2296 1718 2368 esset3
1765 2295 1874 2370 et,
1929 2285 1988 2352 si
2026 2284 2131 2351 uti
2176 2277 2748 2351 commendatio-

621 2386 842 2462 nibus
883 2391 1134 2480 vellet,
1192 2395 1408 2464 etiarn
1460 2417 1594 2491 per
1645 2392 1822 2464 alios
1860 2416 2028 2463 eum
2073 2388 2411 2462 videbam
2454 2388 2526 2459 id
2571 2413 2749 2459 con-

616 2504 825 2598 sequi
857 2526 1095 2600 posse.
1132 2506 1655 2580 Testimonium
1683 2505 1826 2576 mei
1861 2500 1952 2578 de
1990 2527 2077 2578 eo
2106 2500 2356 2600 judicii
2379 2553 2400 2588 ,
2439 2497 2638 2597 quod
2675 2514 2752 2570 et

618 2611 773 2709 ipse
813 2614 1054 2709 magni
1106 2612 1537 2702 aestimabat,
1582 2627 1654 2685 et
1702 2636 1835 2708 ego
1886 2611 2079 2710 apud
2133 2624 2206 2681 te
2259 2609 2495 2681 valere
2552 2634 2751 2680 eram

618 2734 992 2819 expertus,
1039 2724 1103 2793 ei
1158 2722 1467 2795 libenter
1508 2722 1695 2794 dedi.
1743 2727 2060 2794 Doctum
2115 2724 2334 2817 igitur
2381 2721 2755 2791 hominem

616 2834 962 2926 cognovi,
1002 2846 1075 2904 et
1116 2833 1369 2905 studiis
1412 2836 1709 2934 optimis
1746 2831 2114 2920 deditum,
2152 2831 2375 2929 idque
2412 2856 2453 2902 a
2487 2855 2749 2930 puero.

616 2940 803 3009 Nam
838 2938 1037 3010 domi
1079 2966 1257 3014 meae
1300 2969 1467 3015 cum
1516 2943 1837 3016 Diodoto
1877 2945 2146 3028 stoice,
2196 2941 2527 3027 homine,
2581 2964 2756 3012 meo

614 3038 929 3144 judicio,
960 3052 1473 3142 eruditissimo,
1500 3053 1818 3127 multum
1855 3078 1895 3125 a
1923 3076 2155 3152 puero
2189 3049 2350 3123 fuit.
2373 3053 2591 3122 Nunc
2619 3075 2754 3121 au-

619 3173 804 3249 tem,
833 3164 1169 3234 incensus
1204 3164 1449 3236 studio
1477 3189 1727 3236 rerum
1757 3179 2074 3252 tuarum,
2104 3187 2221 3234 eas
2250 3160 2472 3233 literis
2507 3162 2759 3256 graecis

617 3270 963 3345 mandare
1002 3276 1224 3376 cupit.
1267 3280 1477 3348 Posse
1522 3274 1880 3347 arbitror:
1920 3274 2107 3346 valet
2145 3274 2440 3371 ingenio
2477 3298 2493 3341 ε
2529 3268 2760 3352 ,ὴεὼεῑ

619 3404 835 3452 usum
870 3410 884 3452 z
918 3383 1068 3480 jam
1104 3383 1387 3487 pridem
1424 3390 1501 3457 in
1547 3411 1635 3457 eo
1676 3412 1939 3486 genere
1979 3384 2197 3456 studii
2237 3383 2758 3478 literarumque

620 3503 946 3564 versatur
999 3523 1015 3565 ε
1074 3494 1476 3568 satisfacere
1537 3497 2055 3568 immortalitati
2111 3492 2410 3566 laudum
2463 3508 2760 3564 tuarum

620 3598 1045 3675 mirabiliter
1073 3609 1295 3705 cupit.
1331 3605 1571 3678 Habes
1612 3608 1980 3706 opinionis
2010 3630 2184 3676 meae
2216 3605 2758 3688 testimonium3

624 3707 756 3779 sed
793 3724 872 3782 tu
908 3710 1049 3784 hoc
1081 3713 1357 3787 facilius
1397 3717 1667 3807 multo,
1708 3743 1845 3817 pro
1888 3733 2015 3790 tua
2051 3714 2395 3813 singulari
2430 3711 2760 3813 pruden-

626 3821 757 3907 tia,
778 3819 1156 3914 judicabis.
1182 3830 1270 3896 Et
1299 3841 1541 3899 tamen
1560 3883 1580 3916 ,
1606 3828 1805 3926 quod
1840 3850 2291 3926 negaveram,
2320 3818 2764 3897 commendo

702 4046 752 4096 3.
769 4046 942 4096 Cram‘.
957 4048 1106 4097 Periit
1123 4048 1323 4100 Publius
1338 4068 1448 4102 cum
1467 4065 1604 4119 petre
1620 4072 1648 4103 a
1810 4063 1863 4112 4.
1899 4056 1961 4102 In
1992 4053 2229 4105 Ciliciam.
2265 4054 2368 4103 Alii
2387 4087 2402 4112 ‚
2437 4053 2490 4101 in
2522 4051 2766 4104 Siciliam.

632 4126 823 4177 Parthi·
840 4127 1175 4193 internupta.
1202 4129 1295 4177 En.
1687 4131 1693 4138 ’
1734 4135 1786 4186 J.
1810 4133 1876 4182 V.
1898 4136 1951 4182 L.
