3023 4773
793 405 1374 491 EPISTOLAE‚
1414 410 1649 491 XIII,
1701 406 1812 478 36.
2282 410 2360 482 5¹

2091 597 2370 619 mmm

736 720 1363 855 EPISTOLA
1433 777 1868 857 xxxvl.

218 932 597 992 Demetrium
649 938 881 1012 Megam
924 935 983 993 in
1020 934 1154 1012 jure
1195 936 1442 994 civitatis
1483 936 1867 996 commendat.
1914 940 2177 1017 (Roma,
2219 962 2375 1000 anno

1122 1036 1196 1091 U.
1228 1036 1293 1094 C.
1326 1038 1486 1105 707.)

675 1195 770 1260 Μ.
802 1196 876 1260 Τ.
914 1197 987 1260 C.
1020 1197 1315 1261 ACILIO
1360 1197 1602 1262 PROC.
1636 1198 1701 1262 S.
1735 1198 1808 1263 P.
1847 1199 1930 1298 D.

316 1337 490 1404 Ctm
520 1332 897 1403 Demetrio
929 1336 1142 1429 Mega
1178 1330 1356 1402 mihi
1394 1346 1757 1404 vetustum
1791 1333 2192 1432 hospitium
2226 1352 2371 1423 est;

217 1442 670 1514 familiaritas
697 1446 939 1513 autem
965 1457 1195 1529 tanta,
1233 1458 1505 1539 quanta
1538 1468 1706 1515 cum
1748 1445 1987 1516 Siculo
2025 1446 2252 1518 nullo.
2289 1451 2372 1519 Ei

217 1552 603 1624 Dolabella
638 1567 895 1650 rogatu
931 1577 1097 1624 meo
1134 1555 1497 1626 civitatem
1535 1579 1576 1625 a
1609 1558 1881 1627 Caesare
1925 1557 2373 1655 impetravit:

220 1687 364 1759 qua
413 1663 491 1732 in
530 1687 609 1732 re
642 1686 777 1758 ego
809 1661 1125 1734 interfui.
1165 1668 1417 1761 Itaque
1451 1689 1652 1736 nunc
1677 1669 1752 1735 P.
1776 1667 2158 1739 Cornelius
2179 1679 2200 1710 ¹
2245 1695 2371 1741 vo-

221 1788 449 1846 catur.
481 1775 883 1870 Quumque
923 1788 1224 1872 propter
1255 1774 1608 1871 quosdam
1644 1776 1977 1848 sordidos
1998 1777 2329 1851 homines
2349 1834 2371 1869 ‚

218 1887 346 1981 qui
408 1887 705 1955 Caesaris
766 1882 1122 1956 beneficia
1172 1884 1620 1972 vendebant,
1678 1885 2035 1972 tabulam,
2090 1891 2165 1957 in
2221 1914 2370 1985 qua

216 1997 522 2065 nomina
550 1993 840 2064 civitate
875 1993 1309 2065 donatorum
1352 1996 1573 2067 incisa
1612 2011 1885 2082 essent,
1940 1998 2185 2069 revelli
2220 2000 2372 2094 jus-

214 2108 429 2176 sisset
456 2115 529 2172 2:
578 2103 814 2175 eidem
840 2103 1263 2193 Dolabellae,
1288 2130 1405 2176 me
1447 2105 1827 2193 audiente,
1875 2111 2108 2177 Caesar
2151 2107 2366 2195 dixit,

216 2215 401 2287 nihil
426 2238 622 2302 esse,
655 2213 857 2312 quod
887 2212 977 2285 de
1005 2219 1215 2311 Mega
1236 2222 1640 2302 vereretur;
1680 2213 2118 2286 beneficium
2157 2241 2371 2288 suum

213 2327 290 2397 in
335 2350 428 2398 eo
472 2349 772 2396 manere
789 2321 843 2395 ³.
885 2329 1041 2395 Hoc
1083 2339 1153 2395 te
1190 2326 1371 2397 scire
1406 2324 1643 2413 volui,
1674 2339 1758 2396 ut
1790 2349 1958 2397 eum
1987 2327 2063 2397 in
2101 2327 2365 2399 civium

212 2459 697 2507 romanorum
723 2459 1034 2505 numero
1062 2432 1408 2521 haberes;
1440 2437 1840 2532 ceterisque
1871 2437 1949 2505 in
1979 2435 2201 2508 rebus
2237 2421 2365 2509 tibi

213 2572 387 2617 eum
416 2548 520 2615 ita
548 2542 985 2615 commendo
1006 2597 1026 2632 ‚
1071 2558 1157 2613 ut
1192 2542 1465 2638 majore
1503 2544 1744 2614 studio
1778 2545 2142 2615 neminem
2169 2570 2363 2616 com-

214 2655 648 2728 mendarim.
694 2655 1195 2725 Gratissimum
1228 2652 1407 2723 mihi
1448 2651 1733 2740 seceris,
1773 2657 1829 2725 si
1870 2679 2037 2725 eum
2073 2656 2172 2726 ita
2210 2671 2360 2727 tra-

210 2769 464 2854 ctaris»,
515 2780 598 2836 ut
641 2764 1026 2862 intelligat,
1060 2788 1296 2836 meam
1339 2759 2046 2836 commendationem
2093 2790 2356 2863 magno

212 2882 351 2954 sibi
390 2894 830 2952 ornamento
874 2877 1116 2949 fuisse.

286 3085 332 3117 ι.
364 3071 421 3115 Ρ.
450 3065 727 3115 Cornelius.
750 3066 1017 3128 Assumpto
1050 3078 1243 3129 praeno-
1331 3061 1530 3127 quidam
1576 3061 1798 3110 homiues
1845 3073 1894 3110 et
1929 3063 2072 3111 luero
2115 3064 2358 3111 inhiantes

212 3151 345 3197 mine
406 3157 460 3195 et
516 3147 715 3194 nomine
759 3143 1058 3200 Dolabelloe‚
1107 3144 1246 3203 cujus
1331 3140 1624 3190 beneficium
1671 3140 1803 3190 istud
1852 3142 2062 3190 civitatis
2106 3159 2134 3190 a
2173 3142 2359 3190 Caesare

211 3226 648 3278 commendatione
684 3225 930 3274 civitatem
957 3225 1246 3287 impeti-ave·
1332 3221 1643 3286 impetratum
1670 3221 2019 3268 vendidissent.
2039 3223 2153 3269 Sca.

213 3322 302 3358 rat.
330 3309 426 3355 En.
1406 3301 1452 3349 3.
1489 3303 1550 3348 In
1584 3318 1640 3348 eo
1674 3317 1889 3348 manere.
1927 3301 2164 3362 Quamvis
2195 3300 2356 3349 tabula

280 3406 328 3436 2.
352 3384 538 3433 Revelli
546 3383 789 3447 jussisset.
808 3382 1043 3430 Tabulam
1066 3397 1246 3429 aeneam
1333 3380 1423 3427 ista
1445 3381 1586 3440 jussu
1618 3396 1708 3427 nuo
1746 3391 1868 3428 esset
1896 3380 2084 3428 revulsa
2099 3414 2113 3438 ,
2150 3396 2252 3427 non
2289 3392 2357 3428 ta-

214 3472 264 3517 in
290 3466 507 3533 publico
534 3462 683 3510 fixam
711 3461 882 3510 revelli
905 3461 1051 3523 jussit
1069 3462 1246 3520 Caesar,
1334 3475 1446 3506 men
1476 3458 1634 3506 voluit
1658 3460 1818 3510 Caesar
1843 3459 2093 3507 Demetrio
2133 3459 2246 3507 ideo
2290 3462 2360 3508 ei-

210 3547 448 3614 qnom’am
473 3544 804 3605 intellexerat,
829 3543 881 3589 in
901 3558 956 3589 ea
974 3540 1123 3588 incisa
1143 3556 1244 3588 esse
1332 3539 1535 3585 vitatem
1555 3539 1708 3603 eripi,
1741 3539 1856 3600 sed,
1875 3550 1933 3586 nt
1958 3538 2004 3585 ei
2029 3538 2202 3587 collata
2227 3551 2356 3598 erat,

208 3629 411 3678 nomiaa
466 3623 738 3675 multorum
758 3658 775 3684 ,
827 3621 1007 3687 quibus
1054 3620 1243 3668 sordidi
1332 3634 1541 3667 manere.
1562 3621 1708 3667 luxu.

1068 3878 1535 3911 -ψ-
