3023 4773
876 708 1484 791 EPISTOLA
1550 713 1798 806 XIII.

263 867 310 922 A
335 864 586 924 consule
615 866 794 943 petit,
833 879 898 925 ut
925 866 1379 948 supplicationes
1402 866 1517 926 sibi
1544 866 1840 948 decernat.
1866 868 1978 948 (Ex
2000 871 2225 946 Cilicia,
2248 893 2400 933 anno

894 967 967 1023 U.
992 967 1057 1023 C.
1082 966 1218 1038 703,
1249 983 1447 1023 mense
1467 963 1782 1044 januario.)

550 1129 642 1198 Μ.
672 1131 746 1194 Τ.
786 1132 858 1195 C.
896 1130 1076 1197 ΙΜΡ.
1105 1133 1177 1196 L.
1214 1131 1556 1198 PAULLO
1598 1133 1781 1198 COS.
1817 1133 1882 1198 S.
1917 1134 1989 1199 P.
2027 1135 2110 1199 D.

344 1273 666 1340 Maxime
699 1269 881 1341 mihi
905 1268 1044 1343 fuit
1067 1284 1434 1369 optatum,
1461 1276 1711 1342 Romae
1735 1296 1889 1344 esse
1919 1286 2196 1361 tecum,
2226 1275 2401 1345 mul-

254 1392 356 1449 tas
401 1377 506 1449 ob
549 1402 829 1465 causaS,
871 1378 998 1453 sed
1056 1384 1462 1479 praecipue,
1518 1395 1603 1454 ut
1652 1397 1726 1454 et
1778 1385 1855 1453 in
1912 1383 2269 1481 petendo,
2329 1400 2402 1456 et

254 1489 321 1558 in
370 1489 702 1586 gerendo
754 1490 1137 1562 consulatu
1190 1515 1435 1562 meum
1502 1491 1634 1564 tibi
1695 1492 2025 1565 debitum
2077 1495 2398 1567 studium

253 1600 663 1696 perspicere
682 1624 951 1697 posses.
970 1606 1072 1671 Ac
1100 1602 1467 1699 petitionis
1498 1603 1797 1700 quidem
1830 1618 1973 1675 tuae
2008 1606 2192 1676 ratio
2219 1605 2397 1676 mihi

253 1733 544 1807 semper
570 1708 707 1779 fuit
735 1709 1103 1808 explorata
1131 1737 1148 1778 ε
1197 1710 1323 1782 sed
1353 1724 1597 1782 tamen
1635 1736 1897 1784 navare
1940 1736 2235 1811 operam
2267 1739 2398 1785 vo-

251 1816 515 1890 lebam.
559 1825 647 1890 In
702 1820 1082 1891 consulatu
1140 1844 1314 1892 vero
1370 1823 1589 1918 cupio
1640 1820 1980 1918 equidem
2035 1835 2108 1893 te
2156 1827 2399 1894 minus

249 1926 523 2000 habere
558 1930 878 2026 negotii:
923 1927 1050 2000 sed
1081 1929 1384 2002 moleste
1428 1928 1617 2019 fero,
1661 1955 1779 2002 me
1822 1931 2195 2003 consulem
2240 1946 2394 2002 stu-

250 2037 453 2110 dium
481 2054 695 2111 tuum
723 2039 1200 2119 adolescentis
1235 2041 1725 2137 perspexisse3
1754 2053 1829 2109 te
1857 2064 2137 2129 meum,
2167 2066 2396 2138 quum

251 2147 317 2224 id
341 2153 573 2234 aetatiS
592 2155 751 2237 sim,
769 2151 1177 2249 perspicere
1199 2173 1350 2234 nou
1378 2172 1614 2246 posse.
1656 2148 1797 2234 Sed
1815 2150 1947 2238 ita,
1978 2148 2125 2238 fato
2153 2152 2397 2236 nescio

250 2285 423 2358 qu0‚
451 2263 839 2360 contigisse
862 2259 1196 2347 arbitror,
1227 2274 1309 2330 ut
1337 2257 1474 2330 tibi
1501 2259 1595 2330 ad
1627 2284 1742 2332 me
1769 2259 2176 2332 ornandum
2209 2286 2393 2334 sem-

249 2395 379 2469 per
414 2370 634 2444 detur
658 2370 998 2459 facultas;
1036 2368 1216 2442 mihi
1244 2368 1333 2440 ad
1362 2369 1979 2467 remunerandum
2011 2370 2190 2442 nihil
2219 2396 2392 2470 sup-

248 2497 472 2577 petat,
502 2497 765 2581 praeter
787 2482 1256 2553 voluntatem.
1285 2482 1575 2550 Ornasti
1613 2479 2097 2578 consulatum,
2123 2485 2393 2553 ornasti

247 2589 568 2677 reditum
605 2617 851 2663 meum
873 2603 920 2662 ¹.
947 2590 1210 2663 Incidit
1242 2613 1489 2661 meum
1527 2604 1816 2688 tempus
1850 2615 2093 2663 rerum
2133 2616 2391 2689 geren·

250 2698 556 2774 darum²
594 2704 669 2772 in
702 2703 941 2800 ipsum
980 2700 1438 2773 consulatum
1485 2714 1719 2771 tuum.
1766 2708 2021 2800 Itaque
2051 2728 2283 2801 quum
2319 2718 2393 2773 et

253 2827 372 2884 tua
410 2837 703 2885 summa
743 2810 1182 2911 amplitudo,
1229 2825 1302 2883 et
1342 2810 1686 2909 dignitaS,
1731 2826 1802 2883 et
1844 2837 2050 2885 meus
2091 2838 2394 2912 magnus

251 2922 516 3012 honos,
538 2947 947 3020 magnaque
984 2924 1421 2993 existimatio
1459 2920 1827 3019 postulare
1858 2921 2210 3012 videatur,
2243 2938 2325 2995 ut
2358 2949 2397 2994 a

253 3046 321 3104 te
345 3033 685 3132 plurimis
711 3029 946 3104 verbis
981 3031 1419 3103 contendam
1452 3055 1536 3103 ac
1572 3045 1816 3130 petam
1836 3085 1855 3115 ,
1882 3045 1966 3101 ut
2000 3057 2222 3129 quam
2261 3032 2398 3104 ho-

252 3139 1003 3223 notificentissimum³
1047 3139 1756 3221 senatusconsultum
1806 3139 1899 3213 de
1940 3142 2121 3213 meis
2176 3141 2398 3214 rebus

251 3256 465 3349 gestis
509 3251 937 3325 faciundum
978 3277 1230 3340 cures;
1266 3278 1416 3325 non
1458 3250 1695 3326 audeo
1733 3251 2199 3324 vehementer
2241 3276 2282 3322 a
2327 3265 2398 3324 te
2514 3315 2524 3323 .

252 3363 736 3452 contendere,
780 3389 872 3435 ne
915 3378 1041 3434 aut
1081 3365 1236 3460 ipse
1273 3377 1414 3435 tuae
1449 3377 1821 3469 perpetuae
1857 3358 2403 3433 consuetudinis

254 3496 421 3569 erga
469 3497 587 3545 me
626 3472 898 3544 oblitus
935 3497 1089 3545 esse
1122 3472 1391 3559 videar,
1452 3485 1576 3543 aut
1636 3488 1705 3543 te
1753 3469 2065 3542 oblitum
2123 3487 2397 3569 putem.

257 3584 532 3672 Quare,
563 3597 647 3653 ut
684 3598 755 3654 te
789 3582 975 3654 velle
1018 3581 1354 3670 arbitror,
1396 3583 1494 3653 ita
1536 3579 1828 3667 faciam3
1875 3593 2094 3678 atque
2139 3581 2231 3654 ab
2269 3607 2397 3671 e0,

260 3715 480 3788 quem
523 3717 780 3764 omnes
823 3708 1076 3791 gentes
1124 3694 1359 3764 sciunt
1402 3692 1494 3763 de
1538 3717 1654 3764 me
1699 3695 1979 3789 optime
2022 3696 2401 3781 meritum,

338 3938 377 3970 1.
402 3923 627 3972 [tedium
652 3940 827 3973 meum.
858 3925 937 3981 Ab
964 3924 1152 3992 opilio.
1372 3925 1461 3979 IV,
1499 3922 1577 3978 V;
1618 3921 1748 3985 Lips.
1771 3924 1984 3986 Torgav.
2020 3926 2205 3988 recepit
2242 3924 2403 3971 bono-

335 4016 380 4049 s.
402 4003 757 4051 Ger-endam.
788 4005 849 4051 In
913 4021 987 4051 .·o.
1030 3990 1211 4052 ῘΓ·
1373 3998 1754 4067 riflumissime,
1801 4012 1853 4049 nt
1885 4003 1987 4063 jam
2024 4005 2231 4066 secent,
2259 4004 2404 4068 epist.

338 4081 380 4128 3.
404 4081 658 4133 Benedict.
688 4100 716 4131 e
744 4082 891 4130 codd.
919 4080 1181 4131 Dresdeus.
1212 4083 1284 4137 ΙΙ,
1380 4095 1461 4127 ιο.
1487 4077 1614 4128 LV.
1644 4080 1696 4126 L.
