<?xml version="1.0" encoding="UTF-8"?>
<!DOCTYPE html PUBLIC "-//W3C//DTD XHTML 1.0 Transitional//EN"
    "http://www.w3.org/TR/xhtml1/DTD/xhtml1-transitional.dtd">
<html xmlns="http://www.w3.org/1999/xhtml" xml:lang="en" lang="en">
 <head>
  <title>
</title>
<meta http-equiv="Content-Type" content="text/html;charset=utf-8" />
  <meta name='ocr-system' content='tesseract 3.04.00' />
  <meta name='ocr-capabilities' content='ocr_page ocr_carea ocr_par ocr_line ocrx_word'/>
</head>
<body>
  <div class='ocr_page' id='page_1' title='image "./mtciceronisquae01bouigoog_0192.png"; bbox 0 0 3023 4773; ppageno 0'>
   <div class='ocr_carea' id='block_1_1' title="bbox 660 387 2139 465">
    <p class='ocr_par' dir='ltr' id='par_1_1' title="bbox 660 387 2139 465">
     <span class='ocr_line' id='line_1_1' title="bbox 660 387 2139 465; baseline -0.006 0"><span class='ocrx_word' id='word_1_1' title='bbox 660 387 799 465; x_wconf 68' lang='lat'>‚18²</span> <span class='ocrx_word' id='word_1_2' title='bbox 1306 389 1409 459; x_wconf 87' lang='grc' dir='ltr'>Μ.</span> <span class='ocrx_word' id='word_1_3' title='bbox 1457 388 1536 455; x_wconf 90' lang='grc' dir='ltr'>Τ.</span> <span class='ocrx_word' id='word_1_4' title='bbox 1587 387 2139 459; x_wconf 87' lang='lat' dir='ltr'>CICERONIS</span> 
     </span>
    </p>
   </div>
   <div class='ocr_carea' id='block_1_2' title="bbox 660 506 2812 2371">
    <p class='ocr_par' dir='ltr' id='par_1_2' title="bbox 660 506 2794 1267">
     <span class='ocr_line' id='line_1_2' title="bbox 660 506 2789 606; baseline 0.002 -27"><span class='ocrx_word' id='word_1_5' title='bbox 660 506 911 596; x_wconf 83' lang='lat' dir='ltr'>nobis,</span> <span class='ocrx_word' id='word_1_6' title='bbox 941 508 1068 605; x_wconf 92' lang='lat' dir='ltr'>qui</span> <span class='ocrx_word' id='word_1_7' title='bbox 1104 507 1573 605; x_wconf 61' lang='lat' dir='ltr'>proconsules</span> <span class='ocrx_word' id='word_1_8' title='bbox 1601 517 1848 579; x_wconf 83' lang='lat' dir='ltr'>sumus</span> <span class='ocrx_word' id='word_1_9' title='bbox 1869 563 1889 596; x_wconf 87' lang='lat'>,</span> <span class='ocrx_word' id='word_1_10' title='bbox 1921 508 2295 606; x_wconf 78' lang='lat' dir='ltr'>negotium</span> <span class='ocrx_word' id='word_1_11' title='bbox 2328 507 2623 582; x_wconf 82' lang='lat' dir='ltr'><strong>dederat</strong></span> <span class='ocrx_word' id='word_1_12' title='bbox 2642 565 2664 600; x_wconf 88' lang='lat'>‚</span> <span class='ocrx_word' id='word_1_13' title='bbox 2708 527 2789 584; x_wconf 86' lang='lat' dir='ltr'>ut</span> 
     </span>
     <span class='ocr_line' id='line_1_3' title="bbox 665 616 2786 720; baseline 0.002 -32"><span class='ocrx_word' id='word_1_14' title='bbox 665 641 1111 704; x_wconf 87' lang='lat' dir='ltr'>curaremus,</span> <span class='ocrx_word' id='word_1_15' title='bbox 1166 641 1261 689; x_wconf 91' lang='lat' dir='ltr'>ne</span> <span class='ocrx_word' id='word_1_16' title='bbox 1318 616 1494 715; x_wconf 89' lang='lat' dir='ltr'>quid</span> <span class='ocrx_word' id='word_1_17' title='bbox 1533 617 1942 715; x_wconf 87' lang='lat' dir='ltr'>respublica</span> <span class='ocrx_word' id='word_1_18' title='bbox 1988 617 2400 692; x_wconf 83' lang='lat' dir='ltr'><strong>detrimenti</strong></span> <span class='ocrx_word' id='word_1_19' title='bbox 2449 636 2786 720; x_wconf 84' lang='lat' dir='ltr'>caperet:</span> 
     </span>
     <span class='ocr_line' id='line_1_4' title="bbox 665 728 2792 829; baseline 0.003 -31"><span class='ocrx_word' id='word_1_20' title='bbox 665 741 1065 825; x_wconf 78' lang='lat' dir='ltr'><strong>numquam</strong></span> <span class='ocrx_word' id='word_1_21' title='bbox 1102 728 1371 824; x_wconf 84' lang='lat' dir='ltr'>majore</span> <span class='ocrx_word' id='word_1_22' title='bbox 1404 731 1481 799; x_wconf 92' lang='lat' dir='ltr'>in</span> <span class='ocrx_word' id='word_1_23' title='bbox 1518 729 1843 827; x_wconf 87' lang='lat' dir='ltr'>periculo</span> <span class='ocrx_word' id='word_1_24' title='bbox 1888 731 2133 801; x_wconf 86' lang='lat' dir='ltr'>civitas</span> <span class='ocrx_word' id='word_1_25' title='bbox 2176 728 2350 820; x_wconf 82' lang='lat' dir='ltr'>fuit3</span> <span class='ocrx_word' id='word_1_26' title='bbox 2386 757 2792 829; x_wconf 89' lang='lat' dir='ltr'>numquam</span> 
     </span>
     <span class='ocr_line' id='line_1_5' title="bbox 663 836 2794 937; baseline 0.002 -30"><span class='ocrx_word' id='word_1_27' title='bbox 663 836 980 936; x_wconf 87' lang='lat' dir='ltr'>improbi</span> <span class='ocrx_word' id='word_1_28' title='bbox 1014 840 1203 911; x_wconf 59' lang='lat' dir='ltr'>cives</span> <span class='ocrx_word' id='word_1_29' title='bbox 1240 836 1656 909; x_wconf 87' lang='lat' dir='ltr'>habuerunt</span> <span class='ocrx_word' id='word_1_30' title='bbox 1685 840 2117 937; x_wconf 82' lang='lat' dir='ltr'>paratiorem</span> <span class='ocrx_word' id='word_1_31' title='bbox 2153 840 2440 912; x_wconf 86' lang='lat' dir='ltr'>ducem.</span> <span class='ocrx_word' id='word_1_32' title='bbox 2468 842 2794 912; x_wconf 89' lang='lat' dir='ltr'>Omnino</span> 
     </span>
     <span class='ocr_line' id='line_1_6' title="bbox 663 948 2793 1050; baseline 0.001 -32"><span class='ocrx_word' id='word_1_33' title='bbox 663 972 756 1018; x_wconf 80' lang='lat' dir='ltr'>ex</span> <span class='ocrx_word' id='word_1_34' title='bbox 806 948 943 1020; x_wconf 89' lang='lat' dir='ltr'>hac</span> <span class='ocrx_word' id='word_1_35' title='bbox 988 972 1285 1048; x_wconf 87' lang='lat' dir='ltr'>quoque</span> <span class='ocrx_word' id='word_1_36' title='bbox 1340 962 1548 1045; x_wconf 87' lang='lat' dir='ltr'>parte</span> <span class='ocrx_word' id='word_1_37' title='bbox 1597 948 2134 1047; x_wconf 77' lang='lat' dir='ltr'><strong>diligentissime</strong></span> <span class='ocrx_word' id='word_1_38' title='bbox 2177 967 2651 1050; x_wconf 84' lang='lat' dir='ltr'>comparatur.</span> <span class='ocrx_word' id='word_1_39' title='bbox 2698 951 2793 1022; x_wconf 89' lang='lat' dir='ltr'>Id</span> 
     </span>
     <span class='ocr_line' id='line_1_7' title="bbox 661 1055 2792 1158; baseline 0.003 -30"><span class='ocrx_word' id='word_1_40' title='bbox 661 1055 746 1129; x_wconf 84' lang='lat' dir='ltr'>fit</span> <span class='ocrx_word' id='word_1_41' title='bbox 771 1061 1195 1131; x_wconf 86' lang='lat' dir='ltr'>auctoritate</span> <span class='ocrx_word' id='word_1_42' title='bbox 1226 1072 1300 1130; x_wconf 90' lang='lat' dir='ltr'>et</span> <span class='ocrx_word' id='word_1_43' title='bbox 1332 1055 1616 1131; x_wconf 83' lang='lat' dir='ltr'>studio⁸</span> <span class='ocrx_word' id='word_1_44' title='bbox 1646 1061 1968 1158; x_wconf 85' lang='lat' dir='ltr'>Pompeii</span> <span class='ocrx_word' id='word_1_45' title='bbox 1995 1061 2258 1149; x_wconf 86' lang='lat' dir='ltr'><strong>nostri,</strong></span> <span class='ocrx_word' id='word_1_46' title='bbox 2283 1063 2414 1158; x_wconf 90' lang='lat' dir='ltr'>qui</span> <span class='ocrx_word' id='word_1_47' title='bbox 2439 1064 2792 1136; x_wconf 61' lang='lat' dir='ltr'>Caesarem</span> 
     </span>
     <span class='ocr_line' id='line_1_8' title="bbox 663 1170 1394 1267; baseline 0 -28"><span class='ocrx_word' id='word_1_48' title='bbox 663 1191 832 1239; x_wconf 80' lang='lat' dir='ltr'>sero</span> <span class='ocrx_word' id='word_1_49' title='bbox 864 1170 1083 1267; x_wconf 88' lang='lat' dir='ltr'>eoepit</span> <span class='ocrx_word' id='word_1_50' title='bbox 1119 1170 1394 1240; x_wconf 88' lang='lat' dir='ltr'>timere.</span> 
     </span>
    </p>

    <p class='ocr_par' dir='ltr' id='par_1_3' title="bbox 664 1277 2812 2371">
     <span class='ocr_line' id='line_1_9' title="bbox 760 1277 2802 1379; baseline -0.001 -29"><span class='ocrx_word' id='word_1_51' title='bbox 760 1277 990 1350; x_wconf 86' lang='lat' dir='ltr'>Nobis</span> <span class='ocrx_word' id='word_1_52' title='bbox 1025 1283 1216 1351; x_wconf 90' lang='lat' dir='ltr'>inter</span> <span class='ocrx_word' id='word_1_53' title='bbox 1247 1278 1375 1352; x_wconf 84' lang='lat' dir='ltr'>has</span> <span class='ocrx_word' id='word_1_54' title='bbox 1407 1279 1655 1352; x_wconf 85' lang='lat' dir='ltr'>turbas</span> <span class='ocrx_word' id='word_1_55' title='bbox 1685 1295 1979 1364; x_wconf 85' lang='lat' dir='ltr'>senatus</span> <span class='ocrx_word' id='word_1_56' title='bbox 2005 1296 2246 1353; x_wconf 87' lang='lat' dir='ltr'>tamen</span> <span class='ocrx_word' id='word_1_57' title='bbox 2287 1280 2631 1379; x_wconf 86' lang='lat' dir='ltr'>frequens</span> <span class='ocrx_word' id='word_1_58' title='bbox 2664 1279 2802 1355; x_wconf 59' lang='lat' dir='ltr'>fla·⁸</span> 
     </span>
     <span class='ocr_line' id='line_1_10' title="bbox 664 1390 2806 1490; baseline 0.002 -31"><span class='ocrx_word' id='word_1_59' title='bbox 664 1392 914 1486; x_wconf 85' lang='lat' dir='ltr'>gitavit</span> <span class='ocrx_word' id='word_1_60' title='bbox 946 1390 1401 1490; x_wconf 89' lang='lat' dir='ltr'>triumphum</span> <span class='ocrx_word' id='word_1_61' title='bbox 1429 1419 1444 1461; x_wconf 74' lang='grc' dir='ltr'><strong><em>ε</em></strong></span> <span class='ocrx_word' id='word_1_62' title='bbox 1477 1390 1607 1463; x_wconf 90' lang='lat' dir='ltr'>sed</span> <span class='ocrx_word' id='word_1_63' title='bbox 1645 1391 2036 1464; x_wconf 81' lang='lat' dir='ltr'>Lentulus⁹</span> <span class='ocrx_word' id='word_1_64' title='bbox 2065 1392 2352 1476; x_wconf 88' lang='lat' dir='ltr'>consul,</span> <span class='ocrx_word' id='word_1_65' title='bbox 2384 1416 2536 1489; x_wconf 89' lang='lat' dir='ltr'>quo</span> <span class='ocrx_word' id='word_1_66' title='bbox 2562 1392 2806 1487; x_wconf 69' lang='lat' dir='ltr'>majus⁴</span> 
     </span>
     <span class='ocr_line' id='line_1_11' title="bbox 666 1500 2806 1601; baseline 0.001 -32"><span class='ocrx_word' id='word_1_67' title='bbox 666 1524 880 1571; x_wconf 87' lang='lat' dir='ltr'>suum</span> <span class='ocrx_word' id='word_1_68' title='bbox 897 1500 1337 1574; x_wconf 81' lang='lat' dir='ltr'>beneficium</span> <span class='ocrx_word' id='word_1_69' title='bbox 1359 1500 1625 1575; x_wconf 82' lang='lat' dir='ltr'>faceret</span> <span class='ocrx_word' id='word_1_70' title='bbox 1642 1557 1662 1591; x_wconf 83' lang='lat'>‚</span> <span class='ocrx_word' id='word_1_71' title='bbox 1689 1500 1905 1573; x_wconf 82' lang='lat' dir='ltr'>simul</span> <span class='ocrx_word' id='word_1_72' title='bbox 1929 1516 2149 1599; x_wconf 89' lang='lat' dir='ltr'>atque</span> <span class='ocrx_word' id='word_1_73' title='bbox 2179 1500 2608 1601; x_wconf 82' lang='lat' dir='ltr'>expedisset,</span> <span class='ocrx_word' id='word_1_74' title='bbox 2629 1526 2806 1598; x_wconf 77' lang='lat' dir='ltr'>quae</span> 
     </span>
     <span class='ocr_line' id='line_1_12' title="bbox 664 1609 2804 1710; baseline 0.001 -29"><span class='ocrx_word' id='word_1_75' title='bbox 664 1624 903 1682; x_wconf 85' lang='lat' dir='ltr'>essent</span> <span class='ocrx_word' id='word_1_76' title='bbox 938 1613 1333 1684; x_wconf 87' lang='lat' dir='ltr'>necessaria</span> <span class='ocrx_word' id='word_1_77' title='bbox 1358 1611 1449 1684; x_wconf 87' lang='lat' dir='ltr'>de</span> <span class='ocrx_word' id='word_1_78' title='bbox 1468 1609 1866 1710; x_wconf 86' lang='lat' dir='ltr'>republica,</span> <span class='ocrx_word' id='word_1_79' title='bbox 1897 1611 2077 1683; x_wconf 82' lang='lat' dir='ltr'><strong>dixit</strong></span> <span class='ocrx_word' id='word_1_80' title='bbox 2101 1636 2176 1683; x_wconf 89' lang='lat' dir='ltr'>se</span> <span class='ocrx_word' id='word_1_81' title='bbox 2203 1611 2623 1690; x_wconf 87' lang='lat' dir='ltr'>relaturum.</span> <span class='ocrx_word' id='word_1_82' title='bbox 2645 1616 2804 1685; x_wconf 82' lang='lat' dir='ltr'>Nos</span> 
     </span>
     <span class='ocr_line' id='line_1_13' title="bbox 664 1721 2800 1821; baseline 0 -30"><span class='ocrx_word' id='word_1_83' title='bbox 664 1722 943 1818; x_wconf 76' lang='lat' dir='ltr'>agimus</span> <span class='ocrx_word' id='word_1_84' title='bbox 961 1721 1140 1793; x_wconf 92' lang='lat' dir='ltr'>nihil</span> <span class='ocrx_word' id='word_1_85' title='bbox 1155 1721 1752 1820; x_wconf 87' lang='lat' dir='ltr'>cupide¹⁰‚eoque</span> <span class='ocrx_word' id='word_1_86' title='bbox 1768 1736 1875 1796; x_wconf 87' lang='lat' dir='ltr'>est</span> <span class='ocrx_word' id='word_1_87' title='bbox 1887 1737 2134 1795; x_wconf 85' lang='lat' dir='ltr'>nostra</span> <span class='ocrx_word' id='word_1_88' title='bbox 2144 1721 2370 1821; x_wconf 87' lang='lat' dir='ltr'>pluris</span> <span class='ocrx_word' id='word_1_89' title='bbox 2383 1723 2800 1793; x_wconf 86' lang='lat' dir='ltr'>auctoritas.</span> 
     </span>
     <span class='ocr_line' id='line_1_14' title="bbox 666 1831 2806 1931; baseline -0.001 -29"><span class='ocrx_word' id='word_1_90' title='bbox 666 1831 884 1903; x_wconf 69' lang='lat' dir='ltr'>Imliae</span> <span class='ocrx_word' id='word_1_91' title='bbox 920 1834 1254 1931; x_wconf 83' lang='lat' dir='ltr'>regiones</span> <span class='ocrx_word' id='word_1_92' title='bbox 1289 1832 1662 1930; x_wconf 64' lang='lat' dir='ltr'>descriptas·</span> <span class='ocrx_word' id='word_1_93' title='bbox 1692 1847 1884 1922; x_wconf 89' lang='lat' dir='ltr'>sunt,</span> <span class='ocrx_word' id='word_1_94' title='bbox 1917 1857 2135 1929; x_wconf 90' lang='lat' dir='ltr'>quam</span> <span class='ocrx_word' id='word_1_95' title='bbox 2169 1833 2479 1930; x_wconf 91' lang='lat' dir='ltr'>quisque</span> <span class='ocrx_word' id='word_1_96' title='bbox 2518 1846 2806 1929; x_wconf 86' lang='lat' dir='ltr'>partem</span> 
     </span>
     <span class='ocr_line' id='line_1_15' title="bbox 665 1940 2803 2042; baseline -0 -30"><span class='ocrx_word' id='word_1_97' title='bbox 665 1956 1011 2016; x_wconf 82' lang='lat' dir='ltr'>tueretur.</span> <span class='ocrx_word' id='word_1_98' title='bbox 1034 1947 1178 2015; x_wconf 87' lang='lat' dir='ltr'>Nos</span> <span class='ocrx_word' id='word_1_99' title='bbox 1193 1946 1543 2042; x_wconf 84' lang='lat' dir='ltr'>Capuam¹</span> <span class='ocrx_word' id='word_1_100' title='bbox 1559 1955 1579 1987; x_wconf 90' lang='lat'>¹</span> <span class='ocrx_word' id='word_1_101' title='bbox 1598 1945 2059 2042; x_wconf 86' lang='lat' dir='ltr'>sumpsimus.</span> <span class='ocrx_word' id='word_1_102' title='bbox 2081 1950 2243 2015; x_wconf 83' lang='lat' dir='ltr'>Haec</span> <span class='ocrx_word' id='word_1_103' title='bbox 2270 1956 2342 2013; x_wconf 91' lang='lat' dir='ltr'>te</span> <span class='ocrx_word' id='word_1_104' title='bbox 2372 1942 2555 2013; x_wconf 87' lang='lat' dir='ltr'>scire</span> <span class='ocrx_word' id='word_1_105' title='bbox 2572 1940 2803 2012; x_wconf 85' lang='lat' dir='ltr'>volui.</span> 
     </span>
     <span class='ocr_line' id='line_1_16' title="bbox 665 2053 2810 2151; baseline 0.001 -30"><span class='ocrx_word' id='word_1_106' title='bbox 665 2056 776 2122; x_wconf 89' lang='lat' dir='ltr'>Tu</span> <span class='ocrx_word' id='word_1_107' title='bbox 814 2054 1028 2132; x_wconf 88' lang='lat' dir='ltr'>etiam</span> <span class='ocrx_word' id='word_1_108' title='bbox 1063 2067 1280 2150; x_wconf 87' lang='lat' dir='ltr'>atque</span> <span class='ocrx_word' id='word_1_109' title='bbox 1318 2058 1533 2125; x_wconf 84' lang='lat' dir='ltr'>etiam</span> <span class='ocrx_word' id='word_1_110' title='bbox 1573 2079 1786 2144; x_wconf 84' lang='lat' dir='ltr'>cura,</span> <span class='ocrx_word' id='word_1_111' title='bbox 1824 2069 1907 2126; x_wconf 91' lang='lat' dir='ltr'>ut</span> <span class='ocrx_word' id='word_1_112' title='bbox 1945 2054 2214 2141; x_wconf 79' lang='lat' dir='ltr'>valeaS‚</span> <span class='ocrx_word' id='word_1_113' title='bbox 2265 2053 2651 2151; x_wconf 82' lang='lat' dir='ltr'>literasque</span> <span class='ocrx_word' id='word_1_114' title='bbox 2709 2053 2810 2123; x_wconf 87' lang='lat' dir='ltr'>ad</span> 
     </span>
     <span class='ocr_line' id='line_1_17' title="bbox 667 2161 2812 2260; baseline -0.001 -24"><span class='ocrx_word' id='word_1_115' title='bbox 667 2183 786 2236; x_wconf 86' lang='lat' dir='ltr'>me</span> <span class='ocrx_word' id='word_1_116' title='bbox 822 2164 1094 2255; x_wconf 62' lang='lat' dir='ltr'>mittam,</span> <span class='ocrx_word' id='word_1_117' title='bbox 1144 2163 1752 2260; x_wconf 86' lang='lat' dir='ltr'>quotiescumque</span> <span class='ocrx_word' id='word_1_118' title='bbox 1796 2161 2129 2251; x_wconf 88' lang='lat' dir='ltr'>habebis,</span> <span class='ocrx_word' id='word_1_119' title='bbox 2180 2164 2299 2236; x_wconf 88' lang='lat' dir='ltr'>cui</span> <span class='ocrx_word' id='word_1_120' title='bbox 2352 2161 2501 2234; x_wconf 87' lang='lat' dir='ltr'>des.</span> <span class='ocrx_word' id='word_1_121' title='bbox 2565 2163 2812 2236; x_wconf 88' lang='lat' dir='ltr'>Etiam</span> 
     </span>
     <span class='ocr_line' id='line_1_18' title="bbox 668 2272 2117 2371; baseline 0.003 -33"><span class='ocrx_word' id='word_1_122' title='bbox 668 2282 889 2366; x_wconf 83' lang='lat' dir='ltr'>atque</span> <span class='ocrx_word' id='word_1_123' title='bbox 926 2275 1143 2343; x_wconf 89' lang='lat' dir='ltr'>etiam</span> <span class='ocrx_word' id='word_1_124' title='bbox 1181 2272 1360 2344; x_wconf 84' lang='lat' dir='ltr'>vale.</span> <span class='ocrx_word' id='word_1_125' title='bbox 1391 2276 1479 2344; x_wconf 90' lang='lat' dir='ltr'>D.</span> <span class='ocrx_word' id='word_1_126' title='bbox 1509 2272 1742 2371; x_wconf 88' lang='lat' dir='ltr'>pridie</span> <span class='ocrx_word' id='word_1_127' title='bbox 1777 2274 1941 2346; x_wconf 87' lang='lat' dir='ltr'>idus</span> <span class='ocrx_word' id='word_1_128' title='bbox 1969 2273 2117 2369; x_wconf 84' lang='lat' dir='ltr'>jan.</span> 
     </span>
    </p>
   </div>
   <div class='ocr_carea' id='block_1_3' title="bbox 664 2414 1692 2579">
    <p class='ocr_par' dir='ltr' id='par_1_4' title="bbox 664 2414 1692 2579">
     <span class='ocr_line' id='line_1_19' title="bbox 667 2414 1687 2502; baseline 0.007 -27"><span class='ocrx_word' id='word_1_129' title='bbox 667 2414 850 2477; x_wconf 57' lang='lat' dir='ltr'>factum</span> <span class='ocrx_word' id='word_1_130' title='bbox 873 2442 1015 2489; x_wconf 73' lang='lat' dir='ltr'>esset,</span> <span class='ocrx_word' id='word_1_131' title='bbox 1033 2447 1295 2495; x_wconf 78' lang='lat' dir='ltr'>numquam</span> <span class='ocrx_word' id='word_1_132' title='bbox 1314 2434 1498 2502; x_wconf 75' lang='lat' dir='ltr'>majore</span> <span class='ocrx_word' id='word_1_133' title='bbox 1523 2435 1578 2482; x_wconf 83' lang='lat' dir='ltr'>in</span> <span class='ocrx_word' id='word_1_134' title='bbox 1603 2451 1687 2499; x_wconf 81' lang='lat' dir='ltr'>pe-</span> 
     </span>
     <span class='ocr_line' id='line_1_20' title="bbox 664 2507 1692 2579; baseline 0.007 -24"><span class='ocrx_word' id='word_1_135' title='bbox 664 2507 825 2557; x_wconf 81' lang='lat' dir='ltr'>riculo</span> <span class='ocrx_word' id='word_1_136' title='bbox 859 2525 1012 2575; x_wconf 83' lang='lat' dir='ltr'>remp.</span> <span class='ocrx_word' id='word_1_137' title='bbox 1041 2510 1211 2560; x_wconf 70' lang='lat' dir='ltr'>fuisse.</span> <span class='ocrx_word' id='word_1_138' title='bbox 1245 2512 1340 2560; x_wconf 85' lang='lat' dir='ltr'>Sed</span> <span class='ocrx_word' id='word_1_139' title='bbox 1360 2518 1692 2579; x_wconf 72' lang='lat' dir='ltr'>posteaquam</span> 
     </span>
    </p>
   </div>
   <div class='ocr_carea' id='block_1_4' title="bbox 1776 2433 2817 2565">
    <p class='ocr_par' dir='ltr' id='par_1_5' title="bbox 1776 2433 2817 2565">
     <span class='ocr_line' id='line_1_21' title="bbox 1776 2433 2817 2493; baseline 0.002 -11"><span class='ocrx_word' id='word_1_140' title='bbox 1776 2433 2051 2483; x_wconf 76' lang='lat' dir='ltr'>Cruseellns</span> <span class='ocrx_word' id='word_1_141' title='bbox 2069 2470 2083 2493; x_wconf 87' lang='lat'><strong>‚</strong></span> <span class='ocrx_word' id='word_1_142' title='bbox 2106 2445 2225 2483; x_wconf 82' lang='lat' dir='ltr'>tunc</span> <span class='ocrx_word' id='word_1_143' title='bbox 2246 2434 2418 2484; x_wconf 71' lang='lat' dir='ltr'>consul</span> <span class='ocrx_word' id='word_1_144' title='bbox 2436 2451 2550 2483; x_wconf 84' lang='lat' dir='ltr'>enm</span> <span class='ocrx_word' id='word_1_145' title='bbox 2577 2433 2634 2484; x_wconf 87' lang='lat' dir='ltr'>C.</span> <span class='ocrx_word' id='word_1_146' title='bbox 2655 2435 2817 2485; x_wconf 74' lang='lat' dir='ltr'>clm·</span> 
     </span>
     <span class='ocr_line' id='line_1_22' title="bbox 1777 2514 2259 2565; baseline -0.002 -3"><span class='ocrx_word' id='word_1_147' title='bbox 1777 2514 1865 2563; x_wconf 83' lang='lat' dir='ltr'>dio</span> <span class='ocrx_word' id='word_1_148' title='bbox 1884 2514 2139 2565; x_wconf 74' lang='lat' dir='ltr'>Marcello.</span> <span class='ocrx_word' id='word_1_149' title='bbox 2166 2515 2259 2562; x_wconf 81' lang='lat' dir='ltr'>En.</span> 
     </span>
    </p>
   </div>
   <div class='ocr_carea' id='block_1_5' title="bbox 666 2590 1690 3135">
    <p class='ocr_par' dir='ltr' id='par_1_6' title="bbox 666 2590 1690 3135">
     <span class='ocr_line' id='line_1_23' title="bbox 666 2590 1690 2656; baseline 0.007 -21"><span class='ocrx_word' id='word_1_150' title='bbox 666 2600 769 2636; x_wconf 76' lang='lat' dir='ltr'>non</span> <span class='ocrx_word' id='word_1_151' title='bbox 821 2604 976 2637; x_wconf 65' lang='lat' dir='ltr'>caum</span> <span class='ocrx_word' id='word_1_152' title='bbox 989 2626 1006 2653; x_wconf 82' lang='lat'>,</span> <span class='ocrx_word' id='word_1_153' title='bbox 1046 2590 1134 2639; x_wconf 74' lang='lat' dir='ltr'>sed</span> <span class='ocrx_word' id='word_1_154' title='bbox 1178 2593 1412 2656; x_wconf 72' lang='lat' dir='ltr'>temporis</span> <span class='ocrx_word' id='word_1_155' title='bbox 1453 2595 1690 2649; x_wconf 81' lang='lat' dir='ltr'>rationem</span> 
     </span>
     <span class='ocr_line' id='line_1_24' title="bbox 668 2667 1620 2734; baseline 0.006 -19"><span class='ocrx_word' id='word_1_156' title='bbox 668 2667 847 2716; x_wconf 82' lang='lat' dir='ltr'>reddit.</span> <span class='ocrx_word' id='word_1_157' title='bbox 868 2669 1007 2716; x_wconf 84' lang='lat' dir='ltr'>Nihil</span> <span class='ocrx_word' id='word_1_158' title='bbox 1033 2670 1181 2734; x_wconf 77' lang='lat' dir='ltr'>igitur</span> <span class='ocrx_word' id='word_1_159' title='bbox 1206 2671 1508 2720; x_wconf 77' lang='lat' dir='ltr'>mutandum.</span> <span class='ocrx_word' id='word_1_160' title='bbox 1527 2674 1620 2721; x_wconf 85' lang='lat' dir='ltr'>En.</span> 
     </span>
     <span class='ocr_line' id='line_1_25' title="bbox 740 2747 1689 2814; baseline 0.004 -18"><span class='ocrx_word' id='word_1_161' title='bbox 740 2747 791 2796; x_wconf 76' lang='lat'>8.</span> <span class='ocrx_word' id='word_1_162' title='bbox 838 2749 1172 2814; x_wconf 77' lang='lat' dir='ltr'>Compar-amr.</span> <span class='ocrx_word' id='word_1_163' title='bbox 1211 2753 1413 2800; x_wconf 77' lang='lat' dir='ltr'>Veteres</span> <span class='ocrx_word' id='word_1_164' title='bbox 1466 2750 1689 2801; x_wconf 74' lang='lat' dir='ltr'>absolute</span> 
     </span>
     <span class='ocr_line' id='line_1_26' title="bbox 667 2829 1690 2897; baseline 0.004 -21"><span class='ocrx_word' id='word_1_165' title='bbox 667 2838 981 2893; x_wconf 65' lang='lat' dir='ltr'>comparare,</span> <span class='ocrx_word' id='word_1_166' title='bbox 1032 2829 1280 2880; x_wconf 73' lang='lat' dir='ltr'>intellecto</span> <span class='ocrx_word' id='word_1_167' title='bbox 1340 2848 1405 2883; x_wconf 76' lang='lat' dir='ltr'>ex</span> <span class='ocrx_word' id='word_1_168' title='bbox 1453 2832 1690 2897; x_wconf 77' lang='lat' dir='ltr'>proximis</span> 
     </span>
     <span class='ocr_line' id='line_1_27' title="bbox 669 2907 1687 2974; baseline 0.005 -20"><span class='ocrx_word' id='word_1_169' title='bbox 669 2907 793 2971; x_wconf 85' lang='lat' dir='ltr'>quid</span> <span class='ocrx_word' id='word_1_170' title='bbox 824 2918 1149 2974; x_wconf 80' lang='lat' dir='ltr'>comparetur,</span> <span class='ocrx_word' id='word_1_171' title='bbox 1178 2921 1341 2959; x_wconf 82' lang='lat' dir='ltr'>amant</span> <span class='ocrx_word' id='word_1_172' title='bbox 1371 2911 1462 2959; x_wconf 85' lang='lat' dir='ltr'>uti.</span> <span class='ocrx_word' id='word_1_173' title='bbox 1500 2911 1687 2970; x_wconf 71' lang='lat' dir='ltr'>Livius,</span> 
     </span>
     <span class='ocr_line' id='line_1_28' title="bbox 667 2988 1688 3049; baseline 0.004 -13"><span class='ocrx_word' id='word_1_174' title='bbox 667 2988 972 3049; x_wconf 72' lang='lat' dir='ltr'>xxxvm,</span> <span class='ocrx_word' id='word_1_175' title='bbox 1002 3005 1083 3040; x_wconf 73' lang='grc' dir='ltr'><strong>η.</strong></span> <span class='ocrx_word' id='word_1_176' title='bbox 1097 2990 1224 3038; x_wconf 82' lang='lat' dir='ltr'>Vide</span> <span class='ocrx_word' id='word_1_177' title='bbox 1246 2989 1319 3049; x_wconf 83' lang='lat' dir='ltr'>ibi</span> <span class='ocrx_word' id='word_1_178' title='bbox 1343 3000 1446 3038; x_wconf 81' lang='lat' dir='ltr'>not.</span> <span class='ocrx_word' id='word_1_179' title='bbox 1459 2993 1688 3040; x_wconf 80' lang='lat' dir='ltr'>Gronov.</span> 
     </span>
     <span class='ocr_line' id='line_1_29' title="bbox 740 3069 1690 3135; baseline 0.001 -18"><span class='ocrx_word' id='word_1_180' title='bbox 740 3083 792 3131; x_wconf 79' lang='grc'><strong>9.</strong></span> <span class='ocrx_word' id='word_1_181' title='bbox 822 3069 1066 3118; x_wconf 76' lang='lat' dir='ltr'>Lentulus.</span> <span class='ocrx_word' id='word_1_182' title='bbox 1094 3070 1401 3135; x_wconf 79' lang='lat' dir='ltr'>Cognomine</span> <span class='ocrx_word' id='word_1_183' title='bbox 1434 3071 1584 3129; x_wconf 76' lang='lat' dir='ltr'>Cras,</span> <span class='ocrx_word' id='word_1_184' title='bbox 1609 3070 1690 3119; x_wconf 80' lang='lat' dir='ltr'>vel</span> 
     </span>
    </p>
   </div>
   <div class='ocr_carea' id='block_1_6' title="bbox 944 3243 1217 3265">
    <p class='ocr_par' dir='ltr' id='par_1_7' title="bbox 944 3243 1217 3265">
     <span class='ocr_line' id='line_1_30' title="bbox 944 3243 1217 3265; baseline 0 1508"><span class='ocrx_word' id='word_1_185' title='bbox 944 3243 1217 3265; x_wconf 95' lang='lat' dir='ltr'> </span> 
     </span>
    </p>
   </div>
   <div class='ocr_carea' id='block_1_7' title="bbox 668 3243 941 3269">
    <p class='ocr_par' dir='ltr' id='par_1_8' title="bbox 668 3243 941 3269">
     <span class='ocr_line' id='line_1_31' title="bbox 668 3243 941 3269; baseline 0.007 -7"><span class='ocrx_word' id='word_1_186' title='bbox 668 3243 941 3269; x_wconf 58' lang='lat' dir='ltr'>mm</span> 
     </span>
    </p>
   </div>
   <div class='ocr_carea' id='block_1_8' title="bbox 1776 2594 2823 3131">
    <p class='ocr_par' dir='ltr' id='par_1_9' title="bbox 1776 2594 2823 2962">
     <span class='ocr_line' id='line_1_32' title="bbox 1854 2594 2822 2659; baseline 0.001 -16"><span class='ocrx_word' id='word_1_187' title='bbox 1854 2611 1931 2645; x_wconf 79' lang='lat' dir='ltr'>to.</span> <span class='ocrx_word' id='word_1_188' title='bbox 1963 2594 2105 2647; x_wconf 70' lang='lat' dir='ltr'><em>Nihil</em></span> <span class='ocrx_word' id='word_1_189' title='bbox 2137 2594 2325 2659; x_wconf 72' lang='lat' dir='ltr'>cupide.</span> <span class='ocrx_word' id='word_1_190' title='bbox 2353 2596 2427 2642; x_wconf 91' lang='lat' dir='ltr'>De</span> <span class='ocrx_word' id='word_1_191' title='bbox 2467 2609 2574 2659; x_wconf 82' lang='lat' dir='ltr'>rep.</span> <span class='ocrx_word' id='word_1_192' title='bbox 2607 2609 2712 2641; x_wconf 82' lang='lat' dir='ltr'>non</span> <span class='ocrx_word' id='word_1_193' title='bbox 2742 2596 2822 2644; x_wconf 73' lang='lat' dir='ltr'>do</span> 
     </span>
     <span class='ocr_line' id='line_1_33' title="bbox 1777 2674 2823 2738; baseline 0 -15"><span class='ocrx_word' id='word_1_194' title='bbox 1777 2675 2045 2738; x_wconf 82' lang='lat' dir='ltr'>triumpho.</span> <span class='ocrx_word' id='word_1_195' title='bbox 2082 2676 2250 2723; x_wconf 75' lang='lat' dir='ltr'>Potest</span> <span class='ocrx_word' id='word_1_196' title='bbox 2293 2684 2452 2722; x_wconf 74' lang='lat' dir='ltr'>tamen</span> <span class='ocrx_word' id='word_1_197' title='bbox 2490 2674 2595 2722; x_wconf 77' lang='lat' dir='ltr'>haee</span> <span class='ocrx_word' id='word_1_198' title='bbox 2637 2674 2823 2723; x_wconf 75' lang='lat' dir='ltr'>mode·</span> 
     </span>
     <span class='ocr_line' id='line_1_34' title="bbox 1776 2752 2819 2818; baseline -0.002 -15"><span class='ocrx_word' id='word_1_199' title='bbox 1776 2756 1945 2803; x_wconf 69' lang='lat' dir='ltr'>remia</span> <span class='ocrx_word' id='word_1_200' title='bbox 1980 2752 2271 2818; x_wconf 72' lang='lat' dir='ltr'>significatio</span> <span class='ocrx_word' id='word_1_201' title='bbox 2307 2754 2370 2802; x_wconf 76' lang='lat' dir='ltr'>ad</span> <span class='ocrx_word' id='word_1_202' title='bbox 2403 2764 2664 2817; x_wconf 83' lang='lat' dir='ltr'>utrumque</span> <span class='ocrx_word' id='word_1_203' title='bbox 2689 2769 2819 2817; x_wconf 77' lang='lat' dir='ltr'>spe·</span> 
     </span>
     <span class='ocr_line' id='line_1_35' title="bbox 1777 2833 2823 2898; baseline -0.001 -16"><span class='ocrx_word' id='word_1_204' title='bbox 1777 2844 1922 2882; x_wconf 72' lang='lat' dir='ltr'>ctare.</span> <span class='ocrx_word' id='word_1_205' title='bbox 1958 2833 2039 2881; x_wconf 80' lang='lat' dir='ltr'>Sic</span> <span class='ocrx_word' id='word_1_206' title='bbox 2068 2849 2178 2898; x_wconf 79' lang='lat' dir='ltr'>sup.</span> <span class='ocrx_word' id='word_1_207' title='bbox 2205 2849 2284 2897; x_wconf 79' lang='lat' dir='ltr'>ep.</span> <span class='ocrx_word' id='word_1_208' title='bbox 2308 2848 2342 2897; x_wconf 75' lang='lat'><strong>⁹</strong></span> <span class='ocrx_word' id='word_1_209' title='bbox 2373 2846 2390 2882; x_wconf 77' lang='lat' dir='ltr'><strong><em>z</em></strong></span> <span class='ocrx_word' id='word_1_210' title='bbox 2422 2833 2565 2882; x_wconf 78' lang='lat' dir='ltr'>-Noe</span> <span class='ocrx_word' id='word_1_211' title='bbox 2604 2847 2823 2896; x_wconf 66' lang='lat' dir='ltr'>egemus</span> 
     </span>
     <span class='ocr_line' id='line_1_36' title="bbox 1778 2913 2333 2962; baseline 0.004 -2"><span class='ocrx_word' id='word_1_212' title='bbox 1778 2913 1942 2961; x_wconf 80' lang='lat' dir='ltr'>omnia</span> <span class='ocrx_word' id='word_1_213' title='bbox 1970 2913 2163 2961; x_wconf 79' lang='lat' dir='ltr'>modice</span> <span class='ocrx_word' id='word_1_214' title='bbox 2174 2935 2216 2961; x_wconf 85' lang='lat'>-.</span> <span class='ocrx_word' id='word_1_215' title='bbox 2241 2914 2333 2962; x_wconf 82' lang='lat' dir='ltr'>En.</span> 
     </span>
    </p>

    <p class='ocr_par' dir='ltr' id='par_1_10' title="bbox 1777 2990 2821 3131">
     <span class='ocr_line' id='line_1_37' title="bbox 1855 2990 2821 3057; baseline -0.001 -18"><span class='ocrx_word' id='word_1_216' title='bbox 1855 3007 1935 3056; x_wconf 81' lang='lat' dir='ltr'>u.</span> <span class='ocrx_word' id='word_1_217' title='bbox 1983 2994 2089 3042; x_wconf 77' lang='lat' dir='ltr'>Nos</span> <span class='ocrx_word' id='word_1_218' title='bbox 2142 2992 2384 3057; x_wconf 78' lang='lat' dir='ltr'>Capuam.</span> <span class='ocrx_word' id='word_1_219' title='bbox 2435 2990 2514 3040; x_wconf 74' lang='lat' dir='ltr'>Ad</span> <span class='ocrx_word' id='word_1_220' title='bbox 2555 2990 2821 3049; x_wconf 73' lang='lat' dir='ltr'>Atticum,</span> 
     </span>
     <span class='ocr_line' id='line_1_38' title="bbox 1777 3074 2026 3131; baseline 0.008 -12"><span class='ocrx_word' id='word_1_221' title='bbox 1777 3074 1903 3131; x_wconf 83' lang='lat' dir='ltr'>vn,</span> <span class='ocrx_word' id='word_1_222' title='bbox 1944 3087 2026 3121; x_wconf 77' lang='grc' dir='ltr'>ιι.</span> 
     </span>
    </p>
   </div>
   <div class='ocr_carea' id='block_1_9' title="bbox 1859 3244 2792 3266">
    <p class='ocr_par' dir='ltr' id='par_1_11' title="bbox 1859 3244 2792 3266">
     <span class='ocr_line' id='line_1_39' title="bbox 1859 3244 2792 3266; baseline -0.003 -1"><span class='ocrx_word' id='word_1_223' title='bbox 1859 3246 2133 3266; x_wconf 64' lang='lat' dir='ltr'>m</span> <span class='ocrx_word' id='word_1_224' title='bbox 2685 3244 2792 3263; x_wconf 59' lang='lat' dir='ltr'>m</span> 
     </span>
    </p>
   </div>
   <div class='ocr_carea' id='block_1_10' title="bbox 1314 3368 2167 3453">
    <p class='ocr_par' dir='ltr' id='par_1_12' title="bbox 1314 3368 2167 3453">
     <span class='ocr_line' id='line_1_40' title="bbox 1314 3368 2167 3453; baseline 0 -6"><span class='ocrx_word' id='word_1_225' title='bbox 1314 3368 1916 3453; x_wconf 89' lang='lat' dir='ltr'><strong>EPISTOLA</strong></span> <span class='ocrx_word' id='word_1_226' title='bbox 1966 3370 2167 3448; x_wconf 90' lang='lat' dir='ltr'><strong>XII.</strong></span> 
     </span>
    </p>
   </div>
   <div class='ocr_carea' id='block_1_11' title="bbox 670 3506 2830 3785">
    <p class='ocr_par' dir='ltr' id='par_1_13' title="bbox 670 3506 2830 3785">
     <span class='ocr_line' id='line_1_41' title="bbox 670 3506 2824 3589; baseline 0 -22"><span class='ocrx_word' id='word_1_227' title='bbox 670 3506 952 3588; x_wconf 79' lang='lat' dir='ltr'>Deplorat</span> <span class='ocrx_word' id='word_1_228' title='bbox 980 3522 1191 3569; x_wconf 84' lang='lat' dir='ltr'>statum</span> <span class='ocrx_word' id='word_1_229' title='bbox 1217 3507 1555 3589; x_wconf 80' lang='lat' dir='ltr'>reipublicae</span> <span class='ocrx_word' id='word_1_230' title='bbox 1571 3556 1590 3584; x_wconf 91' lang='lat'>,</span> <span class='ocrx_word' id='word_1_231' title='bbox 1622 3510 1786 3573; x_wconf 86' lang='lat' dir='ltr'>initia</span> <span class='ocrx_word' id='word_1_232' title='bbox 1812 3506 1956 3569; x_wconf 85' lang='lat' dir='ltr'>belli</span> <span class='ocrx_word' id='word_1_233' title='bbox 1983 3508 2169 3569; x_wconf 83' lang='lat' dir='ltr'>civilis</span> <span class='ocrx_word' id='word_1_234' title='bbox 2196 3512 2461 3588; x_wconf 83' lang='lat' dir='ltr'>exponit3</span> <span class='ocrx_word' id='word_1_235' title='bbox 2488 3510 2775 3569; x_wconf 87' lang='lat' dir='ltr'>Tironem</span> <span class='ocrx_word' id='word_1_236' title='bbox 2801 3555 2824 3582; x_wconf 89' lang='lat'>‚</span> 
     </span>
     <span class='ocr_line' id='line_1_42' title="bbox 747 3604 2830 3689; baseline 0.001 -25"><span class='ocrx_word' id='word_1_237' title='bbox 747 3620 814 3665; x_wconf 88' lang='lat' dir='ltr'>ut</span> <span class='ocrx_word' id='word_1_238' title='bbox 859 3606 1194 3667; x_wconf 81' lang='lat' dir='ltr'>valitudinis</span> <span class='ocrx_word' id='word_1_239' title='bbox 1240 3607 1525 3672; x_wconf 86' lang='lat' dir='ltr'>rationem</span> <span class='ocrx_word' id='word_1_240' title='bbox 1573 3604 1866 3689; x_wconf 85' lang='lat' dir='ltr'>rediturus</span> <span class='ocrx_word' id='word_1_241' title='bbox 1911 3606 2152 3683; x_wconf 83' lang='lat' dir='ltr'>habeat,</span> <span class='ocrx_word' id='word_1_242' title='bbox 2201 3608 2491 3677; x_wconf 86' lang='lat' dir='ltr'>admonet.</span> <span class='ocrx_word' id='word_1_243' title='bbox 2527 3609 2782 3685; x_wconf 79' lang='lat' dir='ltr'>(Capuae</span> <span class='ocrx_word' id='word_1_244' title='bbox 2802 3653 2830 3681; x_wconf 82' lang='lat'>‚</span> 
     </span>
     <span class='ocr_line' id='line_1_43' title="bbox 747 3704 1820 3785; baseline 0 -22"><span class='ocrx_word' id='word_1_245' title='bbox 747 3722 900 3763; x_wconf 83' lang='lat' dir='ltr'>anno</span> <span class='ocrx_word' id='word_1_246' title='bbox 925 3710 1001 3766; x_wconf 90' lang='lat' dir='ltr'>U.</span> <span class='ocrx_word' id='word_1_247' title='bbox 1022 3710 1089 3766; x_wconf 86' lang='lat' dir='ltr'>C.</span> <span class='ocrx_word' id='word_1_248' title='bbox 1117 3715 1231 3779; x_wconf 71' lang='lat'>7⁰6</span> <span class='ocrx_word' id='word_1_249' title='bbox 1247 3749 1265 3779; x_wconf 90' lang='lat'>‚</span> <span class='ocrx_word' id='word_1_250' title='bbox 1292 3722 1492 3765; x_wconf 79' lang='lat' dir='ltr'>mense</span> <span class='ocrx_word' id='word_1_251' title='bbox 1505 3704 1820 3785; x_wconf 70' lang='lat' dir='ltr'>januario.)</span> 
     </span>
    </p>
   </div>
   <div class='ocr_carea' id='block_1_12' title="bbox 1129 3836 2307 3920">
    <p class='ocr_par' dir='ltr' id='par_1_14' title="bbox 1129 3836 2307 3920">
     <span class='ocr_line' id='line_1_44' title="bbox 1129 3836 2307 3920; baseline -0.002 0"><span class='ocrx_word' id='word_1_252' title='bbox 1129 3855 1229 3920; x_wconf 83' lang='lat' dir='ltr'>M.</span> <span class='ocrx_word' id='word_1_253' title='bbox 1253 3838 1329 3919; x_wconf 82' lang='grc' dir='ltr'><strong>Τ.</strong></span> <span class='ocrx_word' id='word_1_254' title='bbox 1366 3855 1441 3919; x_wconf 80' lang='lat' dir='ltr'>e.</span> <span class='ocrx_word' id='word_1_255' title='bbox 1466 3836 1767 3919; x_wconf 79' lang='lat' dir='ltr'>Tmom</span> <span class='ocrx_word' id='word_1_256' title='bbox 1810 3852 1974 3917; x_wconf 82' lang='lat' dir='ltr'>suo</span> <span class='ocrx_word' id='word_1_257' title='bbox 2020 3854 2084 3918; x_wconf 82' lang='lat' dir='ltr'>S.</span> <span class='ocrx_word' id='word_1_258' title='bbox 2120 3853 2192 3918; x_wconf 87' lang='lat' dir='ltr'>P.</span> <span class='ocrx_word' id='word_1_259' title='bbox 2228 3853 2307 3918; x_wconf 83' lang='lat' dir='ltr'>n.</span> 
     </span>
    </p>
   </div>
   <div class='ocr_carea' id='block_1_13' title="bbox 669 3964 2825 4176">
    <p class='ocr_par' dir='ltr' id='par_1_15' title="bbox 669 3964 2825 4176">
     <span class='ocr_line' id='line_1_45' title="bbox 762 3964 2825 4058; baseline 0.001 -21"><span class='ocrx_word' id='word_1_260' title='bbox 762 3969 933 4058; x_wconf 81' lang='lat' dir='ltr'>Quo</span> <span class='ocrx_word' id='word_1_261' title='bbox 969 3970 1045 4037; x_wconf 90' lang='lat' dir='ltr'>in</span> <span class='ocrx_word' id='word_1_262' title='bbox 1076 3966 1492 4040; x_wconf 79' lang='lat' dir='ltr'>‘discrimine</span> <span class='ocrx_word' id='word_1_263' title='bbox 1528 3981 1854 4040; x_wconf 84' lang='lat' dir='ltr'>versetur</span> <span class='ocrx_word' id='word_1_264' title='bbox 1891 3968 2082 4040; x_wconf 86' lang='lat' dir='ltr'>salus</span> <span class='ocrx_word' id='word_1_265' title='bbox 2121 3991 2280 4040; x_wconf 89' lang='lat' dir='ltr'>mea</span> <span class='ocrx_word' id='word_1_266' title='bbox 2312 3978 2386 4039; x_wconf 89' lang='lat' dir='ltr'>et</span> <span class='ocrx_word' id='word_1_267' title='bbox 2430 3964 2825 4039; x_wconf 83' lang='lat' dir='ltr'>bonorum</span> 
     </span>
     <span class='ocr_line' id='line_1_46' title="bbox 669 4076 2822 4176; baseline 0 -27"><span class='ocrx_word' id='word_1_268' title='bbox 669 4077 991 4149; x_wconf 81' lang='lat' dir='ltr'>omnium</span> <span class='ocrx_word' id='word_1_269' title='bbox 1018 4091 1235 4173; x_wconf 87' lang='lat' dir='ltr'>atque</span> <span class='ocrx_word' id='word_1_270' title='bbox 1253 4080 1601 4151; x_wconf 67' lang='lat' dir='ltr'>universae</span> <span class='ocrx_word' id='word_1_271' title='bbox 1621 4076 2032 4176; x_wconf 80' lang='lat' dir='ltr'>reipublicae</span> <span class='ocrx_word' id='word_1_272' title='bbox 2052 4133 2070 4166; x_wconf 90' lang='lat'>‚</span> <span class='ocrx_word' id='word_1_273' title='bbox 2101 4102 2190 4149; x_wconf 88' lang='lat' dir='ltr'>ex</span> <span class='ocrx_word' id='word_1_274' title='bbox 2226 4100 2314 4148; x_wconf 92' lang='lat' dir='ltr'>eo</span> <span class='ocrx_word' id='word_1_275' title='bbox 2346 4079 2528 4149; x_wconf 87' lang='lat' dir='ltr'>scire</span> <span class='ocrx_word' id='word_1_276' title='bbox 2554 4092 2767 4174; x_wconf 78' lang='lat' dir='ltr'>potes</span> <span class='ocrx_word' id='word_1_277' title='bbox 2793 4132 2822 4165; x_wconf 76' lang='lat'><strong><em>‚</em></strong></span> 
     </span>
    </p>
   </div>
  </div>
 </body>
</html>
