3023 4773
679 431 762 502 18
1301 415 1398 483 Μ.
1449 407 1530 478 Τ.
1582 392 2159 475 CICERONIS

674 575 907 626 meam
946 552 1024 618 in
1057 543 1260 614 illum
1301 529 1867 606 benivolentiam
1903 504 2252 614 augerent
2290 540 2307 583 t
2345 533 2493 582 una
2514 562 2536 599 ,
2588 503 2786 605 quod

670 660 1090 738 versabatur
1141 657 1218 722 in
1271 644 1414 718 hoe
1462 637 1703 714 studio
1756 644 2012 704 nostro
2035 623 2089 715 ⁵,
2134 647 2285 721 quo
2326 624 2544 693 etiam
2595 640 2792 688 nunc

666 779 979 850 maxime
1021 764 1486 842 delectamur,
1541 763 1615 822 et
1649 768 1815 821 cum
1858 739 2188 838 ingenie,
2241 746 2326 804 ut
2367 733 2597 816 nosti,
2656 749 2793 797 nec

670 891 825 960 sine
855 878 1246 959 industria3
1279 862 1543 939 deinde
1560 913 1580 946 ,
1599 850 1799 956 quod
1825 865 2103 922 mature
2132 868 2208 916 se
2235 840 2543 913 contulit
2569 841 2643 908 in
2674 860 2790 908 so-

671 998 961 1069 cietates
987 981 1544 1086 publicanorum
1565 990 1581 1041 t
1611 963 1810 1066 quod
1835 955 2129 1059 quidem
2158 951 2452 1025 nollem.
2470 947 2796 1020 Maximis

652 1106 867 1179 enim
903 1094 1184 1172 damnis
1224 1080 1524 1160 affectus
1557 1092 1685 1151 est.
1718 1072 1857 1147 Sed
1882 1085 2125 1142 tamen
2153 1084 2367 1135 causa
2398 1061 2797 1131 communis

673 1213 984 1293 ordinis,
1024 1202 1206 1276 mihi
1256 1183 1978 1269 commendatissimi,
2034 1172 2206 1248 fecit
2241 1173 2623 1243 amicitiam
2663 1192 2796 1238 no-

671 1343 894 1401 stram
930 1316 1350 1390 firmiorem.
1387 1298 1667 1376 Deinde
1693 1305 2018 1366 versatus
2050 1291 2128 1357 in
2163 1287 2494 1378 utrisque
2530 1276 2799 1350 subsel-

672 1430 838 1508 liis⁶
865 1429 1139 1528 optima
1166 1437 1236 1493 et
1259 1415 1439 1501 fide,
1460 1426 1534 1485 et
1564 1406 1788 1494 fama,
1808 1405 1954 1500 jam
1985 1411 2153 1469 ante
2184 1394 2374 1466 hanc
2403 1403 2800 1464 commuta-

676 1548 950 1620 tionem
978 1530 1394 1633 reipublicae
1412 1579 1432 1614 ,
1459 1516 1834 1622 petitioni⁷
1869 1534 2023 1583 sese
2053 1504 2280 1590 dedit,
2305 1503 2804 1597 honoremque

677 1649 1265 1728 honestissimum
1318 1630 1747 1709 existimavit
1800 1619 2120 1694 fructum
2169 1612 2439 1685 laboris
2481 1611 2614 1682 sui.
2682 1611 2811 1681 His

678 1782 919 1841 autem
979 1736 1477 1853 temporibus8
1523 1768 1561 1815 a
1616 1763 1735 1810 me
1788 1728 2172 1806 Brundisio
2238 1747 2405 1795 cum
2457 1719 2680 1792 literis
2735 1730 2812 1789 et

683 1874 1036 1949 mandatis
1076 1854 1446 1965 profectus
1504 1852 1595 1925 ad
1646 1855 1997 1923 Coesarem
2059 1852 2204 1911 est:
2260 1859 2407 1932 qua
2463 1834 2542 1903 in
2601 1855 2677 1901 re
2737 1843 2816 1900 et

684 2006 1003 2061 amorem
1054 1978 1211 2073 ejus
1254 1974 1333 2043 in
1383 1957 1844 2062 suscipiendo
1887 1953 2182 2048 negotio
2228 1945 2595 2045 perspexi,
2629 1943 2816 2014 etin

684 2085 1141 2172 conficiendo
1184 2108 1268 2157 ac
1309 2069 1800 2153 renuntiando
1837 2061 2079 2136 fidem.

782 2204 1052 2276 Videor
1085 2194 1300 2278 mihi,
1332 2210 1565 2288 quum
1595 2180 1980 2280 separatim
2018 2170 2109 2243 de
2152 2160 2515 2267 probitate
2555 2161 2709 2259 ejus
2743 2175 2826 2232 et

690 2314 1020 2393 moribus
1051 2309 1376 2381 dicturus
1411 2298 1741 2382 fuissem,
1770 2292 1831 2359 si
1871 2287 2075 2385 prius
2111 2302 2437 2364 causam,
2480 2299 2612 2347 cur
2650 2296 2825 2344 eum

691 2442 1073 2524 tantopere
1118 2416 1529 2513 diligerem,
1564 2402 1697 2476 tibi
1739 2394 2231 2497 exposuissem
2258 2442 2278 2477 ,
2313 2388 2392 2461 iu
2423 2391 2580 2485 ipsa
2609 2407 2831 2455 causa

698 2530 1132 2638 exponenda
1151 2527 1318 2600 satis
1345 2521 1559 2593 etiam
1590 2513 1683 2596 de
1710 2506 2072 2609 probitate
2096 2499 2382 2572 dixisse.
2408 2495 2549 2568 Sed
2582 2509 2835 2564 tamen

701 2645 1085 2749 separatim
1125 2633 1513 2738 promitto,
1542 2628 1617 2697 in
1648 2641 1914 2717 meque
1945 2612 2255 2710 recipiO,
2297 2604 2453 2679 fore
2494 2627 2663 2677 eum
2694 2598 2842 2672 tibi

703 2830 844 2879 rilem
863 2836 1052 2874 eutem
1069 2815 1289 2868 accessit.
1315 2813 1395 2862 sie
1420 2809 1473 2858 in
1490 2815 1614 2856 orat.
1627 2815 1720 2869 pro
1807 2789 2146 2846 subselliorum
2168 2822 2185 2848 ‚
2230 2787 2275 2835 si
2319 2785 2532 2835 hebetur
2580 2780 2849 2830 bominum

706 2907 895 2961 celio:
932 2925 959 2946 -ι
974 2891 1141 2964 Quum
1164 2898 1208 2946 is
1239 2897 1337 2958 jam
1363 2907 1415 2939 ιο
1443 2884 1726 2936 oorrobon-
1810 2875 1935 2924 ratio
1956 2909 1973 2936 ,
1988 2872 2080 2920 trin
2102 2879 2308 2933 generat
2338 2865 2383 2913 ei
2408 2877 2687 2922 mnarum,
2709 2859 2843 2911 duo.

709 2989 886 3045 visset,
923 3000 980 3033 ac
1017 2982 1069 3028 vi
1107 2981 1235 3026 inter
1273 2971 1404 3019 viros
1444 2974 1566 3015 esset
1585 2985 1628 3012 a.
1666 2962 1726 3007 In
1811 2956 1937 3005 Nam
1962 2961 2011 3000 et
2032 2950 2253 3012 judiees,
2279 2955 2329 2993 et
2353 2944 2580 3009 patroni,
2618 2951 2666 2989 et
2694 2956 2854 2990 acm-

709 3068 906 3124 adm,
933 3085 960 3105 ι·
975 3063 1094 3112 Non
1127 3055 1277 3105 modo
1317 3051 1423 3099 beo
1458 3057 1574 3095 tem
1591 3073 1609 3104 ,
1643 3039 1730 3089 sed
1816 3044 2000 3082 satores
2023 3032 2078 3077 in
2101 3024 2342 3076 subselliis
2363 3020 2710 3071 comidebant:
2731 3036 2859 3068 cau-

712 3148 859 3198 etiam
880 3140 1194 3192 corroborata
1209 3154 1263 3192 n,
1290 3130 1345 3179 id
1362 3137 1451 3185 est,
1462 3139 1563 3173 non
1582 3119 1731 3170 modo
1819 3128 1886 3162 ote
1908 3124 2026 3159 vero
2049 3107 2131 3156 vel
2156 3104 2218 3153 de
2250 3102 2462 3168 publicis
2498 3099 2646 3148 rebus
2672 3111 2819 3149 erant
2835 3135 2858 3161 ,

717 3226 1069 3279 adolescentes,
1089 3216 1175 3266 sed
1198 3214 1340 3262 etiam
1365 3205 1479 3255 viri.
1508 3204 1571 3251 Et
1587 3211 1732 3264 supr·
1819 3193 1898 3241 vel
1941 3190 2002 3239 de
2038 3186 2258 3254 privetis.
2292 3185 2500 3232 Mun-r.
2534 3205 2606 3217 --
2642 3181 2754 3226 Ino
2797 3180 2865 3227 in

718 3305 934 3372 ejusdem
957 3296 1192 3350 orationis
1211 3290 1373 3349 initio,
1386 3299 1492 3346 eon,
1508 3280 1596 3345 qui
1616 3293 1738 3337 non,
1823 3271 2037 3336 utrisque
2081 3264 2317 3316 subselliis
2363 3271 2462 3321 est,
2508 3267 2558 3308 et
2609 3269 2869 3323 patronu-

721 3396 778 3435 ut
793 3383 935 3434 Goem
943 3369 1550 3431 aecusator-,adolescentes
1564 3363 1741 3414 essent,
1828 3352 1947 3411 fuit,
1974 3362 2025 3399 et
2044 3347 2215 3410 judex.
2248 3336 2762 3407 Gm.—-Namfidoe
2782 3349 2876 3387 αι

726 3463 812 3513 sed
831 3462 951 3520 viri,
979 3453 1265 3507 robustiores
1290 3443 1569 3512 appellavit.
1609 3435 1743 3487 Alibi
1827 3430 2024 3500 patroni
2039 3445 2054 3487 3
2071 3422 2418 3492 samajudicis
2437 3418 2617 3483 integri
2642 3427 2695 3465 et
2712 3416 2878 3477 justi.

727 3543 872 3591 etiam
894 3541 949 3587 in
980 3538 1106 3586 hane
1128 3528 1413 3583 sententiam
1438 3521 1612 3571 eodem
1634 3531 1744 3565 ver·
1905 3527 1953 3573 7.
1989 3503 2230 3557 Pontiani.
2263 3505 2537 3552 Honorum.
2579 3498 2660 3545 An
2705 3494 2883 3544 etiam

727 3624 797 3672 bo
820 3633 936 3668 usus
960 3627 1046 3665 est.
1062 3613 1185 3663 Inde
1212 3609 1407 3659 robusta
1430 3612 1569 3651 aeeas.
1599 3597 1745 3646 Mu.
1833 3588 2029 3657 gesserit
2044 3622 2059 3645 ,
2081 3587 2340 3640 incertum,
2358 3579 2470 3643 quin
2496 3589 2630 3624 nune
2657 3574 2886 3622 tandem

802 3701 855 3750 5.
894 3695 955 3745 In
980 3692 1072 3743 Ιιοο
1106 3688 1268 3742 studio
1304 3694 1486 3734 nostro.
1526 3678 1747 3728 Philoso—
1833 3679 2120 3736 questui-am
2152 3663 2274 3728 gerit
2294 3695 2309 3720 ‚
2339 3659 2425 3724 qni
2464 3656 2649 3721 primun
2678 3654 2898 3720 gradu..

733 3783 880 3851 phiae.
909 3777 1079 3826 Con.
1097 3797 1168 3809 --
1182 3760 1491 3833 Eloquentia
1511 3755 1745 3807 forensis:
1831 3750 2076 3798 honorum
2092 3754 2211 3793 ent.
2230 3742 2451 3790 Οιιωι.

731 3877 844 3915 nam
870 3852 1129 3918 coniicitur
1152 3847 1566 3897 huucvnrronem
1583 3844 1750 3903 patro-
1908 3831 1957 3878 8.
1996 3826 2084 3875 His
2138 3813 2444 3885 emporibus.
2479 3815 2617 3864 ‘Post
2671 3812 2903 3863 cladem

735 3961 852 3995 num
873 3939 1033 3989 fuisse.
1057 3932 1149 3981 En.
1834 3905 2169 3956 Pharsalicam.
2208 3896 2455 3949 Brundisii
2482 3905 2642 3943 autem
2687 3891 2910 3942 (an-0

808 4025 859 4074 6.
887 4024 947 4068 ln
973 4011 1187 4084 uer-isque
1214 4000 1463 4055 subselliis.
1504 3997 1566 4046 Iu
1591 3991 1754 4061 publi·
1838 3989 2075 4038 Ceut-em
2093 4017 2111 4044 ,
2178 3980 2350 4029 saltem
2409 3972 2912 4025 reconciliationem

738 4106 832 4163 οἷς,
870 4094 1170 4167 privatisque
1208 4083 1400 4141 musis,
1445 4077 1501 4127 id
1540 4084 1652 4137 est,
1701 4071 1753 4120 in
1838 4067 1974 4128 eins,
2023 4059 2353 4128 exspectabat.
2393 4057 2579 4122 Supra,
2630 4051 2734 4102 lib.
2770 4051 2862 4100 11
2889 4088 2922 4114 ,

737 4179 1001 4254 majoribus
1043 4183 1095 4222 et
1133 4161 1419 4219 minoribus.
1458 4159 1582 4206 Sunt
1625 4150 1753 4202 enim
1842 4146 2104 4210 cpiam-27.
2131 4141 2278 4190 Mur.
