3023 4773
815 350 1364 435 EPISTOLAE‚
1425 352 1670 433 XIII,
1726 347 1838 423 56.
2296 352 2389 448 69

261 468 499 554 detur,
517 491 739 564 quam
759 469 911 565 ipse
933 468 1267 539 Cluvius:
1301 473 1417 540 cui
1456 468 1892 541 satisfactum
1929 495 2082 542 esse
2110 496 2150 542 a
2182 473 2390 544 nobis

259 576 467 649 valde
515 576 707 648 volo.
758 579 880 649 His
913 577 1002 650 de
1045 578 1262 651 rebus
1302 596 1373 652 te
1412 579 1878 651 vehementer
1923 582 2134 652 etiam
2173 597 2389 680 atque

256 689 473 757 etiam
516 712 717 785 rogo.
760 687 959 759 Vale.

288 887 482 907 Μ

1279 890 1980 911 mmmmm*
1987 891 2352 913 mmmm

868 1068 1460 1148 EPISTOLA
1516 1072 1776 1150 LVII.

247 1220 431 1284 Petit,
469 1230 538 1275 ut
562 1219 881 1290 Anneium,
914 1220 1164 1299 legatum
1190 1241 1389 1288 suum,
1421 1224 1706 1294 remittat,
1733 1223 1971 1300 ejusque
1994 1243 2224 1283 causam
2252 1231 2386 1284 Sar·

328 1314 569 1373 dianam
593 1314 977 1373 commendat.
999 1316 1345 1393 (Laodiceae,
1365 1339 1459 1376 an.
1485 1324 1560 1379 U.
1584 1323 1649 1378 C.
1678 1320 1808 1392 703,
1836 1339 2031 1378 mense
2055 1319 2305 1398 martio.)

746 1491 839 1556 M.
868 1493 941 1556 T.
978 1493 1054 1556 e.
1081 1494 1451 1558 THERMO
1500 1495 1802 1561 PROPR.
1836 1478 1905 1561 sss

346 1630 520 1718 Quo
564 1630 791 1725 magis
828 1627 1156 1724 quotidie
1194 1655 1283 1700 ex
1327 1630 1552 1700 literis
1593 1633 2016 1727 nuntiisque
2058 1630 2372 1702 bellumt

250 1762 603 1836 magnum
651 1763 802 1809 esse
842 1741 915 1809 in
960 1741 1159 1834 Syria
1209 1765 1611 1838 cognosce,
1655 1766 1744 1812 eo
1789 1741 2288 1812 vehementius
2340 1766 2384 1813 a

252 1859 324 1919 te
358 1873 499 1945 pro
532 1862 782 1919 nostra
806 1849 1335 1921 necessitudine
1371 1850 1767 1939 contende,
1798 1867 1880 1921 ut
1907 1850 2083 1925 mihi
2112 1854 2209 1920 M.
2240 1855 2383 1920 An-

249 1960 503 2026 neium
537 1958 852 2055 legatum
886 1961 1446 2056 primoquoque
1481 1974 1808 2057 tempore
1841 1962 2174 2031 remittas.
2200 1965 2384 2032 Nam

250 2066 409 2160 ejus
442 2091 667 2164 opera
685 2122 705 2153 ‚
734 2068 1032 2139 consilio
1050 2123 1069 2156 ,
1090 2070 1383 2140 scientia
1409 2072 1516 2140 rei
1545 2071 1897 2158 militaris,
1931 2069 2043 2141 vel
2071 2073 2380 2142 maxime

247 2175 620 2272 intelligo,
664 2202 780 2248 me
820 2191 892 2249 et
927 2177 1447 2276 rempublicam
1503 2178 1825 2274 adjuvari
1868 2204 2098 2276 posse.
2160 2179 2378 2271 Quod

248 2288 387 2356 nisi
415 2301 613 2358 tanta
646 2313 761 2358 res
787 2288 942 2383 ejus
964 2304 1320 2385 ageretur,
1348 2313 1482 2360 nec
1517 2291 1673 2385 ipsc
1699 2287 1962 2359 adduci
1994 2291 2341 2388 potuisset
2360 2343 2379 2375 ,

246 2411 334 2467 ut
368 2423 411 2467 a
446 2421 568 2467 me
604 2398 999 2470 discederet
1026 2454 1044 2485 ‚
1082 2423 1322 2496 neque
1367 2423 1533 2495 ego,
1569 2414 1653 2470 ut
1695 2424 1861 2471 eum
1905 2425 2104 2494 abme
2140 2400 2380 2470 dimit-

249 2522 508 2578 terem.
574 2513 725 2605 Ego
763 2511 836 2577 in
876 2507 1193 2580 Ciliciam
1232 2507 1589 2607 proficisci
1633 2512 1874 2608 cogito
1921 2510 2205 2580 circiter
2237 2507 2375 2578 kal.

247 2619 416 2686 mai.
462 2621 689 2686 Antea
731 2641 887 2687 eam
930 2616 1119 2688 diem
1154 2622 1475 2688 Anneius
1513 2617 1602 2688 ad
1643 2643 1759 2688 me
1789 2617 2034 2690 redeat
2068 2632 2376 2715 oportet.

246 2725 476 2813 Illud,
503 2725 703 2822 quod
741 2740 977 2797 tecum
1013 2742 1086 2797 et
1125 2751 1404 2815 coram,
1446 2742 1520 2798 et
1562 2751 1694 2824 per
1730 2727 1967 2798 literas
1987 2738 2043 2812 ²,
2075 2726 2375 2821 diligen-

248 2839 527 2908 tissime
565 2838 712 2934 egi,
751 2837 825 2906 id
862 2850 935 2907 et
969 2862 1167 2908 nunc
1199 2840 1413 2907 etiam
1443 2851 1661 2934 atque
1700 2839 1912 2908 etiam
1940 2861 2150 2935 rog0,
2192 2861 2378 2906 curae

249 2947 381 3019 tihi
402 2950 521 3035 sit,
539 2963 622 3018 ut
640 2972 849 3018 suum
866 2949 1263 3043 negotium,
1291 2946 1490 3045 quod
1510 2945 1730 3017 habet
1745 2970 1910 3017 cum
1932 2946 2208 3044 populo
2223 2950 2378 3016 Sar-

249 3057 496 3145 dian0‚
516 3082 651 3155 pro
679 3082 901 3128 causae
921 3059 1215 3128 veritate
1245 3071 1316 3127 et
1337 3082 1470 3153 pro
1491 3081 1619 3128 sua
1647 3055 1992 3152 dignitate
2021 3053 2374 3125 conficiat.

248 3167 583 3240 Intellexi
606 3193 695 3237 ex
718 3180 842 3236 tua
864 3168 1188 3239 oratione
1203 3221 1221 3251 ,
1240 3192 1465 3263 quum
1486 3180 1728 3238 tecum
1747 3163 2007 3261 Ephesi
2029 3163 2376 3259 loquutus

245 3302 409 3346 sum
429 3332 450 3365 ,
471 3292 545 3347 te
582 3278 807 3375 ipsius
839 3279 935 3344 M.
958 3277 1214 3347 Anneii
1237 3301 1447 3346 causa
1474 3278 1717 3346 omnia
1737 3274 1938 3345 velle.
1972 3271 2111 3343 Sed
2138 3288 2376 3344 tamen

245 3388 343 3457 sic
380 3386 601 3455 velim
633 3386 993 3456 existimes
1014 3440 1033 3473 ,
1059 3400 1129 3456 te
1165 3385 1341 3455 mihi
1374 3385 1553 3455 nihil
1578 3386 1846 3481 gratius
1873 3381 2107 3453 facere
2133 3407 2343 3480 posse
2360 3440 2379 3472 ‚

246 3522 469 3593 quam
511 3498 571 3566 si
606 3496 1061 3581 intellexero,
1100 3522 1231 3594 per
1268 3512 1336 3567 te
1366 3496 1568 3566 illum
1600 3498 1836 3593 ipsum
1878 3494 2247 3589 negotium
2287 3520 2374 3565 ex

246 3609 607 3679 sententia
644 3604 1057 3677 confecisse.»
1087 3606 1316 3703 quue
1356 3631 1572 3702 quam
1611 3607 1927 3704 primum
1954 3618 2035 3674 ut
2072 3602 2375 3692 efficias,

246 3732 316 3787 te
354 3718 575 3788 etiam
613 3730 831 3814 atque
871 3721 1086 3787 etiam
1128 3740 1331 3813 rogo.

320 3940 365 3973 ι.
377 3924 587 3980 Bellum,
600 3922 895 3988 Parthicum.
907 3923 1099 3982 Att.vl,
1111 3924 1138 3970 3
1156 3933 1204 3970 et
1219 3932 1268 3978 Ι..
1434 3940 1482 3971 2.
1504 3926 1602 3971 Per
1617 3921 1927 3973 literas.Vid.
1948 3939 2056 3987 sup.
2078 3941 2166 3987 ep.
2185 3922 2266 3969 55.
2282 3922 2373 3970 En.
