3023 4773
481 441 1000 511 EPISTOLAE
1048 443 1184 511 AD
1232 443 1721 530 ATTmUM,
1757 447 1902 524 v1
1953 467 2011 514 1.
2164 445 2300 543 595

174 558 267 631 de
301 558 522 632 rebus
555 576 637 631 tu
669 585 950 632 mecum
989 586 1253 659 egeras.
1284 564 1547 634 Omnia
1572 588 1731 634 sum
1764 565 2300 690 diligentissime

174 685 680 768 persequutus.
723 673 1082 757 Primum,
1114 671 1206 742 ab
1256 670 1737 743 Ariobarzane
1781 676 1879 745 sic
1924 653 2301 772 contendi,

174 792 261 848 ut
295 778 591 866 talenta,
631 803 793 876 quae
831 779 1008 850 mihi
1038 779 1619 878 pollicebatur15,
1656 782 1753 853 illi
1787 783 2010 854 daret.
2035 787 2299 876 Quoad

174 913 461 960 mecum
495 915 620 960 rex
654 888 825 972 fuit,
861 890 1190 988 perbono
1223 891 1386 962 loco
1436 916 1549 962 res
1587 907 1736 962 erat
1768 919 1783 963 τ
1815 909 1982 990 post
2005 921 2044 965 a
2082 899 2298 967 Pom-

175 1000 318 1093 peii
348 999 939 1096 procuratoribus
974 1002 1326 1072 sexcentis
1362 994 1592 1098 premi
1621 1017 1901 1099 coeptus
1938 1018 2066 1073 est.
2094 1008 2298 1074 Pom-

173 1110 383 1206 peius
407 1121 645 1180 autem
676 1135 903 1205 quum
934 1109 1032 1182 ob
1062 1124 1331 1183 ceteras
1355 1135 1602 1182 causas
1630 1111 1791 1208 plus
1822 1126 2058 1207 potest
2078 1137 2298 1196 unuS,

172 1239 397 1311 quam
423 1221 637 1289 ceteri
662 1242 917 1289 omnes
934 1273 954 1305 ,
991 1233 1147 1289 tum
1175 1219 1378 1316 quod
1404 1234 1699 1318 putatur
1725 1219 1815 1290 ad
1841 1219 2115 1291 bellum
2142 1227 2301 1293 Par-

172 1324 449 1398 thicum
506 1353 658 1399 esse
701 1343 1072 1422 venturus.
1121 1332 1204 1400 Ei
1257 1344 1495 1400 tamen
1555 1333 1655 1399 sic
1708 1354 1907 1400 nunc
1958 1330 2298 1402 solvitur:

170 1436 532 1507 tricesimo
572 1461 867 1534 quoque
902 1436 1017 1507 die
1061 1437 1327 1509 talenta
1362 1442 1573 1512 attica
1612 1464 1876 1526 xxxm,
1913 1454 1986 1511 et
2032 1440 2175 1512 hoc
2213 1465 2302 1512 ex

168 1544 506 1629 tributis;
546 1571 680 1617 nec
718 1547 791 1617 id
836 1548 1001 1617 satis
1041 1546 1260 1619 efficit
1283 1545 1342 1591 ¹⁶
1379 1551 1452 1616 in
1502 1572 1791 1624 usuram
1831 1565 2297 1620 menstruam.

166 1653 311 1726 Sed
353 1658 613 1728 Cnaeus
664 1670 910 1728 noster
957 1656 1347 1728 clementer
1388 1655 1462 1727 id
1514 1655 1697 1727 fert:
1753 1670 2025 1728 sorte¹7
2068 1675 2298 1747 caret3

165 1788 433 1851 usura,
473 1789 609 1836 nec
645 1789 728 1836 ea
764 1763 1025 1853 solida,
1065 1780 1446 1836 contentus
1484 1781 1611 1838 est.
1655 1768 1791 1837 Alii
1820 1792 2059 1864 neque
2089 1769 2302 1839 solvit

165 1876 550 1969 cuiquam,
589 1899 725 1946 nec
765 1889 1002 1972 potest
1043 1874 1338 1948 solvere.
1381 1875 1679 1947 Nullum
1712 1882 1904 1947 enim
1942 1880 2300 1959 aerarium,

164 1982 459 2054 nullum
482 1973 781 2079 vectigal
812 1982 1050 2054 habet.
1078 1985 1286 2081 Appii
1314 1985 1642 2056 instituto
1670 1984 1941 2056 tributa
1974 1990 2296 2083 imperat.

162 2096 269 2163 Ea
304 2095 457 2178 vix,
511 2094 587 2161 in
640 2089 881 2163 foenus
930 2093 1254 2190 Pompeii
1299 2091 1497 2189 quod
1556 2095 1722 2163 satis
1771 2097 1892 2179 sit,
1952 2094 2297 2166 efficiunt.

161 2202 398 2270 Amici
433 2205 619 2296 regis
657 2200 807 2273 duo
855 2217 1088 2273 tresve
1138 2200 1526 2297 perdivites
1570 2217 1786 2290 sunt;
1823 2203 1949 2275 sed
1991 2206 2041 2274 ii
2086 2229 2299 2276 suum

163 2324 318 2380 tam
369 2308 749 2407 diligenter
795 2325 1085 2398 tenent,
1143 2335 1365 2407 quam
1413 2333 1580 2408 eg0,
1632 2326 1756 2382 aut
1799 2326 1898 2383 tu.
1942 2311 2296 2411 Equidem

162 2444 321 2490 non
363 2418 618 2492 desino
653 2434 893 2492 tamen
932 2445 1057 2518 per
1091 2421 1328 2495 literas
1363 2446 1657 2518 rogare,
1705 2423 2042 2512 suadere,
2088 2449 2299 2497 accu-

162 2553 323 2601 sare
354 2553 618 2626 regem.
660 2532 1041 2625 Dejotarus
1070 2532 1280 2602 etiam
1315 2530 1491 2600 mihi
1522 2534 1865 2620 narravit,
1896 2556 1970 2603 se
2006 2532 2096 2603 ad
2128 2556 2296 2604 eum

162 2642 442 2737 legatos
479 2643 748 2713 misisse
784 2641 875 2713 de
916 2666 994 2713 re
1030 2642 1273 2728 Bruti;
1310 2666 1434 2712 eos
1466 2639 1604 2711 sibi
1635 2666 2062 2739 responsum
2099 2659 2294 2715 retu-

161 2751 365 2836 lisse,
402 2750 605 2821 illum
638 2775 789 2821 non
826 2750 1113 2825 habere.
1147 2754 1234 2821 Et
1261 2750 1673 2822 mehercule
1712 2775 1844 2848 ego
1889 2753 1982 2822 ita
2015 2752 2297 2846 judico,

160 2858 352 2928 nihil
379 2857 502 2927 illo
539 2882 764 2954 regno
793 2860 1198 2957 spoliatius,
1233 2858 1412 2929 nihil
1448 2883 1618 2955 rege
1655 2864 2001 2958 egentius.
2045 2867 2295 2957 Itaque

159 2981 293 3039 aut
320 2966 543 3036 tutela
561 2962 618 3008 ¹⁸
647 2969 884 3064 cogito
906 2994 1022 3040 me
1045 2968 1376 3041 abdicare
1395 3024 1413 3058 ,
1440 2984 1600 3055 aut,
1631 2984 1713 3040 ut
1741 2994 1876 3066 pro
1903 2968 2295 3042 Glabrione

157 3076 508 3163 Scaevola,
538 3075 843 3147 foenus¹9
871 3093 944 3148 et
973 3076 1422 3174 impendium
1455 3101 1804 3149 recusare.
1836 3081 1988 3173 Ego
2018 3092 2297 3164 tamen,

161 3212 350 3284 quas
394 3211 526 3284 per
562 3201 633 3258 te
670 3192 893 3273 Bruto
938 3191 1405 3283 promiseram
1452 3188 1942 3286 praefecturaS,
1989 3193 2084 3265 M.
2130 3193 2293 3259 Sca-

161 3299 356 3396 ptio,
388 3301 466 3366 L.
505 3300 760 3380 Gavio,
798 3302 924 3393 qui
966 3299 1040 3365 in
1078 3320 1304 3392 regno
1350 3321 1500 3367 rem
1540 3300 1739 3367 Bruti
1776 3296 2298 3394 procurabant,

164 3513 244 3560 fra
277 3510 502 3569 dederat,
522 3527 613 3576 pro
632 3512 780 3561 dedit.
797 3516 988 3561 Frustra
1012 3515 1189 3569 omnia,
1352 3527 1430 3573 19.
1470 3514 1658 3562 Faenus.
1687 3517 1901 3560 «Foenus
1923 3524 1971 3560 et
1997 3513 2296 3578 impendium

160 3603 221 3640 ut
253 3590 463 3638 videtur.
484 3593 534 3639 J.
552 3594 618 3640 V.
642 3594 695 3639 L.
1276 3588 1453 3653 pupilli
1488 3607 1742 3637 recusare»
1774 3602 1870 3647 est,
1895 3592 2095 3638 nomine
2121 3593 2299 3656 pupilli

245 3686 269 3716 1
282 3671 326 3717 5.
347 3668 692 3718 Pollicebaeur.
711 3664 1055 3735 Ob'acceptum
1069 3686 1096 3716 a
1112 3684 1188 3716 me
1276 3669 1455 3716 bonam
1483 3670 1674 3733 copiam
1704 3670 1888 3730 ejurare
1902 3704 1916 3729 ,
1936 3673 2020 3718 deu
2045 3673 2207 3731 jurare
2236 3672 2299 3719 il-

162 3745 484 3799 beneficium.
509 3750 651 3797 Mur.
1277 3748 1372 3794 lius
1413 3748 1759 3811 patrimonium
1796 3766 1898 3796 esse
1941 3766 2099 3813 neque
2143 3752 2261 3799 sorti
2279 3786 2295 3812 ,

244 3830 329 3877 16.
352 3829 482 3887 Alii,
508 3828 739 3894 efficitur.
756 3831 789 3878 J
793 3864 804 3877 .
828 3832 891 3877 V.
913 3831 971 3877 L.
1279 3842 1435 3890 neque
1460 3827 1620 3874 usuris
1638 3826 1884 3875 solvendis
1911 3827 2158 3877 idoneum.
2174 3830 2298 3878 Nam

240 3924 264 3955 1
279 3924 327 3969 7.
366 3909 517 3956 Sorte.
554 3909 763 3955 Pecunia
796 3907 996 3956 credita.
1025 3908 1182 3955 Unum
1278 3904 1437 3952 foenus
1456 3921 1584 3969 saepe
1601 3904 1810 3952 estidem
1829 3907 1965 3970 quod
1983 3910 2189 3972 pecunia
2209 3911 2300 3957 soe-

165 3997 438 4038 contentus
465 3996 560 4044 est,
587 4002 740 4050 neque
759 4003 814 4035 ea
842 3987 1000 4050 plena.
1025 3988 1120 4034 En.
1278 3985 1471 4042 nebris,
1490 4001 1596 4032 sors
1621 4000 1714 4046 pro
1740 4000 1832 4049 qua
1872 4001 2028 4033 nsurae
2073 3986 2299 4061 pendun-

240 4069 325 4117 28.
343 4066 528 4115 Tutela.
543 4065 711 4113 Mihin
728 4078 895 4115 senatu
923 4065 1190 4124 commissa,
1288 4075 1385 4113 tur.
1413 4061 1716 4129 Impendium
1740 4062 1792 4112 h.
1817 4063 1848 4112 l.
1881 4075 1952 4113 est
1975 4080 2141 4116 usura.
2159 4070 2307 4114 Varr.

159 4149 313 4213 epist.
342 4164 370 4194 a
399 4156 448 4192 et
471 4152 527 4199 4,
552 4143 641 4193 lib.
665 4146 781 4203 XV,
801 4144 863 4192 ad
881 4145 993 4192 Div.
1023 4146 1188 4193 Coun.
1280 4140 1341 4188 de
1361 4141 1417 4189 L.
1447 4141 1502 4187 L.
1532 4139 1621 4187 lib.
1648 4141 1736 4186 IV.
1762 4142 1852 4188 En.

1999 4226 2109 4296 38.
