3023 4773
542 391 673 463 168
789 393 886 460 M.
939 393 1016 458 T.
1069 390 1415 459 cmER.
1468 387 2019 473 EPISTOLAE‚
2064 387 2232 474 XV,
2279 412 2392 458 αι.

531 517 748 587 tuisse
784 511 941 585 fieri
963 526 1195 610 putas.
1216 509 1777 606 Primum‚quod
1808 512 1904 579 ita
1926 507 2434 604 judicabamffi,
2457 527 2673 586 acute

526 624 957 706 movebatur
979 633 1061 691 ¹7.
1096 626 1348 693 Genus
1373 613 1826 717 quoddam¹⁸
1865 618 2331 717 sequebatur,
2366 623 2440 692 in
2475 649 2672 720 quo,

523 735 802 829 judicio
843 733 1127 830 lapsuS‚
1168 755 1319 828 quo
1371 729 1692 820 valebat,
1739 740 2066 800 tamen¹9
2121 733 2669 828 assequebatur,

532 843 733 943 quod
766 841 1133 940 probaret.
1171 840 1416 910 Multae
1458 855 1664 911 erant
1701 854 1776 912 et
1814 839 2202 912 reconditae
2245 841 2464 913 literae
2501 871 2517 912 ε
2562 846 2673 914 vis

529 979 681 1026 non
715 968 885 1025 erat.
918 950 1029 1024 Ad
1059 974 1215 1021 eam
1253 951 1474 1047 igitur
1514 949 1971 1022 adhortabar.
2014 956 2101 1020 In
2128 952 2510 1023 excitando
2542 978 2674 1024 au-

527 1080 674 1136 tem
730 1078 803 1137 et
849 1063 927 1132 in
970 1059 1300 1133 acuendo
1345 1060 1744 1157 plurimum
1794 1061 2013 1147 valet,
2056 1063 2115 1134 si
2169 1061 2419 1132 laudes
2463 1086 2675 1148 eum,

529 1199 751 1272 quem
772 1172 1176 1247 cohortere.
1196 1169 1435 1242 Habes
1457 1170 1549 1241 de
1569 1170 1788 1243 Calvo
1801 1169 2159 1266 judicium
2184 1185 2256 1242 et
2287 1173 2674 1243 consilium

528 1308 775 1356 meum
809 1311 824 1356 z
866 1282 1289 1369 consilium,
1330 1281 1531 1378 quod
1568 1282 1908 1353 hortandi
1947 1306 2159 1353 causa
2196 1281 2515 1370 laudavi3
2552 1283 2674 1377 ju-

529 1394 836 1480 dicium,
879 1390 1082 1489 quod
1122 1390 1212 1462 de
1255 1392 1548 1488 ingenio
1586 1391 1742 1486 ejus
1778 1391 1982 1461 valde
2017 1392 2413 1462 existimavi
2452 1391 2674 1463 bene.

625 1502 1012 1599 Reliquum
1049 1514 1193 1587 est,
1237 1514 1321 1571 ut
1363 1517 1562 1572 tuam
1617 1499 2147 1599 profectionem
2185 1526 2432 1574 amore
2489 1527 2666 1600 pro-

528 1636 816 1709 sequar,
868 1611 1183 1681 reditum
1226 1632 1351 1707 spe
1406 1626 1855 1709 exspectem,
1900 1609 2270 1684 absentem
2314 1615 2676 1685 memoria

531 1723 762 1794 colam
786 1777 805 1809 ‚
839 1744 1055 1792 omne
1088 1719 1527 1791 desiderium
1557 1720 1781 1790 literis
1811 1719 2680 1817 mittendisaccipiendis·

531 1858 677 1931 que
715 1830 995 1906 leniam.
1026 1834 1137 1899 Tu
1168 1828 1382 1904 velim
1419 1843 1544 1900 tua
1579 1831 1654 1900 in
1689 1854 1805 1902 me
1842 1830 2077 1902 studia
2112 1845 2183 1903 et
2214 1829 2451 1928 officia
2486 1833 2681 1902 mul-

533 1958 690 2014 tum
743 1957 982 2013 tecum
1040 1939 1461 2014 recordere:
1506 1966 1669 2037 quae
1724 1966 1952 2039 quum
2003 1941 2139 2013 tibi
2194 1942 2436 2030 liceat,
2492 1943 2684 2013 mihi

534 2051 735 2125 nefas
766 2054 856 2122 sit
891 2051 1246 2139 oblivisci,
1273 2077 1424 2122 non
1462 2052 1682 2123 modo
1714 2053 1947 2124 virum
1975 2051 2257 2123 bonum
2290 2077 2406 2123 me
2429 2054 2682 2125 existi-

533 2162 788 2251 mabis,
809 2187 1063 2235 verum
1084 2163 1298 2233 etiam
1326 2174 1399 2233 te
1425 2186 1465 2231 a
1488 2187 1606 2233 me
1633 2162 1853 2232 amari
1880 2160 2274 2259 plurimum
2287 2162 2680 2258 judicabis.

536 2275 734 2345 Vale.

611 2425 695 2475 16.
724 2428 806 2472 Ita
840 2424 1144 2492 judicabam.
1186 2424 1361 2474 Cicero
1400 2426 1467 2474 ait
1507 2442 1557 2473 se

534 2522 646 2554 vere
683 2504 744 2555 de
778 2503 917 2553 Calvi
956 2504 1155 2567 ingenio
1195 2504 1261 2551 ita
1284 2503 1558 2569 judicasse,

535 2595 593 2633 ut
621 2600 733 2631 eum
756 2582 1051 2630 laudandum
1071 2595 1279 2647 putaret,
1297 2600 1559 2649 causasque

533 2663 708 2727 iudicii
734 2663 808 2709 aui
828 2663 988 2709 statim
1007 2662 1168 2710 affert.
1198 2664 1310 2710 Seu.

612 2759 635 2790 t
648 2760 693 2804 7.
714 2743 872 2790 Acme
889 2741 1180 2788 movebatur.
1212 2745 1361 2790 Erant
1382 2742 1560 2790 celeres

538 2823 644 2885 ejus
669 2820 852 2884 ingenii
884 2831 1062 2873 motus.
1104 2820 1241 2868 Idem
1276 2821 1337 2868 de
1367 2822 1562 2869 Zenone

541 2904 736 2952 dicitur.
762 2900 993 2949 Academ.
1014 2903 1037 2948 1
1053 2935 1068 2959 ,
1094 2918 1126 2964 9
1147 2915 1160 2949 :
1199 2902 1385 2959 «Zeno,
1411 2918 1564 2964 quum

538 2983 680 3031 valde
705 2980 947 3029 subtiliter
972 2980 1249 3039 dissereret,
1270 2991 1319 3028 et
1338 2992 1564 3044 peracute

538 3071 815 3111 moveretur
833 3095 849 3121 ,
881 3060 1121 3124 corrigere
1149 3071 1353 3107 conatus
1391 3071 1463 3108 est
1490 3060 1563 3107 di-

536 3142 790 3208 sciplinam
807 3159 851 3186 ι.
878 3141 1021 3188 Mu.

617 3223 698 3270 18.
733 3221 895 3267 Genus
916 3218 1182 3282 quoddam.
1208 3216 1435 3264 Dicendi.

614 3318 692 3363 ¹9·
715 3301 821 3363 Quo
843 3296 1060 3356 valebat,
1073 3307 1254 3345 tamen.
1274 3298 1382 3363 Qua
1406 3306 1562 3345 tamen

1648 2436 1782 2489 parte
1800 2426 2017 2487 valebat,
2047 2426 2099 2473 id
2126 2437 2198 2474 est
2214 2463 2229 2488 ,
2256 2427 2482 2490 ingenio,
2499 2444 2686 2476 conse·

1647 2505 1886 2570 quebatur
1913 2506 1964 2554 id
1993 2506 2131 2570 quod
2170 2506 2412 2570 optimum
2440 2507 2688 2570 putabat;

1647 2601 1794 2647 quam
1812 2597 1933 2649 puto
1958 2586 2104 2632 fuisse
2130 2586 2394 2633 exilitatem
2421 2588 2689 2634 orationis.

1647 2666 1772 2712 Nam
1811 2665 1987 2713 Calvus
2024 2666 2226 2713 atticum
2254 2682 2305 2711 se
2333 2675 2576 2712 oratorem
2608 2667 2692 2713 vi-

1650 2742 1753 2789 deri
1784 2743 2012 2793 volebat:
2049 2754 2098 2791 et
2135 2744 2282 2790 nimia
2327 2744 2532 2806 quadam
2565 2744 2690 2791 reli-

1650 2821 1794 2885 gione
1817 2824 2087 2870 orationem
2107 2834 2386 2879 attenuans,
2407 2823 2525 2871 dnm
2548 2841 2690 2871 vere-

1650 2901 1827 2962 batur,
1868 2917 1929 2948 ne
1963 2904 2102 2965 quasi
2129 2903 2362 2950 vitiosum
2391 2904 2686 2966 sanguinem

1652 2980 1929 3044 colligeret,
1975 2997 2145 3029 verum
2185 2982 2327 3027 etiam
2364 2980 2686 3044 deperdebat.

1650 3060 1761 3107 Hoc
1798 3062 1926 3108 enim
1969 3062 2028 3109 de
2061 3062 2147 3109 illo
2191 3062 2365 3110 Cicero
2398 3062 2596 3125 scripsit
2632 3063 2689 3109 in

1651 3141 1818 3187 Bruto.
1848 3141 1986 3188 Mn«.
2029 3169 2094 3177 —
2135 3142 2387 3190 Judicium
2424 3153 2587 3188 autem
2631 3144 2686 3189 in

1650 3214 1804 3265 Calvo
1849 3220 2093 3283 praecipue
2138 3221 2395 3269 eminuisse
2441 3219 2688 3287 significat

1652 3312 1848 3361 quoque
1867 3298 2075 3361 Qui-ntss.
2097 3302 2145 3347 X
2163 3334 2179 3361 ,
2211 3317 2259 3360 α,
2291 3303 2373 3349 25.
2401 3303 2494 3349 En.
