3023 4773
560 438 1105 512 EPISTOLAE
1150 439 1288 512 AD
1338 438 2019 524 ATTICUM,VI,
2071 437 2137 507 3.
2267 438 2401 509 621

283 589 475 635 anno
509 565 775 635 talenta
804 562 1085 632 circiter
1112 583 1175 630 c.
1203 560 1551 655 Pompeio
1584 560 1656 626 in
1692 583 1814 628 sex
1853 558 2223 630 mensibus
2249 585 2417 657 pro-

284 679 498 745 missa
541 698 643 744 cc.
701 679 856 744 Jam
897 673 973 739 in
1021 670 1235 767 Appii
1280 672 1574 766 negotio
1629 683 1983 765 quantum
2038 668 2419 741 tribuerim

282 788 536 869 Bruto,
577 782 718 853 dici
749 782 864 850 vix
890 794 1150 877 potest.
1182 778 1377 870 Quid
1406 792 1516 849 est
1544 780 1797 875 igitur,
1825 781 2022 876 quod
2052 780 2420 853 laborem?

278 893 563 964 Amicos
596 889 815 963 habet
856 909 1090 961 meras
1136 914 1362 988 nugas
1395 892 1495 974 ¹¹¹⁴,
1541 891 1918 959 Matinium
1945 944 1964 975 ,
2005 889 2415 988 Scaptium3

281 1006 446 1098 qui,
484 1004 652 1101 quia
682 1026 835 1072 non
871 998 1129 1070 habuit
1171 1024 1212 1069 a
1258 1025 1374 1069 me
1429 1015 1700 1069 turmas
1738 1001 2101 1095 equitum,
2144 998 2414 1096 quibus

281 1118 601 1210 Cyprum
637 1124 956 1196 vexaret,
996 1124 1078 1181 ut
1118 1124 1286 1180 ante
1319 1134 1435 1180 me
1462 1107 1764 1196 fecerat,
1798 1107 2095 1180 fortasse
2124 1133 2419 1182 succen-

282 1235 427 1305 set;
470 1236 592 1292 aut
631 1221 800 1316 quia
832 1218 1212 1318 praefectus
1247 1243 1401 1288 non
1429 1233 1572 1304 est,
1596 1217 1796 1315 quod
1827 1242 1962 1316 ego
1997 1222 2268 1290 nemini
2301 1222 2422 1291 tri-

280 1330 409 1400 bui
441 1333 897 1428 negotiatori,
927 1353 1075 1401 non
1105 1333 1184 1400 C.
1216 1331 1642 1417 Vennonio,
1677 1353 1842 1400 meo
1880 1328 2236 1416 familiari,
2266 1355 2419 1401 non

280 1455 410 1510 tuo
446 1444 541 1510 M.
587 1442 854 1525 Leni0‚
916 1454 987 1510 et
1052 1438 1252 1537 quod
1307 1438 1442 1509 uhi
1492 1443 1735 1508 Romae
1790 1439 2244 1510 ostenderam
2300 1464 2418 1510 me

281 1564 733 1621 servaturum
770 1604 789 1637 ,
835 1550 909 1618 in
962 1573 1048 1619 eo
1094 1545 1156 1592 ¹⁵
1200 1545 1670 1647 perseveravi.
1724 1547 1866 1618 Sed
1920 1547 2093 1643 quid
2149 1550 2420 1645 poterit

280 1660 489 1755 queri
523 1661 618 1744 is,
646 1658 805 1755 qui,
837 1656 1118 1728 auferre
1155 1660 1534 1755 pecuniam
1569 1681 1797 1755 quum
1832 1673 2110 1755 posset,
2144 1660 2418 1729 noluit?

279 1769 567 1865 Scaptio
597 1765 702 1856 ¹⁶,
741 1768 869 1863 qui
920 1767 996 1836 in
1048 1765 1496 1863 Cappadocia
1540 1765 1712 1853 fuit,
1762 1781 1945 1864 puto
2000 1793 2156 1839 esse
2210 1774 2413 1842 satis-

280 1877 570 1950 factum.
606 1883 675 1948 Is
702 1901 745 1947 a
770 1900 886 1947 me
917 1873 1366 1946 tribunatum
1387 1887 1445 1931 ¹⁷
1474 1899 1706 1973 quum
1727 1880 2156 1974 accepisset,
2192 1904 2414 1977 quem

281 2013 418 2084 ego
452 2013 540 2059 ex
584 1988 788 2057 Bruti
824 1986 1046 2056 literis
1086 1989 1152 2056 ei
1192 1984 1645 2076 detulissem,
1706 2002 1956 2085 postea
2007 1992 2291 2087 scripsit
2325 1991 2416 2062 ad

280 2123 432 2185 me,
467 2122 543 2167 se
571 2097 678 2167 uti
704 2095 899 2166 nolle
933 2119 1023 2165 eo
1060 2094 1459 2165 tribunatu.
1499 2097 1768 2196 Gavius
1802 2112 1908 2168 est
1937 2099 2265 2195 quidam3
2299 2101 2415 2170 cui

282 2232 511 2305 quum
550 2204 1046 2306 praefecturam
1071 2199 1134 2250 ¹⁸
1171 2204 1585 2276 detulissem
1621 2208 1821 2277 Bruti
1856 2224 2151 2304 rogatu,
2191 2210 2421 2282 multa

283 2334 354 2390 et
380 2318 591 2406 dixit,
619 2331 691 2389 et
729 2315 896 2389 fecit
929 2339 1096 2386 cum
1125 2313 1438 2413 quadam
1463 2339 1626 2386 mea
1651 2317 2120 2405 contumelia,
2149 2321 2222 2388 P.
2251 2319 2419 2390 Clo-

280 2428 379 2498 dii
417 2429 612 2498 canis
645 2437 731 2495 ¹9.
781 2431 849 2498 Is
887 2450 1003 2497 me
1042 2450 1177 2498 nec
1215 2425 1789 2523 proficiscentem
1817 2431 2204 2524 Apameam
2245 2453 2416 2526 pro-

280 2553 630 2634 sequutus
659 2550 808 2623 est3
873 2560 1042 2622 nee,
1084 2560 1314 2632 quum
1361 2534 1615 2632 postea'
1652 2537 1725 2605 in
1790 2550 2017 2608 castra
2066 2540 2417 2628 venisset,

282 2663 499 2744 atque
534 2646 705 2718 inde
737 2644 1176 2733 discederet,
1208 2670 1382 2716 num
1422 2644 1599 2742 quid
1639 2646 1893 2719 vellem
1916 2703 1935 2736 ,
1980 2651 2304 2746 rogavit3
2343 2663 2418 2721 et

279 2756 419 2828 fuit
460 2771 704 2853 aperte
751 2756 968 2841 mihi,
1033 2758 1280 2827 nescio
1329 2780 1593 2853 quare,
1655 2782 1814 2828 non·
1855 2762 2147 2831 amicus.
2205 2766 2420 2833 Hunc

281 2891 416 2962 ego
454 2868 513 2936 si
552 2868 625 2935 in
656 2865 1007 2963 praefectis
1050 2865 1493 2954 habuissem,
1533 2892 1751 2963 quem
1782 2882 1864 2938 tu
1893 2893 2009 2940 me
2045 2869 2417 2940 hominem

281 2975 635 3073 putares?
692 2978 865 3072 qui,
924 2991 1009 3046 ut
1063 2978 1237 3062 scis,
1301 2979 1971 3073 potentissimorum
2034 2977 2413 3049 hominum

280 3087 808 3155 contumaciam
854 3109 1252 3182 numquam
1292 3086 1577 3157 tulerim
1605 3139 1625 3173 ,
1665 3082 1924 3157 ferrem
1964 3086 2182 3183 hujus
2213 3087 2414 3160 adse-

280 3195 455 3266 clae?
512 3196 644 3265 etsi
682 3193 824 3264 hoc
868 3194 1032 3290 plus
1082 3211 1226 3282 est,
1283 3220 1501 3291 quam
1552 3194 1777 3283 ferre,
1832 3195 2154 3268 tribuere
2198 3201 2414 3269 etiam

282 3304 617 3377 beneficii
661 3304 932 3401 aliquid
986 3319 1059 3375 et
1106 3304 1429 3376 honoris.
1486 3310 1558 3376 Is
1597 3307 1818 3403 igitur
1864 3308 2131 3377 Gavius
2184 3332 2414 3404 quum

280 3424 608 3514 Apameae
650 3440 765 3486 me
801 3439 1035 3513 nuper
1072 3415 1358 3486 vidisset
1400 3420 1705 3486 Romam
1746 3415 2248 3514 pro'ficiscenS,
2294 3443 2413 3490 me

358 3656 437 3703 τί..
464 3649 628 3694 Mera:
653 3662 827 3711 nugas.
852 3644 1089 3694 Homines
1114 3644 1302 3693 levissi-
1392 3647 1591 3695 Portu.
1641 3674 1711 3683 —
1749 3648 1963 3711 Scaptio.
1985 3649 2156 3697 Marco
2191 3652 2312 3713 θῆαι,
2349 3651 2410 3700 de

282 3741 386 3771 mos
408 3735 456 3770 et
480 3725 818 3787 nequissimos.
843 3725 962 3772 Sca.
1391 3740 1492 3788 quo
1510 3725 1678 3789 paullo
1703 3737 1832 3787 ante,
1855 3727 2006 3774 fratri.
2034 3729 2148 3778 Seu.

358 3806 436 3852 15.
466 3803 595 3863 Alii,
619 3820 733 3867 quo.
768 3807 818 3853 J.
840 3805 902 3851 V.
923 3805 980 3852 L.
1467 3820 1549 3865 ¹7·
1581 3804 1917 3852 Tn'bunacum.
1944 3807 2178 3855 Militum.

358 3883 440 3929 ιδ.
495 3881 701 3945 Scaptio.
760 3887 971 3929 Fuerunt
1021 3881 1149 3930 enim
1202 3881 1302 3930 duo
1465 3884 1549 3933 18.
1615 3881 1985 3947 Pur-ficturum.
2045 3888 2234 3952 Nempe
2282 3901 2417 3939 extra

281 3961 463 4023 Scaptii
492 3960 633 4007 amici
666 3962 801 4007 Bruti
825 3975 839 4009 ε
870 3977 999 4009 unus
1028 3961 1304 4026 negotiator
1390 3961 1714 4024 provinciam.
1753 3964 1849 4012 En.

283 4040 333 4085 in
362 4040 556 4094 Cilicia,
584 4049 630 4086 et
659 4039 917 4103 praefectus
945 4041 1096 4104 Appii
1127 4041 1178 4087 in
1204 4042 1304 4105 Cy·
1470 4056 1550 4102 19.
1584 4042 1747 4091 Canis.
1768 4043 1880 4089 Scio
1901 4044 2037 4091 canis
2059 4062 2201 4109 posse
2225 4049 2420 4097 defendi

281 4135 403 4180 pr03
440 4119 560 4166 alter
594 4119 867 4183 negotiator
894 4120 944 4164 in
972 4119 1301 4183 Cappadocia.
1391 4137 1452 4168 ex
1479 4120 1680 4169 historia
1703 4135 1716 4168 :
1751 4122 1869 4170 mihi
1899 4135 2056 4172 tamen
2090 4126 2240 4190 magis
2257 4128 2421 4190 place·
