3023 4773
485 421 1025 497 EPISToLAE
1072 423 1210 494 AD
1260 423 1762 512 ATTICUM,
1811 427 1946 510 lv,
2008 419 2112 493 15.
2222 420 2360 497 513

249 547 566 634 laborat,
617 573 709 619 ne
774 533 991 618 animi
1054 550 1130 616 in
1193 545 1449 617 Publio
1500 545 1928 617 offenderer.
1973 551 2095 616 His
2145 547 2367 619 rebus

249 658 419 726 actis
440 710 459 739 ‚
491 656 769 724 Reatini
793 677 905 721 me
927 650 1015 722 ad
1037 677 1162 722 sua
1188 658 1390 748 τέμπη
1416 648 1479 693 ¹⁵
1518 650 1879 722 duxerunt
1900 707 1919 736 ‚
1965 666 2050 721 ut
2083 678 2367 748 agerem

247 787 532 833 causam
577 776 827 832 contra
866 765 1380 832 Interamnates
1417 759 1613 858 apud
1647 762 2011 831 consulem
2045 759 2101 804 ¹⁶
2138 780 2206 833 et
2246 764 2368 836 de-

247 897 400 943 cem
440 871 751 968 legatos3
795 870 997 967 quod
1034 870 1228 941 lacus
1262 870 1599 956 Velinu3‚
1637 894 1677 939 a
1724 874 1841 939 Μ’.
1892 871 2107 939 Curio
2152 877 2365 942 emis-

245 1007 362 1053 sus
385 992 467 1069 ι7,
501 984 837 1051 interciso
866 995 1161 1067 monte,
1199 982 1273 1049 in
1309 983 1571 1050 Narem
1613 977 1863 1049 defluit
1895 1005 1910 1047 ε
1954 1003 2040 1049 ex
2074 1004 2223 1074 quo
2262 996 2371 1051 est

244 1091 362 1162 illa
405 1095 698 1179 siccata,
742 1105 814 1161 et
866 1089 1164 1160 humida
1212 1103 1452 1159 tamen
1497 1088 1780 1158 modice
1826 1086 2157 1158 Roseaffi.
2207 1091 2372 1159 Vixi

245 1225 408 1271 cum
440 1203 617 1271 Axio
633 1212 723 1286 ‚¹9.
762 1203 956 1290 Quin
985 1201 1197 1269 etiam
1231 1223 1345 1269 me
1375 1197 1462 1267 ad
1490 1202 1778 1296 Septem
1807 1222 2027 1294 aquas
2044 1209 2110 1241 ²⁰
2140 1199 2367 1269 duxit.

337 1310 539 1379 Redii
572 1314 876 1378 Romam
921 1309 1281 1378 Fonteii2¹
1326 1331 1539 1378 causa
1577 1331 1636 1376 a.
1679 1304 1747 1376 d.
1782 1332 1884 1375 vu
1928 1307 2089 1377 idus
2130 1310 2365 1404 quint.

244 1421 422 1487 Veni
474 1422 550 1487 in
604 1417 1130 1513 spectaculum;
1187 1417 1549 1513 primum,
1604 1440 1867 1512 magno
1917 1430 1991 1486 et
2040 1418 2372 1513 aequabili

243 1525 497 1622 plausu
514 1536 577 1567 ²²
613 1553 629 1594 ε
669 1525 795 1596 sed
837 1524 978 1596 hoc
1013 1551 1106 1595 ne
1144 1527 1451 1612 curaris3
1489 1547 1623 1622 ego
1659 1526 1991 1622 ineptus,
2036 1530 2163 1622 qui
2196 1530 2370 1598 scri-

240 1745 346 1793 bitu
379 1746 604 1810 suspicor
620 1745 767 1793 latere
784 1743 1031 1794 mendum.
1053 1746 1117 1793 Et
1135 1744 1259 1792 forte

238 1823 378 1871 locus
422 1825 488 1871 ita
532 1823 850 1886 corrigendus
875 1838 888 1869 t
939 1845 960 1866 ι
981 1824 1144 1870 verita
1187 1834 1260 1870 est

240 1904 368 1949 enim
388 1900 485 1949 filia
501 1938 514 1961 ‚
535 1918 644 1964 qnae
668 1917 798 1947 nunc
823 1900 1012 1947 laborat
1027 1936 1041 1957 ‚
1068 1918 1131 1948 ne
1154 1902 1262 1948 ani-

240 1998 376 2028 mum
416 1980 581 2028 Publii
626 1978 996 2038 offenderemn3
1032 1978 1111 2026 vel
1145 2000 1167 2021 ι
1197 1996 1259 2026 ne

237 2063 430 2108 animus
450 2059 610 2105 Publii
637 2056 1025 2105 offenderetur».
1055 2059 1126 2105 Ut
1149 2074 1258 2104 eum

237 2138 451 2186 Tulliola
495 2139 766 2201 rogaverit,
795 2153 856 2183 ne
886 2136 1148 2183 Precilium
1176 2136 1260 2183 de-

236 2217 458 2265 fenderet
492 2228 661 2264 contra
703 2220 756 2264 P.
796 2214 959 2263 Clodii
990 2215 1260 2262 accusatio-

236 2311 385 2343 nem:
423 2297 574 2343 verita
606 2295 823 2353 scilicet,
862 2310 923 2340 ne
962 2292 1165 2343 Clodius
1201 2309 1260 2341 ex

236 2375 369 2423 facto
413 2376 605 2439 gravius
658 2374 943 2421 irritaretur.
996 2373 1137 2419 Mu«.
1189 2401 1259 2410 —-

237 2456 400 2502 Placet
412 2489 426 2512 ‚
444 2456 560 2501 dnm
573 2470 739 2501 verum
754 2462 964 2509 eruatur,
979 2451 1257 2510 conjectura

238 2535 449 2582 Mmutii
465 2569 479 2594 ‚
508 2535 599 2580 nisi
622 2532 755 2597 quod
776 2542 942 2596 putem
964 2530 1222 2593 legendum
1242 2546 1256 2579 ε

238 2633 265 2652 α
286 2629 347 2659 ue
379 2614 591 2660 animum
629 2613 679 2658 in
724 2611 896 2659 Publio
925 2608 1194 2658 offenderet
1211 2632 1255 2659 ιι.

238 2691 433 2738 Scilicet
471 2701 707 2754 egrotans
746 2688 877 2747 fllia,
916 2705 980 2736 ne
1018 2688 1255 2751 aegritudo

235 2769 462 2816 morbum
497 2780 698 2833 augeat,
737 2770 779 2814 si
816 2768 941 2814 forte
977 2767 1030 2813 in
1068 2765 1255 2814 orando

233 2847 421 2910 aliquid
463 2848 672 2895 dicerem
717 2847 769 2891 in
819 2845 1074 2904 Clodium,
1119 2844 1253 2907 quod

233 2942 394 2973 rerum
417 2926 662 2988 potientes
688 2938 813 2985 aegre
836 2924 1041 2985 ferrent,
1067 2933 1116 2970 et
1134 2923 1256 2971 mihi

233 3005 459 3066 meisque
498 3001 768 3067 periculum
809 2999 970 3048 denuo
1007 3000 1252 3050 conflaret.

232 3086 341 3146 Ego
375 3081 519 3131 uolui
552 3081 604 3127 iu
641 3093 751 3126 reos
783 3077 969 3136 dicere,
1006 3080 1117 3142 quia
1153 3078 1253 3125 filia

235 3178 341 3209 mea
383 3176 515 3208 nunc
564 3167 803 3221 aegrotans
844 3157 995 3203 verita
1038 3168 1142 3217 est,
1192 3174 1252 3205 ne

234 3241 466 3287 memoria
487 3237 676 3294 Publii,
702 3236 786 3300 qui
804 3235 966 3283 socius
990 3245 1089 3281 erat
1110 3251 1252 3282 accu-

233 3319 435 3366 sationis
449 3351 464 3376 ,
486 3316 731 3379 aliquidve
749 3315 800 3360 iu
820 3329 931 3360 eum
955 3312 1138 3360 dictum
1155 3313 1251 3360 hoc

234 3397 396 3445 alieno
417 3409 634 3460 tempore
652 3410 793 3443 suum
809 3394 1023 3439 animum
1041 3391 1252 3452 laederet,

234 3487 287 3523 et
316 3476 644 3538 perturbaret,
675 3474 818 3536 eique
851 3468 1129 3518 offunderet
1161 3484 1251 3516 no-

234 3554 374 3601 civos
399 3552 605 3601 dolores.
633 3553 809 3599 Guaev.

320 3632 395 3678 15.
422 3631 605 3695 Τέμπη.
634 3633 763 3677 Loca
783 3644 999 3685 amoena,
1026 3642 1134 3690 quae
1154 3629 1253 3673 Vo-

232 3711 403 3774 piscus
428 3709 583 3756 Caesar
600 3708 750 3756 Italiae
775 3724 945 3755 sumen
962 3704 1250 3770 appellabat.

233 3790 404 3837 Coun.

315 3868 392 3915 16.
424 3866 695 3914 Consulem.
724 3868 821 3930 Ap.
856 3863 1113 3915 Claudium
1142 3862 1253 3910 Pul-

231 3948 423 3994 chrum.
443 3948 508 3994 Et
530 3945 589 3993 de
608 3944 698 3992 hac
716 3945 919 3993 Reatina
937 3959 1078 3990 causa
1097 3944 1253 3989 Varro

230 4026 364 4071 libro
387 4027 458 4071 ΠΙ
479 4057 494 4082 ,
517 4039 623 4086 cap.
648 4039 676 4069 a
691 4054 705 4081 ‚
730 4023 790 4070 de
812 4024 884 4069 Re
904 4033 1021 4068 rust.
1045 4032 1093 4069 et
1114 4020 1254 4068 Taci-

232 4117 318 4150 tus
342 4103 391 4149 in
414 4104 574 4166 primo
597 4100 876 4148 Annalium.
897 4102 1043 4162 ΜΛΝ.

484 4191 567 4255 ll.
620 4204 705 4247 Cic.
742 4218 852 4261 pan·
882 4212 1058 4261 quarta.

1419 1762 1500 1807 ¹7·
1540 1746 1774 1794 Emissus.
1806 1748 1888 1795 An
1918 1746 2069 1808 igitur
2100 1757 2237 1795 antea
2265 1763 2368 1795 nou

1344 1822 1619 1871 defluebat?
1637 1826 1814 1872 Etiam.
1837 1825 1933 1872 Sed
1950 1837 2156 1888 augusto
2178 1835 2367 1873 tantum

1343 1902 1508 1949 Velini
1527 1920 1637 1966 ore,
1660 1903 1796 1967 quod
1819 1915 1987 1951 natura
2010 1906 2202 1952 fecerat.
2235 1906 2372 1953 Con-

1344 1980 1417 2026 sul
1443 1992 1604 2028 autem
1630 1983 1721 2030 Μ’.
1751 1982 1920 2030 Curius
1945 1985 2182 2031 Dentatus
2199 2019 2213 2041 ,
2233 1994 2370 2047 post-

1344 2075 1488 2120 quam
1514 2075 1644 2106 auno
1664 2061 1798 2106 urbis
1830 2063 1999 2108 Romae
2032 2063 2369 2126 CCCCLXH,

1344 2147 1455 2183 ante
1478 2148 1642 2184 natum
1665 2138 1908 2186 Christum
1929 2140 2102 2190 CCXC
2116 2176 2131 2199 ‚
2162 2142 2372 2191 Sabinos

1344 2212 1553 2274 devicit,
1598 2227 1764 2263 moute
1800 2216 2057 2278 interciso,
2084 2219 2227 2268 latius
2270 2224 2368 2287 ipsi

1342 2292 1472 2340 laeui
1496 2295 1687 2358 aperuit
1715 2295 1920 2350 ostium,
1948 2312 2047 2358 quo
2080 2314 2212 2346 nunc
2239 2317 2367 2364 quo-

1344 2388 1437 2435 que
1485 2390 1515 2421 e
1560 2373 1831 2421 celsissimis
1875 2376 2366 2443 praemptissimisque

1343 2452 1566 2499 cautibus
1578 2453 1631 2499 iu
1652 2452 1921 2512 subjectum
1941 2455 2115 2502 Narem
2135 2474 2186 2504 se
2205 2460 2366 2522 praeci-

1343 2529 1465 2591 pitat
1484 2565 1499 2588 ,
1531 2530 1616 2577 ubi
1651 2548 1878 2594 spumans
1904 2533 2174 2598 caelumque
2204 2537 2362 2586 obnu-

1340 2607 1499 2655 bilans
1523 2609 1652 2656 unda
1681 2626 1791 2658 cum
1813 2611 1918 2658 sole
1943 2625 2223 2676 perpetuam
2251 2618 2366 2665 red-

1343 2685 1417 2734 dit
1434 2687 1624 2736 iridem.
1650 2687 1840 2738 (naver.
1864 2690 1972 2738 1221.
1995 2693 2272 2756 Antiq.1ib.
2291 2676 2362 2756 11,

1340 2780 1447 2829 cap.
1473 2768 1522 2812 8.

1417 2847 1496 2893 18.
1541 2848 1717 2896 Rosea.
1758 2850 1970 2913 Campus
2005 2853 2198 2900 Reatini
2235 2855 2360 2917 agri.

1339 2923 1509 2988 Vin-gil.
1527 2924 1636 2971 AEn.
1654 2927 1778 2972 vn:
1803 2948 1828 2966 κ
1842 2928 2003 2974 Rosea
2020 2946 2128 2977 rura
2144 2932 2308 2979 Velini
2320 2954 2367 2980 υ.

1418 3019 1494 3065 ¹9·
1531 3003 1651 3049 Vixi
1683 3019 1793 3049 cum
1817 3005 1966 3052 Axio.
1998 3009 2363 3058 Jucundissime

1336 3081 1444 3128 fui:
1473 3094 1530 3129 ut
1556 3081 1678 3129 infra
1713 3083 1766 3129 iu
1799 3083 2004 3145 epistola
2033 3087 2196 3133 nescio
2227 3104 2355 3151 qua:

1341 3179 1363 3200 ι
1385 3160 1507 3207 Cum
1536 3162 1689 3207 Pansa
1706 3161 1810 3207 vixi
1828 3162 1879 3207 in
1903 3163 2201 3224 Pompeiano
2222 3187 2266 3213 a.
2295 3167 2362 3215 Et

1336 3236 1500 3284 villam
1524 3238 1749 3286 habuisse
1766 3239 1949 3286 Axium
1969 3242 2023 3286 in
2046 3256 2163 3302 agro
2188 3243 2360 3290 Rosia-

1337 3330 1429 3373 no,
1455 3318 1589 3363 testis
1613 3329 1684 3364 est
1711 3320 1868 3364 Varro
1896 3317 1984 3367 lib.
2012 3320 2112 3376 111,
2145 3336 2252 3383 cap.
2287 3338 2316 3368 a
2338 3357 2355 3381 ,

1340 3390 1399 3438 de
1418 3394 1492 3439 Re
1515 3404 1632 3440 rust.
1662 3395 1799 3441 Mn«.

1411 3485 1490 3517 20.
1510 3472 1696 3533 Saeptem
1716 3488 1892 3534 aquas.
1921 3474 2100 3520 Omnes
2117 3476 2219 3536 agri
2237 3478 2357 3523 Rea·

1338 3549 1433 3595 tini
1466 3548 1599 3596 lacus
1635 3549 1780 3596 simul
1815 3551 1882 3596 ita
1921 3551 2079 3597 dictos
2113 3552 2358 3604 existimo.

1337 3629 1613 3674 Hoursnr.

1412 3721 1496 3752 ar.
1537 3705 1743 3753 Fonteii.
1775 3708 1996 3752 Fortasse
2023 3708 2239 3769 Pontini,
2273 3713 2368 3776 qui

1340 3793 1459 3831 tune
1493 3782 1687 3829 volebat
1717 3783 2035 3846 triumphum.
2073 3786 2151 3834 Ad
2180 3792 2241 3852 Q.
2283 3794 2363 3841 Fr.

1340 3864 1441 3919 111,
1468 3861 1709 3918 4.,Οοιιιι.

1415 3957 1498 3989 22.
1566 3942 1767 4004 Magno*
1801 3952 1851 3987 et
1894 3943 2127 4005 aequabili
2160 3947 2359 4008 plausu.

1343 4019 1441 4081 Qui
1468 4020 1586 4066 mihi
1615 4018 1854 4066 theatrum
1893 4021 2178 4082 ingredienti
2208 4043 2233 4072 a
2273 4044 2363 4089 po-

1344 4098 1461 4161 pulo
1493 4099 1633 4145 datus
1664 4111 1750 4148 est.
1785 4099 1847 4145 Et
1875 4099 2067 4146 addidit
2101 4086 2354 4165 cequ'abile',

2034 4184 2120 4253 33
