3023 4773
653 389 787 463 522
1283 392 1379 457 M.
1435 391 1510 457 T.
1568 389 2123 459 CICERONIS

652 536 764 583 res
812 508 904 580 ad
953 521 1276 580 senatum
1328 535 1343 577 :
1403 507 1495 579 de
1545 533 1625 579 ea
1666 534 1747 579 re
1802 509 1899 579 ita
1935 521 2418 593 censuerunt,
2471 510 2772 579 comitia

647 621 885 716 primo
920 641 1217 714 quoque
1256 632 1582 715 tempore
1626 616 1914 700 haberi,
1963 641 2115 689 esse
2169 642 2210 688 e
2260 641 2358 687 re.
2414 620 2723 688 Scaurus
2747 673 2771 702 ‚

646 732 774 826 qui
812 741 961 799 erat
995 728 1240 826 paucis
1272 726 1527 798 diebus
1564 727 1700 797 illis
1732 725 2103 798 absolutus
2125 779 2144 812 ,
2187 749 2416 823 quum
2449 751 2584 823 ego
2614 750 2769 823 par-

643 854 791 909 tem
842 837 997 932 ejus
1038 839 1487 908 ornatissime
1529 834 2045 922 defendissem,
2084 833 2768 906 obnuntiationibus

644 970 774 1045 per
819 946 1198 1017 Scaevolam
1246 948 1717 1043 interpositis,
1766 945 2061 1042 singulis
2106 943 2361 1016 diebus
2406 969 2636 1041 usque
2669 945 2764 1016 ad

646 1055 881 1154 pridie
929 1057 1063 1127 kal.
1109 1055 1384 1127 octobr.
1430 1080 1579 1152 quo
1618 1081 1752 1151 ego
1787 1055 1937 1126 haec
1965 1054 2082 1126 die
2118 1056 2398 1151 scripsi,
2433 1052 2768 1138 sublatiS,

646 1167 923 1266 populo
964 1165 1289 1236 tributim
1328 1165 1524 1237 domi
1560 1191 1704 1237 suae
1741 1165 2172 1238 satisfecerat
2192 1161 2280 1233 ³4.
2317 1165 2451 1236 Sed
2489 1179 2767 1250 tamen,

643 1280 776 1347 etsi
827 1276 1122 1348 uberior
1162 1274 1547 1348 liberalitas
1592 1276 1807 1370 hujus
1831 1331 1850 1362 ,
1890 1280 2159 1373 gratior
2198 1299 2350 1345 esse
2386 1273 2768 1345 videbatur

639 1409 933 1470 eorum,
996 1385 1124 1481 qui
1176 1382 1723 1483 occuparant35.
1777 1391 2140 1482 Cuperem
2192 1384 2470 1455 vultum
2523 1384 2766 1455 videre

640 1510 887 1583 tuum,
921 1520 1153 1591 quum
1181 1496 1332 1566 haec
1363 1497 1656 1592 legeres.
1694 1499 1876 1565 Nam
1912 1495 2238 1592 profecto
2274 1519 2424 1564 rem
2454 1493 2679 1565 habes
2700 1492 2768 1540 ³⁶

638 1605 949 1688 nullam,
998 1605 1148 1676 haec
1195 1611 1481 1701 negotia
1500 1603 1560 1660 ³⁷
1616 1605 2009 1675 multarum
2062 1602 2550 1675 nundinarum
2587 1601 2765 1682 fore.

634 1716 768 1787 Sed
818 1730 1109 1786 senatus
1158 1713 1372 1785 hodie
1421 1714 1656 1785 fuerat
1709 1712 2034 1799 futurus,
2085 1713 2159 1782 id
2207 1726 2349 1798 est,
2389 1712 2519 1782 kal.
2563 1728 2763 1784 octo·

633 1824 911 1895 bribus.
961 1831 1110 1895 Jam
1150 1825 1339 1895 enim
1380 1821 1758 1896 luciscit³⁸.
1798 1823 1906 1894 Ibi
1938 1825 2304 1920 loquetur,
2342 1838 2603 1920 praeter
2627 1829 2768 1893 An-

634 1930 887 2020 tium39
914 1947 984 2004 et
1015 1934 1499 2019 Favonium⁴0‚
1529 1933 1749 2005 libere
1775 1958 2011 2004 nemo.
2032 1935 2212 2002 Nam
2248 1937 2426 2003 Cato
2445 1948 2763 2025 aegrotat.

638 2046 748 2115 De
786 2066 902 2112 me
940 2040 1118 2111 nihil
1159 2043 1519 2130 timueri53
1565 2041 1692 2126 sed
1736 2058 1974 2113 tamen
2021 2043 2368 2139 promitto
2415 2042 2613 2112 nihil.

738 2151 965 2242 Quid,
1003 2153 1296 2248 quaeris,
1338 2151 1580 2222 aliud?
1601 2151 1906 2248 judicia,
1943 2150 2174 2222 credo.
2207 2157 2524 2234 Drusus,
2557 2155 2772 2222 Scau-

640 2286 765 2333 rus
796 2287 945 2332 non
969 2260 1294 2332 fecisse⁴¹
1334 2260 1767 2333 videbantur
1781 2266 1868 2332 ⁴².
1897 2266 2069 2332 Tres
2095 2259 2450 2331 candidati
2477 2258 2633 2332 fore
2660 2267 2768 2334 rei

1742 2434 1802 2482 de
1828 2450 1929 2498 quo
1954 2432 2069 2481 alibi
2107 2431 2318 2479 diximus
2340 2446 2353 2479 τ
2383 2447 2472 2477 nec
2498 2447 2600 2478 nou
2631 2433 2771 2479 omui

1740 2512 1883 2561 laude
1896 2524 1944 2560 et
1958 2513 2144 2559 honore
2160 2509 2335 2574 dignus
2352 2511 2521 2557 Petrus
2536 2510 2771 2569 Bembus‚

711 2435 793 2491 34.
808 2430 1133 2496 Satisfeccrae.
1146 2432 1384 2481 Nummos
1402 2432 1656 2481 distribue-

638 2523 741 2572 rat,
765 2518 895 2559 ntea
921 2511 1206 2559 liberalitate
1235 2512 1403 2559 consul
1430 2512 1652 2577 designa·

637 2605 788 2642 retur.
818 2595 967 2640 Inna.

702 2671 789 2719 35.
837 2672 1162 2732 Occupat-ant.
1209 2670 1338 2718 Ante
1384 2669 1620 2718 dederant
1640 2683 1652 2716 :

633 2761 692 2800 ut
724 2750 999 2807 Domitius,
1024 2748 1244 2796 Messalla
1287 2752 1649 2813 competitores.

646 2830 649 2833 ’
707 2831 789 2878 36.
805 2829 953 2890 Vulg.
972 2826 1128 2875 hans.
1146 2830 1344 2876 Rectius
1362 2836 1494 2886 vere,
1513 2845 1651 2893 «rem

635 2926 735 2958 uon
748 2908 895 2956 habes
912 2906 1092 2954 nullam
1109 2930 1152 2957 a.
1169 2908 1293 2967 Alii,
1306 2925 1453 2972 spem.
1466 2910 1498 2956 J
1503 2911 1579 2955 .V.
1595 2908 1648 2956 1..

704 2991 732 3036 3
745 3005 789 3049 7.
807 2989 924 3036 Hoec
940 2986 1154 3052 negotia.
1174 2988 1319 3035 Ludit
1340 2989 1391 3035 in
1411 2985 1649 3034 vocabulo

634 3068 979 3115 nundinarum.
1008 3066 1096 3114 His
1115 3066 1324 3129 negotiis
1353 3067 1650 3113 interventu·

631 3164 708 3195 ras
741 3146 915 3194 multas
949 3145 1220 3203 nundinas,
1251 3154 1411 3207 potest
1444 3142 1649 3205 intelligi

629 3227 707 3274 vel
731 3225 834 3274 dies
852 3240 953 3271 non
971 3222 1236 3270 comitiales
1255 3220 1396 3283 (uam
1418 3222 1649 3269 nundinis

633 3304 827 3353 comitia
847 3302 1013 3349 haberi
1031 3317 1129 3347 non
1147 3298 1410 3365 poterant),
1426 3299 1504 3347 vel
1524 3298 1649 3347 mul-

630 3396 701 3433 tas
718 3381 1059 3444 suffragiorum
1078 3380 1364 3441 emptiones.
1381 3381 1413 3427 J
1418 3414 1429 3425 .
1452 3381 1501 3426 F.
1521 3380 1650 3427 Gno-

633 3479 834 3510 novms.
891 3487 962 3496 -—-
1012 3458 1232 3505 Alterum
1283 3457 1379 3504 hoc
1432 3458 1649 3520 sequitur

631 3541 928 3604 Mongaltius
953 3548 1152 3585 noster:
1180 3547 1228 3583 et
1254 3546 1384 3582 recte
1411 3536 1641 3599 quidem:

630 3636 824 3682 magnas
844 3620 969 3666 enim
997 3614 1366 3664 candidatorum
1384 3631 1485 3662 esse
1507 3614 1647 3679 largi-

630 3700 816 3755 tiones,
842 3699 1035 3745 Atticus
1070 3711 1170 3742 uon
1198 3694 1400 3742 moleste
1431 3694 1641 3755 ferebat,

627 3788 684 3825 ut
700 3792 842 3840 supra
867 3777 1050 3823 dictum
1070 3786 1156 3821 est.
1180 3774 1329 3822 Ouv.

700 3855 783 3903 38.
810 3854 1032 3902 Luciscit.
1067 3854 1271 3901 Luciscit
1294 3864 1448 3901 autem
1478 3870 1565 3918 per
1592 3854 1641 3913 i,

627 3950 729 3983 non
751 3933 965 3986 lucescit,
995 3950 1182 3997 semper
1209 3934 1257 3980 iu
1279 3934 1489 3996 antiquis
1511 3933 1645 3981 libris

630 4013 862 4076 scriptum
906 4010 1264 4059 observavimus
1280 4048 1295 4071 ,
1331 4012 1463 4074 quod
1503 4012 1644 4059 etiam

628 4096 679 4141 in
700 4090 990 4140 Terentiano
1016 4088 1103 4135 illo
1125 4090 1391 4138 Politiauus
1416 4090 1645 4147 adnotat,

1743 2593 1793 2638 in
1816 2607 1906 2639 suo
1932 2591 2126 2654 dialogo
2155 2589 2216 2636 de
2243 2589 2419 2636 sabulis
2441 2590 2688 2651 Terentii,
2711 2592 2765 2638 in

1740 2670 1828 2718 illo
1854 2670 1967 2718 loco
1984 2669 2282 2726 :-1.uciscit,
2304 2668 2399 2715 hoc
2423 2669 2518 2728 jam
2547 2684 2634 2716 cur
2658 2686 2767 2718 esse

1740 2750 1929 2813 pultare
1954 2751 2132 2798 ostium
2151 2766 2201 2811 -3
2225 2761 2323 2796 tam
2346 2749 2570 2813 pusillam
2592 2760 2640 2796 et
2661 2760 2763 2797 tam

1738 2841 1933 2877 tenuem
1959 2827 2153 2896 θεωρίαν
2170 2866 2183 2887 ,
2224 2839 2322 2876 tam
2357 2845 2560 2892 maguus
2587 2839 2635 2875 et
2662 2841 2764 2876 tam

1738 2910 1893 2973 gravis
1915 2909 1988 2955 vir
2012 2925 2115 2955 nou
2133 2920 2204 2956 est
2226 2920 2524 2972 aspernatus.
2552 2911 2701 2956 Vter.

1810 2988 1891 3048 39.
1946 2986 2166 3036 Antium.
2223 2988 2424 3035 Antium
2475 2988 2758 3035 Restionem

1736 3065 1892 3112 virum
1947 3068 2230 3130 praetorium
2250 3099 2265 3124 ,
2322 3081 2436 3112 nam
2496 3065 2759 3114 Plutarcho

1734 3155 1935 3191 auctore
1951 3180 1966 3202 ‚
2005 3144 2238 3206 Pompeio
2276 3152 2323 3190 et
2364 3144 2539 3191 Crasso
2579 3144 2756 3190 iterum

1736 3239 1858 3271 coss.
1873 3234 2054 3286 praetor
2070 3224 2176 3271 suit.
2193 3224 2337 3269 Hunc
2354 3223 2523 3270 scribit
2536 3223 2756 3272 Macrob.

1735 3301 1886 3364 legem
1911 3302 2256 3366 sumptuariam
2278 3301 2458 3351 tulisse.
2487 3301 2596 3351 Vnt.
2619 3303 2754 3349 Max.

1734 3380 1820 3430 lib.
1839 3383 1937 3442 VI,
1960 3398 2003 3429 c.
2029 3384 2076 3430 8.
2096 3383 2253 3430 Coun.

1809 3469 1887 3517 4ο.
1913 3460 2194 3508 Favonium.
2213 3461 2304 3523 Ep.
2333 3477 2378 3516 1,
2401 3458 2489 3506 lib.
2513 3461 2574 3506 11.
2601 3461 2751 3506 Intn.

1805 3547 1889 3595 41.
1925 3539 2036 3586 Non
2055 3538 2243 3601 fecisse.
2271 3542 2429 3595 Reus,
2450 3555 2477 3585 a
2500 3536 2755 3598 judicibus

1732 3615 1984 3665 absolutus
1995 3653 2009 3677 ,
2028 3618 2103 3666 his
2118 3618 2276 3665 verbis
2288 3620 2522 3665 innocens
2536 3633 2756 3682 pronun-

1734 3696 1967 3755 tiabatur,
1999 3719 2023 3738 σι
2048 3699 2160 3747 Non
2190 3698 2344 3745 videri
2371 3697 2536 3745 fecisse
2557 3718 2598 3743 ιο.
2625 3698 2754 3757 Ergo

1732 3774 1814 3823 hic
1835 3778 2045 3823 Drusum
2073 3789 2121 3824 et
2148 3776 2380 3824 Scaurum
2409 3777 2528 3824 dicit
2553 3775 2752 3823 absolu·

1733 3854 1836 3914 toi,
1854 3855 2065 3902 Drusum
2088 3855 2146 3903 de
2169 3856 2587 3920 praevaricatione,
2611 3857 2755 3904 Scau·

1732 3950 1836 3981 rum
1855 3933 1914 3980 de
1929 3935 2229 3997 repetundis,
2246 3936 2481 3982 Cicerone
2490 3944 2752 3995 utrumque

1734 4011 2039 4061 defendente.
2063 4013 2206 4061 Man.

1807 4102 1891 4148 [ια.
1917 4092 2042 4150 Alit,
2063 4090 2306 4140 videntur.
2334 4091 2382 4139 J.
2404 4092 2467 4139 V.
2497 4092 2547 4136 1..
