3023 4773
592 370 730 440 380
1233 375 1326 440 M.
1380 376 1457 440 T.
1511 375 2073 442 CICERONIS

586 514 786 563 ccmo
831 490 1058 562 100023
1112 498 1523 591 scripserat,
1568 519 1762 565 nunc
1813 496 1903 565 ad
1943 518 2266 565 sororem
2321 507 2517 564 tuam
2575 500 2718 565 H-S

584 627 746 672 xxx.
782 606 1109 678 Terentia
1140 602 1271 673 tibi
1298 605 1599 675 salutem
1637 605 1829 675 dicit.
1859 606 2112 677 Cicero
2132 608 2196 657 ²⁴
2238 604 2364 677 tibi
2391 605 2719 687 mandat,

581 726 666 783 ut
687 712 1159 799 ‚Aristodemo
1198 714 1380 786 idem
1410 715 1500 787 de
1528 740 1603 786 se
1631 716 2069 814 respondeas
2091 771 2110 803 ‚
2148 714 2348 812 quod
2376 714 2466 787 de
2499 715 2718 786 fratre

590 845 761 907 suo,
821 826 1087 893 sororis
1147 837 1287 894 tuae
1341 823 1526 912 filio,
1585 826 2044 924 respondisti.
2103 831 2212 897 De
2270 823 2716 896 Amalthea²⁵

588 928 790 1027 quod
821 956 936 1003 me
962 931 1339 1021 admoneS,
1367 961 1519 1006 uon
1549 936 2019 1036 negligemus,
2054 942 2241 1008 Cura
2265 992 2283 1019 ‚
2315 951 2393 1005 ut
2421 936 2667 1007 valeas.

587 1121 697 1168 dam
716 1121 954 1185 signifieat
974 1124 1034 1171 de
1045 1126 1295 1183 Castricio,
1315 1128 1474 1189 quiin
1489 1128 1605 1174 Asia
1693 1128 1880 1193 laspina
1925 1138 2208 1190 corruptum
2239 1125 2485 1175 viderunt.
2522 1125 2714 1174 Schiitz.

586 1203 861 1264 negotiatus
899 1216 1033 1252 erat:
1075 1215 1132 1252 ut
1169 1223 1232 1253 ex
1269 1207 1489 1255 oratione
1516 1223 1606 1271 pro
1692 1206 1922 1271 intelligit
1946 1206 2227 1270 quindecim
2253 1206 2417 1253 millia.

591 1276 633 1327 F
636 1280 789 1328 lacco.
807 1282 949 1330 ΜΑιι.
1769 1295 1853 1342 ²4·
1884 1285 2065 1334 Cicero.
2095 1285 2239 1332 Filius
2264 1301 2415 1333 meus.

667 1361 749 1407 23.
779 1362 953 1417 Locus,
978 1379 1122 1426 quem
1153 1364 1407 1412 Manutius
1436 1377 1483 1412 et
1504 1367 1608 1412 Ma·
1767 1368 1852 1414 25.
1883 1367 1957 1412 De
1987 1363 2260 1411 Amalthea.
2278 1361 2411 1411 vide
2443 1379 2521 1425 ep.
2551 1378 2569 1407 r
2603 1361 2652 1410 h.
2677 1361 2713 1407 l.

590 1547 957 1571 ”Smmm
961 1552 1414 1573 musmo—aum
1420 1555 1507 1573 m
1513 1553 1691 1573 mm
1695 1553 1877 1573 mm
1883 1551 2519 1572 *mmmmm
2523 1549 2701 1569 mm

1089 1836 1094 1841 Ι
1197 1728 1805 1806 EPISTOLA
1859 1727 2111 1805 VIII.

598 1894 877 1951 Amissam
908 1894 1079 1951 Attici
1108 1893 1270 1971 epist.
1297 1894 1591 1971 queritur,
1624 1912 1867 1970 eamque
1898 1904 1963 1949 ut
1989 1890 2101 1949 sibi
2127 1892 2223 1949 ille
2253 1892 2516 1955 restituat
2547 1893 2722 1969 petit,

672 1990 840 2047 simul
867 1989 1008 2067 quid
1031 1993 1208 2048 Curio
1232 1990 1551 2048 narraverit
1581 1990 1775 2047 refert.
1808 1989 2027 2047 Itinera
2062 2008 2169 2066 per
2204 1988 2389 2056 villas,
2417 2002 2477 2045 et
2512 1988 2722 2065 quibus

676 2085 883 2145 diebus
913 2085 1012 2145 ubi
1045 2089 1275 2146 futurus
1306 2089 1415 2155 sit,
1449 2087 1686 2146 indicat.
1736 2092 1827 2159 (ln
1868 2087 2004 2144 villa
2032 2104 2218 2163 prope
2247 2086 2522 2157 Antium,
2569 2106 2721 2143 anno

675 2188 748 2242 U.
774 2187 839 2242 C.
865 2185 978 2262 694
997 2229 1013 2256 ‚
1045 2205 1241 2244 mense
1273 2186 1488 2263 aprili.)

1253 2313 1572 2377 CICERO
1622 2311 1934 2376 ATTICO
1980 2312 2044 2374 S.

691 2450 1105 2521 EplsTOLAM
1141 2474 1373 2548 quum
1409 2475 1447 2520 a
1481 2465 1551 2520 te
1586 2447 1789 2521 avide
1830 2464 2316 2546 exspectarem
2348 2447 2443 2518 ad
2472 2473 2722 2546 vespe-

593 2582 786 2642 rum,
827 2576 906 2631 ut
943 2562 1140 2632 soleo
1170 2589 1188 2644 ς
1226 2585 1392 2632 ecce
1429 2560 1562 2631 tibi
1600 2561 1935 2644 nuntius,
1969 2584 2238 2657 pueros
2276 2563 2551 2630 venisse
2587 2564 2725 2628 Ro-

591 2693 727 2738 ma.
743 2674 980 2760 voco,
1013 2696 1292 2767 quaerO,
1327 2670 1591 2768 ecquid
1626 2671 2035 2742 literarum?
2057 2684 2341 2766 negant.
2372 2668 2569 2760 Quid
2598 2673 2725 2751 ais,

587 2780 915 2876 inquam,
950 2783 1223 2852 nihilne
1248 2808 1285 2851 a
1316 2780 2151 2880 Pomponio?Perterriti
2178 2803 2354 2849 voce
2383 2792 2454 2848 et
2481 2779 2684 2848 vultu
2704 2835 2721 2860 ‚

589 2888 893 2962 confessi
931 2908 1102 2962 sunt
1138 2917 1213 2964 se
1247 2895 1639 2990 accepisse,
1689 2889 1814 2961 sed
1857 2891 2203 2961 excidisse
2248 2894 2323 2959 in
2359 2891 2491 2959 via.
2527 2888 2719 2980 Quid

497 3060 504 3070 .
591 3001 898 3095 quaeris?
942 3003 1378 3097 permoleste
1416 3002 1570 3071 tuli.
1616 2999 1829 3071 Nulla
1872 3004 2066 3071 enim
2115 2998 2243 3071 abs
2295 3016 2363 3071 te
2412 3024 2544 3096 per
2594 3000 2725 3069 hos

591 3110 742 3179 dies
791 3111 1088 3207 epistola
1132 3115 1362 3182 inanis
1411 3113 1652 3207 aliqua
1698 3135 1778 3181 re
1822 3111 1978 3180 utili
2033 3127 2103 3181 et
2159 3112 2358 3181 suavi
2400 3125 2716 3181 venerat.

591 3223 834 3304 Nune,
871 3223 928 3291 si
962 3221 1136 3318 quid
1174 3226 1248 3292 in
1291 3246 1370 3291 ea
1395 3221 1734 3320 epistola,
1764 3246 1984 3317 quam
2021 3237 2187 3291 ante
2218 3220 2408 3290 diem
2439 3245 2550 3288 xvl
2582 3219 2720 3288 kal.

587 3337 753 3401 mai.
797 3331 1093 3418 dedisti,
1130 3331 1267 3402 fuit
1306 3333 1601 3403 historia
1639 3331 2023 3429 dignum¹‚
2046 3330 2281 3401 scribe
2318 3354 2533 3427 quam
2574 3330 2724 3427 pri-

592 3467 834 3530 mum,
889 3467 980 3514 ne
1037 3446 1452 3541 ignoremus
1492 3470 1508 3513 ε
1547 3447 1656 3513 sin
1711 3441 1887 3512 nihil
1944 3457 2201 3539 praeter
2251 3441 2729 3537 jocationem‚

592 3552 813 3624 redde
846 3553 917 3625 id
956 3556 1212 3652 ipsum.
1259 3560 1347 3625 Et
1386 3557 1568 3626 scito
1596 3555 1991 3624 Curionem
2030 3552 2560 3623 adolescentem
2607 3574 2723 3619 ve-

593 3664 785 3732 nisse
826 3663 913 3733 ad
956 3689 1071 3735 me
1109 3664 1517 3735 salutatum.
1558 3662 1785 3734 Valde
1814 3663 1970 3758 ejus
2012 3686 2251 3733 sermo
2286 3662 2377 3732 de
2425 3659 2723 3731 Publio²

595 3792 758 3839 cum
812 3775 953 3843 tuis
996 3773 1218 3845 literis
1268 3772 1734 3871 congruebat.
1774 3776 1935 3869 lpse
1980 3797 2149 3843 vero
2201 3771 2610 3842 mirandum
2655 3772 2723 3839 in

674 3967 713 3996 1.
744 3950 962 4000 Historia
987 3953 1199 4018 dignum.
1233 3954 1293 4004 Id
1319 3967 1415 4012 est,
1447 3955 1613 4019 cogui-
1777 3968 1823 3999 α.
1843 3953 1917 3999 De
1935 3954 2124 4001 Publio.
2149 3953 2340 4002 Clodio.
2360 3953 2535 4001 Aiebat
2554 3951 2729 4001 Caesari

599 4041 649 4076 ω
690 4029 917 4092 dignum·
953 4043 1004 4078 ut
1025 4036 1182 4081 Graeci
1213 4033 1418 4102 ἱστορίαν
1444 4035 1613 4082 eodem
1708 4042 1753 4078 et
1783 4033 2018 4095 Pompeio
2051 4033 2195 4080 bilem
2237 4033 2565 4090 commoveri,
2596 4031 2727 4094 qnod

599 4126 737 4157 seusu
763 4108 945 4157 dicunt.
973 4113 1059 4157 En.
1707 4109 1993 4174 legationem
2016 4123 2269 4159 recusaret.
2293 4113 2383 4160 En.
