3023 4773
479 392 484 396 ’
535 374 1082 443 EPISTOLAE
1131 375 1271 442 AD
1321 373 1830 463 ATTtCUM,
1880 377 1954 462 1,
1999 399 2106 445 ιι.
2240 376 2380 471 ²93

244 487 396 581 jam
420 499 820 568 ceterarum
847 509 1135 556 rerum:
1178 509 1360 583 quas
1389 499 1472 555 tu
1493 540 1514 574 ‚
1549 485 1967 560 incredibile
1995 502 2136 577 est,
2164 514 2384 586 quam

250 595 454 667 brevi
482 609 813 695 tempore
839 610 1116 692 quanto
1143 595 1541 668 deteriores
1569 593 1978 670 offensurus
2004 603 2099 670 sis
2116 650 2136 683 ,
2165 624 2383 696 quam

250 706 629 803 reliquisti.

883 1070 1489 1150 EPISTOLA
1560 1073 1759 1150 XII.

250 1231 595 1293 Teucridem
621 1232 918 1309 promissae
944 1230 1206 1309 pecuniae
1233 1230 1574 1308 petitionem
1598 1230 1839 1293 differre
1866 1244 2085 1291 narrat.
2110 1237 2298 1310 Rogat
2323 1247 2388 1291 ut

329 1329 588 1386 sinistros
608 1347 892 1400 rumores,
919 1348 1066 1405 quos
1087 1327 1375 1386 Antonius
1393 1327 1751 1386 Macedoniae
1769 1348 1999 1407 procos.
2020 1328 2133 1388 sibi
2156 1329 2388 1408 adsper-

330 1443 469 1503 gere
518 1425 765 1494 dicatur,
814 1425 1121 1503 diligenter
1160 1425 1515 1504 perspiciat,
1562 1424 1636 1487 de
1682 1426 1944 1509 Pompeii
1983 1425 2269 1496 divortio,
2316 1428 2391 1486 de

332 1521 522 1580 Clodii
563 1524 782 1581 incestu
803 1564 819 1591 ,
854 1534 913 1579 et
953 1521 1027 1579 de
1059 1521 1311 1581 Sosithei
1349 1534 1680 1599 anagnostae
1706 1535 1892 1592 morte
1928 1522 2148 1582 scribit.
2183 1529 2389 1597 (Anno

333 1627 410 1681 U.
435 1625 499 1679 C.
527 1622 673 1703 692,
708 1640 903 1681 meuse
922 1620 1237 1699 januario.)

928 1798 1238 1863 CICERO
1286 1798 1601 1863 ATTICO
1648 1801 1712 1863 S.

353 1951 373 1983 ¹
395 1944 701 2011 Ttucms
736 1937 900 2007 illa²
945 1937 1223 2006 lentum
1270 1960 1440 2006 sane
1473 1939 1891 2034 negotium:
1929 1962 2170 2035 neque
2207 1944 2386 2011 Cor-

246 2048 537 2125 nelius³
570 2048 657 2121 ad
686 2052 1090 2121 Terentiam
1111 2050 1140 2098 ⁴
1177 2062 1424 2144 postea
1458 2048 1696 2120 rediit.
1741 2054 2052 2148 Opinor‚
2081 2053 2169 2123 ad
2202 2057 2388 2125 Cou-

246 2163 553 2248 sidium,
598 2161 895 2246 Axium,
934 2156 1271 2228 Selicium
1325 2155 1893 2253 confugiendum
1939 2175 2065 2230 est.
2112 2164 2298 2233 Nam
2344 2190 2385 2234 a

321 2367 371 2399 ι.
400 2350 521 2396 Hoec
548 2346 753 2413 epistola
769 2346 820 2394 in
839 2344 951 2395 edd.
969 2361 1048 2410 pr.
1076 2354 1127 2393 et
1151 2344 1275 2393 MSS

245 2429 465 2478 eobaeret
498 2444 611 2476 cum
639 2426 914 2491 superiori:
949 2425 1164 2485 sejuncta
1200 2435 1275 2473 est

244 2518 447 2557 auctore
473 2505 714 2556 Corrado.
736 2507 866 2554 LV.
894 2506 951 2553 1..

319 2603 368 2635 ω.
411 2584 601 2633 Tenes-is
637 2584 742 2638 illa.
780 2586 927 2632 Putat
960 2584 1134 2631 Bosius
1172 2582 1268 2631 hoc

246 2664 447 2714 nomine
481 2660 744 2728 significari
769 2663 825 2712 C.
852 2663 1124 2710 Antonium
1161 2662 1268 2709 col-

245 2742 408 2808 legam
451 2743 704 2791 Ciceronis
741 2741 793 2787 in
836 2741 1110 2790 consulatu.
1172 2742 1273 2789 Cur

245 2839 366 2871 vero
393 2821 642 2871 Antonius
664 2822 730 2868 ita
751 2821 815 2867 sit
836 2819 1108 2884 appellatus
1128 2819 1172 2868 ἰν
1201 2824 1269 2886 τῷ

248 2901 493 2972 αἰνίγματι
509 2937 523 2960 ,
566 2901 716 2948 mults
766 2899 963 2963 quidem
1015 2899 1270 2948 adducunt

246 2982 563 3046 interpretes,
592 2995 803 3044 quorum
839 2980 1142 3040 conjecturas
1169 2979 1267 3028 huc

247 3062 506 3110 transferre
540 3058 695 3123 piget.
717 3059 807 3105 Eu.
841 3087 907 3095 —
950 3058 1115 3119 Quum
1153 3075 1267 3107 vero

249 3140 376 3189 dicet
394 3163 419 3183 κ
435 3141 622 3188 lentum
645 3136 955 3200 negotium-o,
985 3137 1100 3186 Sch.
1124 3149 1268 3201 puts-

247 3222 318 3268 vit
338 3220 431 3268 sub
457 3218 656 3267 nomine
669 3215 924 3264 'l'eucridis
944 3215 1090 3264 lutere
1115 3216 1265 3265 foeue·

248 3310 454 3348 ratorem
482 3296 738 3362 quemdum
759 3330 773 3353 ,
798 3304 883 3342 sut
908 3295 1072 3359 potius
1099 3295 1265 3343 mulie·

248 3397 347 3429 rem
364 3380 590 3435 divitem,
607 3377 814 3426 Antonii
828 3379 1268 3439 necessarinm‚quae

248 3459 500 3515 cnoeroni,
523 3457 732 3520 allegnto
760 3454 824 3502 sd
851 3456 1126 3503 Terentiam
1145 3457 1268 3504 Cor·

247 3538 403 3595 uelio,
435 3536 657 3602 pecuniae
694 3551 928 3582 summam
964 3547 1181 3585 mutuam
1216 3553 1267 3583 se

247 3617 465 3665 daturam
478 3619 779 3681 promiserat,
789 3615 830 3661 εἰ
841 3615 985 3663 vellet
997 3616 1267 3664 Antonium

248 3695 530 3755 defendere,
550 3712 611 3742 ne
627 3711 689 3742 ex
709 3694 964 3759 provincia
979 3695 1265 3744 Macedouis

246 3791 391 3839 quam
413 3787 518 3825 tum
543 3774 809 3838 proconsul
845 3774 1065 3838 regebat,
1092 3789 1265 3823 evoca·

248 3865 399 3904 retur.
429 3856 548 3903 Seu.

320 3937 372 3984 3.
401 3933 666 3983 Cornelius.
695 3932 870 3981 Affinis
897 3935 948 3979 P.
978 3932 1152 3990 Sextii,
1179 3934 1265 3998 qui

250 4023 366 4060 tuuc
397 4024 613 4077 quoestor
640 4022 742 4059 erat
767 4013 824 4060 C.
853 4013 1057 4059 Antonii
1084 4014 1134 4060 in
1161 4015 1264 4060 Ma-

249 4093 498 4142 cedonia:
555 4093 695 4156 epist.
733 4093 797 4150 6,
832 4090 916 4138 lib.
957 4091 1113 4150 v,.ad
1153 4093 1261 4140 Div.

1362 2345 1617 2394 Cornelius
1652 2346 1802 2411 igitur
1842 2348 2012 2397 Rome
2050 2366 2202 2413 quum
2227 2362 2382 2411 esset,

1359 2424 1458 2474 hoc
1479 2428 1730 2491 negotium
1757 2429 1959 2476 sortasse
1980 2430 2194 2480 curabat.
2218 2432 2380 2481 Con.

1431 2514 1480 2562 4.
1494 2506 1582 2553 Ad
1599 2507 2382 2559 Terentiam.‘l'otumhunclocum

1358 2585 1541 2648 Popma
1563 2584 1855 2635 deAutonio
1875 2587 2117 2652 iutelligit.
2130 2591 2380 2639 Antonius

1360 2665 1490 2713 lente
1516 2665 1662 2713 solvit
1682 2698 1696 2722 ,
1719 2677 1770 2715 et
1790 2683 1866 2716 me
1888 2669 2147 2717 frustratur
2169 2671 2246 2717 his
2267 2687 2378 2718 ver-

1359 2744 1436 2791 bis
1459 2777 1475 2804 ,
1507 2745 1748 2792 Libertum
1771 2745 1937 2803 mitto,
1958 2747 2046 2811 qui
2084 2748 2170 2796 tibi
2203 2765 2374 2797 nume-

1358 2833 1463 2882 ret,
1514 2823 1619 2871 Tito
1661 2824 1834 2872 Attico
1873 2825 2133 2881 mandavi,
2177 2838 2234 2874 ut
2274 2829 2380 2891 ipse

1358 2917 1469 2950 meo
1487 2893 1685 2948 nomine
1701 2902 1941 2952 solveret:
1960 2920 2069 2968 quae
2088 2921 2250 2953 revera
2266 2917 2380 2953 suut

1357 2982 1693 3030 excusationes
1718 2992 1864 3045 atque
1892 2981 2165 3042 dilationes.
2188 2985 2284 3031 Sed
2302 3001 2380 3033 ue-

1356 3075 1465 3125 que·
1482 3061 1728 3110 Cornelius
1750 3060 1811 3107 ab
1834 3060 1921 3108 illo
1945 3061 2176 3124 allegatus
2200 3063 2266 3110 nd
2291 3065 2381 3110 Te-

1356 3141 1731 3203 rentiam,quum
1744 3155 1879 3204 spem
1899 3140 2158 3188 solutionis
2168 3142 2375 3202 fecisset,

1353 3220 1418 3267 nd
1456 3236 1562 3268 eam
1589 3231 1756 3283 postea
1782 3219 1943 3269 rediit.
1970 3223 2141 3283 Itaque
2172 3234 2372 3285 oportet

1355 3313 1429 3346 me
1453 3299 1714 3363 confugere
1739 3299 1802 3347 ad
1823 3299 2037 3357 Axium,
2061 3300 2339 3350 Considium
2355 3339 2370 3360 ,

1353 3378 1603 3435 Selicium,
1632 3379 1973 3437 foeueratores,
2004 3390 2054 3426 et
2080 3378 2141 3426 ab
2167 3379 2265 3428 illis
2292 3399 2378 3446 pe·

1355 3457 1548 3503 cuniam
1593 3473 1797 3505 sumere.
1838 3459 1964 3506 Nam
2003 3457 2223 3506 Caecilius
2275 3470 2370 3509 tam

1357 3534 1508 3583 durus
1545 3536 1810 3584 foenerstor
1844 3547 1918 3584 est
1939 3569 1955 3594 ,
1993 3548 2049 3584 ut
2082 3536 2144 3584 ab
2180 3554 2241 3586 eo
2276 3558 2368 3589 uec
2468 3581 2478 3592 .

1355 3615 1506 3679 ipsius
1522 3616 1787 3680 propinqui
1805 3631 2055 3664 nummum
2071 3615 2246 3666 habere
2260 3637 2373 3684 pos-

1354 3694 1479 3750 sint,
1505 3695 1601 3741 uisi
1623 3693 1842 3758 pendant
1865 3694 2148 3744 centesimas
2176 3714 2344 3747 usuras
2359 3736 2374 3758 ,

1355 3774 1406 3822 id
1431 3784 1501 3821 est
1518 3807 1534 3832 ,
1549 3773 1599 3819 in
1620 3788 1750 3820 anuo
1771 3772 2026 3821 duodenos
2040 3791 2262 3826 nummos
2276 3796 2369 3843 pro

1356 3853 1587 3903 centenis.
1604 3853 1948 3900 Verumtamen
1972 3855 2104 3918 quod
2127 3867 2222 3904 tam
2241 3858 2374 3906 lente

1353 3933 1500 3982 solvit
1538 3931 1810 3989 Antonius,
1849 3931 1973 3980 bene
2001 3934 2158 3996 csdit,
2187 3948 2241 3985 ut
2268 3955 2369 3986 uon

1353 4025 1519 4059 tenear
1552 4026 1662 4057 eum
1692 4009 1966 4074 defendere,
1982 4031 2132 4077 quum
2160 4033 2269 4064 reus
2297 4035 2370 4064 re-

1352 4090 1677 4156 petundarum
1702 4101 1890 4156 agetur.
1908 4093 2029 4142 Nam
2048 4112 2369 4159 pra-cursores
