3023 4773
623 413 765 502 474
1270 412 1368 478 Μ.
1419 411 1498 477 T.
1550 407 2097 478 CICERONIS

621 526 963 598 frumenti
985 524 1372 625 inopiam¹³
1390 552 1543 600 esse
1564 526 1989 614 clamarent3
2026 547 2259 623 quum
2287 547 2418 621 per
2444 547 2569 596 eos
2594 523 2751 599 dies

620 653 909 708 senatus
946 635 1036 707 de
1071 662 1359 708 annona
1393 634 1822 724 haberetur,
1857 651 1930 708 et
1963 635 2053 706 ad
2095 636 2248 731 ejus
2292 640 2745 731 procuratio-

619 769 788 816 nem
809 769 1141 818 sermone
1164 771 1313 817 non
1334 746 1565 817 solum
1585 745 1846 845 plebis,
1867 768 2114 816 verum
2144 744 2357 814 etiam
2379 741 2744 815 bonorum

622 855 1009 954 Pompeius
1052 870 1472 940 vocaretur,
1514 855 1732 952 idque
1768 854 1922 951 ipse
1963 866 2294 951 cuperet3
2331 852 2746 924 multitudo·

622 989 765 1061 que
801 990 843 1035 a
874 989 989 1036 me
1018 965 1479 1050 nominatim,
1518 978 1602 1035 ut
1641 962 1716 1035 id
1761 963 2260 1049 decernerem,
2295 963 2688 1059 postularet
2720 992 2741 1033 ε

620 1073 796 1163 feci,
836 1088 909 1145 et
958 1088 1282 1145 accurate
1326 1075 1755 1145 sententiam
1805 1072 1991 1159 dixi3
2060 1095 2288 1168 quum
2330 1069 2742 1143 abesseut¹⁴

620 1165 1064 1271 consulareS,
1120 1182 1322 1281 quod
1365 1198 1524 1255 tuto
1575 1206 1650 1255 se
1692 1196 2035 1279 negarent
2074 1205 2282 1278 posse
2317 1183 2746 1253 sententiam

618 1291 894 1379 dicere,
947 1307 1203 1390 praeter
1257 1293 1659 1366 Messallam
1708 1308 1780 1365 et
1833 1291 2225 1366 Afranium.
2286 1300 2577 1365 Factum
2637 1309 2751 1366 est

621 1402 1322 1475 senatusconsultum
1349 1407 1423 1476 in
1444 1428 1674 1475 meam
1707 1404 2169 1490 sententiam,
2217 1417 2298 1474 ut
2325 1427 2490 1474 cum
2528 1408 2749 1474 Pom-

620 1512 785 1610 peio
828 1526 1199 1607 ageretur,
1241 1527 1323 1585 ut
1367 1538 1526 1584 eam
1563 1537 1715 1583 rem
1755 1513 2188 1609 susciperet,
2225 1510 2485 1608 lexque
2521 1508 2749 1582 ferre-

618 1634 739 1690 tur
786 1647 802 1689 :
854 1646 1005 1717 quo
1051 1621 1678 1694 senatusconsulto
1727 1622 2025 1693 recitato
2082 1646 2310 1717 quum
2357 1622 2748 1708 continuo,

619 1753 823 1801 more
847 1731 988 1803 hoc
1015 1731 1284 1803 insulso
1306 1747 1378 1802 et
1407 1756 1598 1802 novo
1615 1785 1634 1818 ,
1670 1731 1999 1830 plausum
2019 1785 2038 1818 ,
2063 1755 2227 1801 meo
2249 1733 2541 1802 nomine
2567 1733 2751 1802 reci·

617 1839 836 1911 tando
863 1837 926 1884 ¹⁵
946 1895 966 1924 ,
1010 1840 1355 1927 dedisset;
1388 1839 1610 1920 habui
1645 1845 2068 1912 concionem
2098 1835 2157 1882 ¹⁶
2191 1867 2206 1909 :
2244 1865 2496 1911 omnes
2525 1843 2751 1936 magi·

621 1963 884 2020 stratus
927 1964 1345 2047 praesentes,
1398 1965 1657 2047 praeter
1712 1975 1940 2022 unum
1993 1964 2412 2049 praetorem,
2453 1963 2528 2020 et
2562 1950 2754 2020 duos

617 2057 952 2130 tribunos
1007 2058 1275 2157 plebis,
1331 2059 1688 2131 dederunt
1729 2071 1813 2131 ¹⁷.
1868 2058 2213 2132 Postridie
2263 2075 2553 2130 senatus
2602 2057 2752 2129 fre-

618 2193 885 2264 quenS,
923 2184 996 2240 et
1028 2194 1281 2241 omnes
1318 2170 1730 2241 consulares
1767 2170 1945 2241 nihil
1979 2170 2325 2267 Pompeio
2351 2168 2748 2267 postulanti

619 2293 994 2375 negarunt.
1023 2280 1149 2351 Ille
1180 2280 1447 2378 legatos
1474 2278 1886 2378 quindecim
1915 2304 2141 2377 quum
2172 2279 2601 2377 postularet,
2631 2302 2748 2348 me

618 2390 1015 2488 principem
1063 2392 1499 2478 nominavit;
1560 2405 1635 2462 et
1661 2391 1752 2462 ad
1781 2385 1840 2435 ¹⁸
1883 2392 2125 2462 omnia
2167 2414 2284 2461 me
2325 2390 2632 2460 alterum
2670 2414 2746 2458 se

621 2494 772 2569 fore
800 2498 992 2569 dixit.
1010 2504 1273 2595 Legem
1296 2500 1629 2571 consules
1656 2511 1717 2558 ¹9
1736 2502 2349 2598 conscripserunt,
2371 2524 2519 2597 qua
2542 2505 2747 2570 Pom·

693 2696 771 2745 13.
792 2696 1042 2745 Frumenti
1058 2696 1294 2762 inopiam.
1312 2699 1433 2749 Vid.
1452 2698 1544 2748 lib.
1567 2701 1630 2757 11,

615 2772 678 2823 ad
701 2772 772 2836 Q.
796 2778 951 2825 Fratr.
979 2776 1122 2839 epist.
1143 2778 1189 2825 3.

1719 2702 1885 2764 potius
1929 2699 2158 2748 vilitatem
2204 2700 2349 2748 fuine
2373 2710 2460 2749 :et
2484 2699 2746 2748 verisimile

1719 2778 1936 2837 videtur,
1982 2779 2292 2841 Ciceronem,
2327 2780 2370 2826 ai
2396 2780 2560 2828 minua
2606 2790 2744 2828 ante·

689 2870 709 2900 x
720 2863 769 2911 4.
789 2854 1037 2903 Abessene.
1056 2854 1322 2903 Abfuerant
1338 2866 1396 2903 ut
1413 2856 1634 2920 Pompeii

614 2933 884 2998 potentiam
901 2933 1103 2990 invitam
1126 2934 1398 2984 redderent.
1435 2935 1526 2982 En.

692 3014 778 3063 15.
818 3016 930 3061 Meo
948 3013 1143 3063 nomine
1167 3014 1434 3063 recitando.
1469 3015 1632 3075 Quum

607 3107 776 3140 meum
819 3108 997 3141 nomen
1034 3094 1326 3142 recitaretur.
1355 3096 1471 3141 Post
1497 3107 1635 3140 eena-

616 3172 998 3228 tuaconaultum,
1012 3173 1114 3233 ejus
1127 3188 1306 3220 nomeu
1323 3171 1630 3227 recitabatur,

615 3252 753 3313 eujus
769 3250 823 3299 in
838 3252 1122 3300 sententiam
1142 3253 1321 3299 sactum
1338 3261 1477 3298 eaaet.
1488 3252 1631 3299 Man.

691 3331 771 3380 16.
800 3329 968 3378 Habui
988 3330 1286 3379 concionem.
1307 3329 1515 3376 Videtur
1533 3345 1636 3376 esse

616 3408 803 3464 oratio,
845 3423 954 3472 qum
987 3417 1169 3465 exstat,
1196 3417 1310 3471 poat
1335 3406 1546 3454 reditum
1571 3406 1633 3453 ad

615 3485 847 3548 Quirites.
873 3484 1025 3548 Quod
1044 3486 1086 3532 ai
1112 3485 1178 3532 ita
1206 3495 1306 3543 eat,
1340 3495 1634 3549 preponere

616 3563 796 3610 sactum
807 3562 870 3610 ab
884 3563 944 3611 iis
957 3597 973 3622 ,
995 3563 1082 3628 qui
1098 3579 1202 3610 eam
1227 3572 1340 3611 ante
1364 3562 1634 3610 orationem

614 3641 667 3688 in
684 3644 855 3690 senatu
877 3642 1091 3690 habitam
1118 3642 1419 3690 collocarunt
1440 3656 1453 3690 :
1481 3656 1631 3704 quum

616 3729 775 3783 pateat
794 3736 852 3768 ex
868 3721 960 3769 hac
976 3721 1181 3786 epistola
1193 3759 1208 3784 ,
1230 3731 1341 3785 post
1368 3722 1513 3768 fuisse
1533 3719 1633 3767 col-

614 3798 884 3847 locandam.
902 3802 1134 3850 Inan.—-
1149 3803 1263 3850 Non
1290 3801 1418 3848 illam
1447 3799 1632 3848 oratio·

614 3893 725 3925 nem
738 3909 756 3937 ‚
774 3894 882 3939 quae
900 3890 1056 3928 exstat
1072 3892 1181 3943 pou
1202 3879 1409 3928 reditum
1428 3879 1492 3927 ad
1513 3877 1633 3941 Qui-

615 3956 730 4004 rites
746 3989 763 4015 ,
785 3955 872 4003 aed
898 3956 1152 4007 diversam.
1175 3960 1294 4007 Haec
1317 3960 1445 4007 enim
1469 3958 1633 4007 habita

614 4045 685 4083 eat
703 4034 763 4082 de
782 4033 977 4082 caritate
995 4036 1248 4085 immenti:
1264 4038 1313 4085 in
1333 4038 1414 4085 illa
1435 4036 1494 4085 de
1510 4053 1565 4085 ea
1584 4052 1632 4082 re

611 4112 769 4163 tenuia
787 4122 859 4160 eat
877 4111 1059 4160 mentio
1073 4147 1087 4169 ,
1106 4124 1153 4160 et
1180 4131 1258 4174 ea,
1280 4131 1389 4177 quae
1412 4113 1634 4169 ostendat

1719 2874 1867 2921 quam
1885 2859 2073 2905 senatui
2096 2858 2272 2921 gratias
2288 2867 2449 2921 ageret
2460 2892 2475 2915 ,
2492 2869 2622 2906 certe
2640 2875 2743 2907 non

1721 2948 1833 3000 post
1874 2936 2064 3000 aliquot
2092 2936 2195 2984 dies
2218 2935 2350 2984 illam
2375 2936 2601 2985 habuisse
2618 2970 2634 2996 ,
2660 2938 2745 2985 aed

1721 3015 1908 3070 atatim,
1938 3031 2090 3079 quum
2118 3015 2305 3064 senatui
2332 3015 2509 3078 gratias
2534 3016 2738 3081 egisset:

1722 3102 1778 3139 ut
1794 3092 1910 3140 alias
1933 3094 2235 3154 conjecturas
2254 3093 2461 3143 mittam.
2480 3096 2640 3144 Con.

1799 3186 1877 3233 ¹7·
1916 3170 2184 3220 Dedenme.
2250 3171 2571 3220 Concionem.
2615 3171 2743 3219 Nam

1721 3248 2002 3296 concionari
2037 3248 2230 3312 privato
2280 3264 2383 3296 nou
2420 3248 2625 3311 licebat,
2656 3252 2748 3297 nisi

1723 3329 2027 3389 magistratus
2050 3326 2232 3374 curulis
2247 3362 2263 3384 ,
2280 3337 2363 3374 aut
2390 3326 2614 3375 tribunus
2643 3326 2748 3392 ple·

1724 3403 1798 3450 bis
1815 3404 2102 3451 concionem
2117 3402 2269 3453 daret.
2288 3406 2550 3452 Pretorem
2566 3415 2749 3462 autem,

1722 3481 1808 3546 qui
1853 3482 2140 3529 concIouem
2180 3498 2284 3530 nou
2331 3482 2495 3541 dedit,
2531 3482 2747 3546 intellige

1722 3561 1822 3625 Ap.
1842 3556 2095 3620 Clodium,
2125 3562 2177 3608 P.
2207 3561 2369 3610 Clodii
2413 3563 2635 3610 fratrem:
2661 3562 2747 3608 tri-

1721 3638 1880 3687 bunos
1908 3639 2063 3704 plebis
2081 3643 2189 3689 Sex.
2218 3640 2442 3688 Attilium
2463 3642 2748 3702 Semnum,

1721 3731 1769 3766 et
1783 3718 2062 3766 Numerium
2093 3720 2349 3781 Quintium
2365 3754 2380 3777 ‚
2406 3719 2468 3768 de
2498 3720 2678 3783 quibus
2696 3720 2749 3767 in

1722 3796 1941 3844 oratioue
1967 3812 2058 3858 pro
2107 3798 2276 3844 Sextio
2296 3833 2309 3855 ‚
2338 3809 2386 3845 et
2415 3797 2671 3846 Paedianua
2696 3798 2749 3843 in

1723 3876 1959 3922 Pisonem.
1996 3874 2140 3922 Mau.

1801 3953 1876 3998 18.
1895 3951 2046 3999 Abest
2074 3950 2156 3998 ad.
2180 3953 2231 3999 J.
2254 3954 2317 4000 V.
2343 3953 2394 3998 L.

1802 4047 1878 4095 ¹9·
1908 4030 2148 4079 Consule-n
2171 4033 2226 4079 P.
2253 4032 2486 4081 Lentulus
2511 4030 2747 4095 Spinther

1723 4123 1772 4159 et
1795 4112 1858 4174 Q.
1887 4109 2112 4158 Metellus
2136 4112 2321 4174 Nepos.
