3023 4773
718 388 1253 466 LEONARDI
1304 396 1959 471 MALAESPINAE.
2269 403 2409 489 243

273 518 599 582 livolentia
641 518 1053 582 concitantur
1102 518 1331 604 (levior
1369 520 1547 584 enim
1599 519 1879 583 offensio
1927 537 2025 584 est
2073 520 2245 606 ejus,
2297 527 2415 612 qui

272 646 386 712 per
422 622 965 711 imprudentiam,
1020 640 1397 712 naturaeque
1433 624 1625 705 vitio,
1672 647 1871 712 quam
1918 627 2033 713 qui
2082 629 2293 696 sciens
2333 653 2410 695 ac

266 730 580 818 prudens,
616 730 683 794 in
720 730 1015 795 fraudem
1050 731 1341 820 incidit),
1378 748 1597 795 tamen
1628 732 1959 797 emendari
1983 735 2090 797 vix
2114 754 2411 823 possuntt

265 837 402 900 Hos
442 858 601 926 ergo
635 838 864 901 missos
898 838 1103 902 facio:
1140 838 1240 901 his
1274 838 1436 901 mihi
1460 837 1800 926 negotium
1828 853 1961 920 est,
1998 841 2112 927 qui
2142 858 2415 930 pecoent

263 941 483 1006 dedita
528 966 756 1031 opera,
795 960 862 1007 et
919 945 1190 1007 fortasse
1236 945 1428 1007 etiam
1476 942 1852 1008 deliciarum
1899 963 2126 1010 causat
2176 949 2414 1035 quibus

263 1064 484 1114 tamen
530 1049 925 1139 respondere
973 1050 1514 1139 supersedissem,
1559 1067 1773 1134 ratus,
1823 1051 2031 1117 doctis
2067 1067 2135 1117 et
2164 1053 2416 1135 judicio

261 1156 550 1246 praeditis
593 1157 1017 1238 hominibus,
1057 1158 1206 1221 satis
1249 1157 1383 1237 jam
1431 1157 1679 1221 factum
1723 1179 1906 1222 esse:
1961 1159 2088 1222 nisi
2127 1182 2415 1245 vererer,

260 1286 345 1327 ne
367 1312 385 1345 ,
424 1264 479 1326 si
516 1263 621 1327 isti
663 1263 934 1326 tacitum
960 1263 1204 1343 ferant,
1233 1285 1369 1326 non
1398 1277 1529 1327 tam
1546 1255 1847 1327 ‘noluisse
1872 1274 2025 1346 nos,
2052 1285 2251 1353 quam
2280 1283 2416 1331 non

259 1368 554 1457 potuisse
585 1365 1012 1454 respondere,
1039 1365 1410 1453 praedicent.
1430 1368 1517 1430 Et
1544 1366 1740 1430 simul
1766 1367 1845 1430 iis
1871 1369 2247 1435 consultum
2275 1389 2416 1436 esse

257 1474 628 1553 voluimus»,
657 1471 771 1559 qui
817 1471 1074 1561 longius
1110 1471 1334 1536 videre
1380 1493 1518 1535 non
1555 1488 1829 1559 queunt.
1872 1474 2080 1563 Ergo,
2126 1474 2288 1562 quid
2323 1475 2416 1541 illi

260 1578 740 1643 criminantur?
777 1577 1218 1643 Contaminari
1247 1579 1483 1659 libros,
1516 1599 1651 1642 non
1686 1581 1968 1669 purgari.
2023 1581 2100 1643 In
2135 1604 2270 1669 quo
2302 1604 2414 1650 eos

254 1687 678 1767 justissimam
724 1685 965 1750 habere
1014 1707 1273 1750 causam
1323 1685 1699 1770 fateremur,
1742 1687 1797 1750 si
1846 1687 2406 1775 quemadmodum

260 1795 386 1857 sibi
427 1815 551 1857 suo
583 1789 1073 1880 quodammodo
1110 1791 1256 1872 jure
1299 1792 1421 1880 ipsi
1463 1807 1772 1873 sumunt,
1828 1794 1915 1857 ita
1947 1810 2133 1858 esset.
2164 1795 2401 1878 Nunc,

261 1899 411 1988 quis
439 1914 538 1962 est
570 1895 733 1961 adeo
770 1919 988 1961 rerum
1032 1897 1403 1985 imperitus,
1437 1897 1585 1985 quis
1613 1897 1698 1960 ita
1728 1899 2180 1987 peregrinatur
2199 1920 2236 1963 a
2264 1900 2408 1967 lite-

260 2008 388 2086 ris,
422 2004 585 2091 quin
619 2002 776 2066 sciat
797 2050 815 2083 ,
855 2002 993 2065 haec
1023 2002 1355 2066 Ciceronis
1389 2000 1472 2065 ad
1504 2002 1792 2065 Atticum
1828 2002 2270 2090 Epistolarum
2296 2029 2416 2072 vo-

260 2111 513 2175 lumina
548 2108 729 2196 (nam
778 2106 859 2171 de
908 2108 1136 2172 ceteris
1174 2108 1312 2188 ejus
1364 2108 1619 2194 scriptis
1660 2122 1856 2195 atque
1892 2109 2086 2173 etiam
2135 2112 2412 2177 aliorum

260 2214 527 2302 silebo),
555 2215 693 2279 hoec
721 2236 880 2279 vero
908 2213 1055 2303 quis
1084 2214 1339 2302 ignorat
1363 2227 1516 2277 ante
1543 2234 1748 2277 annos
1783 2213 2229 2304 quadraginta,
2266 2241 2411 2306 per-

259 2342 622 2413 paucorum
672 2321 1020 2385 hominum
1069 2321 1139 2385 in
1191 2320 1493 2384 manibus
1542 2319 1781 2385 fuisse?
1828 2313 2008 2404 Quid
2050 2322 2179 2388 ita?
2213 2326 2415 2397 Aiunt

262 2429 603 2511 nonnulli,
633 2427 813 2517 quod
845 2428 1202 2518 aenigmatis
1245 2426 1328 2491 de
1361 2426 1682 2492 industria
1713 2427 2089 2511 obscurata,
2138 2433 2314 2496 nulla
2346 2434 2410 2498 vi

261 2536 505 2627 ingenii
538 2536 794 2624 possint
822 2534 1112 2622 intellig-i.
1154 2533 1305 2598 Non
1345 2553 1658 2621 negamus
1689 2555 1830 2597 esse
1868 2534 2165 2622 quaedam
2199 2537 2408 2603 illius·

259 2643 476 2726 modi;
524 2641 639 2707 sed
683 2665 756 2706 ea
802 2657 935 2706 tam
979 2663 1122 2705 rara
1153 2662 1290 2706 esse
1323 2639 1637 2722 dicimus,
1686 2655 1763 2704 ut
1793 2665 1830 2704 a
1869 2642 2275 2731 reliquorum
2324 2648 2411 2711 le·-

257 2753 479 2815 ctione
522 2765 758 2826 arcere*
790 2748 1090 2812 homines
1144 2768 1281 2811 non
1329 2745 1699 2812 debuerint.
1751 2747 2117 2812 Vulnerum
2167 2751 2407 2838 quibus

257 2855 514 2921 confixa
538 2867 720 2920 erant
749 2853 1091 2936 calamitas,
1115 2853 1286 2918 hanc
1308 2853 1567 2941 culpam
1589 2852 1803 2916 verius
1837 2854 2236 2920 sustinebat:
2263 2878 2407 2944 quoe

255 2980 466 3051 quum
502 2978 721 3026 essent
751 2959 1284 3043 innumerabilia,
1311 2981 1448 3024 rem
1486 2959 1558 3023 in
1601 2980 1740 3022 eam
1776 2959 2155 3047 opinionem
2194 2962 2405 3028 addu-

254 3082 526 3147 xerunt,
558 3059 637 3131 ut
667 3065 988 3154 quidquid
1017 3066 1233 3129 minus
1259 3065 1723 3153 perciperetur,
1752 3062 1820 3127 id
1846 3063 2116 3152 aenigma
2147 3083 2406 3152 putare-

252 3189 399 3238 tur:
452 3196 663 3262 quum
713 3173 1100 3262 plerumque
1153 3187 1413 3259 peccata
1459 3187 1713 3253 essent,
1765 3185 1908 3234 tum
1956 3170 2408 3255 librariorum,

250 3280 414 3344 dum
449 3281 671 3343 minus
709 3302 906 3368 quam
937 3293 1233 3367 oportet,
1282 3276 1500 3340 officio
1530 3299 1653 3341 suo
1686 3277 1922 3340 intenti
1961 3293 2206 3359 essent,
2260 3294 2401 3343 tum

249 3390 538 3452 fortunae
573 3385 935 3474 cujuspiam
970 3386 1193 3473 culpa,
1231 3399 1561 3448 contracta
1595 3406 1611 3446 :
1667 3405 1795 3470 qua
1824 3383 1991 3465 haec,
2032 3399 2259 3470 praeter
2293 3407 2404 3450 ce-

252 3509 385 3557 tera
423 3492 1068 3581 scriptaCiceronis,
1108 3493 1340 3555 misera
1373 3488 1770 3576 adversaque
1807 3511 1922 3552 usa
1961 3505 2138 3553 sunt.
2183 3491 2404 3573 Quare

249 3600 416 3688 quid
455 3598 581 3664 sibi
624 3599 826 3662 velint
866 3599 940 3680 ii,
987 3598 1101 3686 qui
1144 3595 1436 3676 mendis,
1473 3611 1695 3659 nostra
1730 3615 1927 3681 opera
1961 3594 2293 3681 inquinari
2325 3598 2405 3662 li-

253 3707 407 3770 bros
441 3720 836 3794 queruntur,
875 3727 1011 3768 non
1040 3705 1191 3769 satis
1227 3702 1552 3793 percipio:
1589 3698 2043 3786 illud.quidem
2085 3701 2407 3793 intelligo,-

250 3812 785 3877 doctissimorum
809 3810 1156 3875 hominum
1192 3831 1348 3874 cura
1376 3830 1450 3871 ac
1488 3804 1822 3893 diligentia
1846 3803 2088 3869 sactum
2124 3829 2294 3890 esse,
2335 3821 2409 3874 ut

254 3942 400 4007 quae
423 3934 615 3984 antea
641 3919 749 3986 vix
773 3918 858 3982 ab
882 3919 1018 3982 ullo
1042 3917 1541 4006 attingerentur,
1573 3933 1755 3974 nunc
1781 3910 2080 3976 omnium
2104 3916 2405 3979 manibus

254 4041 638 4109 tractentur,
665 4027 1030 4107 volvantur,
1067 4034 1378 4088 terantur.
1414 4021 1515 4083 An
1547 4038 1704 4083 vero
1737 4017 1783 4081 ii
1822 4019 1941 4083 visi
1975 4036 2159 4101 sunt,
2195 4044 2403 4108 quum

255 4130 384 4196 boc
412 4131 708 4197 fecerunt
725 4181 743 4214 ,
773 4133 988 4198 oleum
1009 4181 1026 4214 ‚
1060 4147 1123 4196 et
1146 4149 1409 4218 operam
1433 4123 1739 4215 perdere,
1772 4147 1978 4212 quum
2007 4126 2405 4189 instrumen-

1238 4259 1244 4265 ·
1986 4253 1991 4262 ·
2103 4230 2206 4298 16.
