3023 4773
701 350 1255 419 LEoNAnm
1321 349 2004 420 MALAESPINAE.
2279 358 2415 447 247

281 496 413 561 que
449 471 722 535 fecimus
745 494 761 535 :
784 471 837 534 is
865 486 1037 535 recta
1060 468 1410 559 depravare
1442 470 1908 536 existimandus
1936 496 2071 539 non
2097 489 2225 538 est:
2258 475 2420 562 quin

285 578 376 642 illi
406 576 612 666 gratia
643 575 973 659 habenda,
1008 577 1087 641 ut
1119 576 1290 641 bene
1328 577 1595 657 merito,
1637 598 1847 663 quum
1883 594 2087 662 recta,
2123 602 2239 645 sua
2265 603 2336 645 se
2359 582 2422 644 vi

283 701 355 749 et
381 682 654 748 veritate
684 698 992 748 tueantur
1035 705 1112 747 ac
1151 681 1541 764 defendant,
1573 705 1799 771 prava,
1856 684 1979 748 nisi
2012 688 2384 774 aperiantur
2403 735 2421 767 ,

281 790 521 880 corrigi
556 811 694 854 non
727 790 997 878 possint.
1022 790 1315 856 Omnino
1346 812 1729 879 persuasum
1760 788 1921 853 mihi
1957 807 2088 868 est,
2118 794 2425 882 antiquo.

280 919 431 959 rum
465 896 670 959 libros
690 944 709 978 ,
747 896 1080 961 erroribus
1131 918 1348 961 carere
1399 918 1536 961 non
1584 917 1795 984 posse.
1841 896 2009 960 Nam
2056 898 2110 961 si
2159 900 2251 963 M.
2289 901 2425 988 ipse

279 1001 563 1082 Tullius,
600 1024 671 1067 se
700 1002 994 1083 vivente,
1030 1019 1096 1069 et
1124 1025 1333 1091 prope
1363 1001 1674 1078 dixerim,
1710 1017 2071 1091 spectante,
2123 1005 2420 1091 queritur

277 1130 435 1173 suos
467 1108 700 1189 libros,
750 1109 1146 1196 scriptorum
1187 1108 1578 1199 negligentia
1625 1109 1999 1199 corrumpi:
2040 1109 2199 1199 quid
2231 1111 2423 1175 nobis

274 1213 359 1279 de
389 1213 494 1278 his
524 1229 625 1277 est
656 1212 1112 1303 sentiendum,
1160 1230 1313 1301 post
1349 1214 1526 1278 mille
1563 1230 1901 1279 sexcentos
1943 1237 2148 1303 prope
2180 1238 2421 1298 annos,

269 1322 406 1402 jam
431 1319 588 1384 inde
620 1320 705 1384 ab
739 1342 820 1385 eo
851 1337 1180 1410 tempore,
1206 1336 1307 1384 tot
1335 1320 1683 1384 hominum
1719 1321 2019 1385 manibus
2050 1322 2419 1410 exscriptis3

273 1427 560 1515 quihus,
596 1426 681 1492 ad
710 1408 1201 1517 negligentiam,
1222 1428 1458 1518 linguae
1483 1427 1677 1492 etiam
1700 1428 2020 1515 imperitia
2045 1427 2424 1494 accederet?

276 1531 606 1620 Equidem
662 1533 934 1597 mirarer
973 1534 1206 1624 magis,
1255 1534 1674 1623 pot-tentique
1719 1533 1927 1597 simile
1981 1532 2290 1599 ducerem
2311 1583 2328 1616 ‚
2370 1538 2423 1605 si

273 1639 516 1727 integri
543 1636 627 1701 ad
664 1661 786 1702 nos
826 1639 1063 1729 sing-uli
1112 1642 1574 1728 pervenissent.
1621 1640 1837 1727 Atque
1874 1639 2012 1703 hec
2057 1640 2377 1706 calamitas
2400 1689 2420 1724 ,

272 1767 487 1832 quum
523 1743 606 1808 ad
637 1745 937 1812 omnium
966 1761 1263 1810 veterum
1299 1746 1537 1835 scripta
1557 1794 1577 1827 ,
1619 1761 1759 1810 tum
1800 1745 1939 1809 hnc
1971 1745 2302 1810 Ciceronis
2335 1745 2418 1811 ad

275 1850 564 1914 Atticum
601 1850 945 1938 pertinuit,
984 1875 1128 1939 quae
1159 1853 1331 1916 malo
1364 1852 1652 1940 quodam
1683 1854 1816 1916 fato
1848 1851 2124 1941 pessime
2156 1871 2419 1941 accepta

274 1957 588 2036 fuemnt,
631 1970 828 2043 atque
851 1956 942 2020 ita
972 1972 1115 2021 toto
1146 1979 1420 2045 corpore
1453 1956 1775 2046 discerpta
1796 1981 1872 2023 ac
1904 1956 2261 2023 deformata
2284 2003 2303 2036 ‚
2343 1974 2419 2022 ut

275 2084 485 2148 quum
520 2061 681 2125 nihil
710 2061 809 2124 his
836 2061 1209 2144 candidius,
1243 2064 1504 2150 purius,
1534 2064 1772 2127 castius
1815 2063 2079 2152 cogitari
2108 2066 2200 2128 fas
2229 2081 2417 2145 esset,

272 2166 404 2245 jam
432 2167 764 2247 miserius,
789 2166 1137 2254 perditius,
1161 2167 1397 2232 foedius
1425 2167 1703 2229 inveniri
1733 2168 1827 2230 nil
1853 2185 2092 2254 posset.
2120 2170 2275 2251 Quo
2308 2172 2421 2235 mi-

277 2296 403 2337 nus
439 2271 653 2337 fraudi
693 2272 853 2336 mihi
886 2295 1028 2338 esse
1060 2270 1359 2351 debebit,
1410 2271 1618 2336 sicubi
1652 2270 1946 2353 videbor,
1979 2272 2160 2361 quod
2199 2276 2419 2341 multis

274 2378 466 2444 annis
496 2396 710 2444 mmm
744 2378 850 2443 alii
877 2378 1280 2460 habuerunt,
1302 2375 1464 2442 illud
1494 2377 1634 2465 ipse
1660 2378 1844 2466 quasi
1875 2377 2262 2447 rescindere.
2295 2382 2416 2445 Ra-

276 2487 535 2551 tionum
566 2502 900 2550 momenta
929 2485 1327 2551 attendenda
1366 2501 1589 2567 erunt,
1628 2508 1764 2550 non
1798 2487 2061 2552 illorum
2098 2505 2417 2576 praecepta

273 2593 536 2681 opinio,
561 2589 713 2682 qui,
754 2593 988 2658 misera
1020 2591 1302 2681 quadam
1342 2609 1424 2658 et.
1447 2592 1820 2682 importuna
1867 2593 2174 2685 religione
2208 2599 2416 2684 impe..

272 2700 433 2781 diti,
481 2699 642 2765 dum
686 2701 1071 2789 scripturam
1106 2698 1473 2764 defendunt
1516 2699 1584 2761 in
1623 2721 1828 2787 eaque
1862 2701 2079 2764 omnia
2117 2718 2411 2789 ponunt,

275 2805 452 2870 fatua
484 2803 782 2893 quaedam
816 2827 1341 2895 nonnumquam,
1377 2820 1443 2868 et
1468 2827 1505 2867 a
1527 2826 1676 2867 vera
1704 2806 2024 2872 sententia
2053 2805 2415 2894 discrepan-

276 2911 362 2975 tia
385 2911 999 2978 comminiscuntur.

365 3018 542 3107 Ergo
581 3033 656 3081 ut
682 3016 772 3082 ad
805 3032 868 3081 te
906 3017 1255 3106 aliquando
1303 3041 1407 3083 me
1441 3017 1750 3098 referam,
1799 3017 2002 3080 lector
2043 3015 2414 3104 prudentis-

243 3123 473 3205 sime,
497 3125 806 3213 tuteipse
837 3147 995 3189 eum
1025 3125 1248 3189 animo
1280 3142 1399 3190 tuo
1431 3141 1693 3215 reputes
1724 3124 1911 3205 licet,
1934 3147 2132 3212 quam
2168 3126 2256 3189 illi
2285 3126 2412 3189 ini-

271 3252 406 3319 que
427 3230 669 3294 faciant
684 3278 703 3310 ,
738 3252 1069 3318 quamque
1087 3228 1169 3294 de
1194 3230 1544 3296 hominum
1568 3253 1805 3321 genere
1827 3229 1992 3296 male
2018 3247 2410 3314 mereantur,

271 3337 389 3425 qui
423 3336 597 3400 hanc
640 3337 845 3427 ipsam
892 3335 1282 3402 emendandi
1326 3340 1683 3419 rationem,
1724 3361 1799 3402 ac
1850 3337 2070 3426 potius
2105 3337 2407 3426 pietatem

272 3442 619 3524 damnent,
656 3459 772 3507 aut
801 3460 975 3508 certe
1008 3465 1144 3507 non
1181 3441 1492 3514 laudent:
1529 3466 1707 3508 nunc
1747 3467 1889 3507 mea
1931 3443 2091 3507 mihi
2132 3440 2306 3531 apud
2344 3461 2410 3509 te

270 3572 467 3613 musa
506 3549 756 3639 agenda
783 3566 886 3615 est
926 3566 1154 3615 contra
1194 3572 1305 3614 eos
1330 3597 1348 3631 ,
1395 3551 1511 3637 qui
1544 3572 1752 3636 quum
1800 3571 1936 3613 rem
1984 3548 2409 3639 studiumque

273 3676 406 3718 non
435 3654 947 3744 reprehendant,
975 3678 1080 3720 me
1108 3671 1355 3736 tamen,
1390 3655 1501 3742 qui
1524 3655 1656 3733 jam
1687 3652 1839 3716 inde
1867 3654 1952 3717 ab
1982 3651 2410 3721 adolescentia

271 3761 340 3822 in
379 3761 683 3825 coenobio
723 3761 990 3851 degam,
1024 3784 1298 3850 eamque
1342 3762 1486 3825 vitae
1535 3759 1850 3824 rationem
1892 3777 2207 3848 sequutus
2250 3763 2406 3844 sim,

272 3888 418 3952 quae
449 3867 518 3930 in
542 3866 799 3932 dicendi
829 3870 1282 3933 exercitatione
1299 3883 1553 3931 tantum
1580 3888 1794 3953 operae
1828 3883 2058 3955 ponat,
2088 3887 2407 3957 quantum

272 3973 392 4037 sibi
425 3973 513 4038 ad
545 3974 1146 4039 honestissimarum
1172 3976 1406 4039 artium
1432 3973 1938 4060 perceptionem,
1966 3997 2410 4064 sensuumque

275 4096 650 4144 nostrorum
683 4080 1202 4169 explicationem,
1234 4081 1383 4146 satis
1421 4103 1557 4144 esse
1592 4079 1913 4165 videatur3
1942 4082 2226 4168 reliquos
2253 4106 2408 4146 suos
