3023 4773
613 401 749 471 312

1250 406 1344 469 M.
1397 406 1472 470 T.
1528 406 2087 473 thssRONIS

611 527 804 594 mine
835 522 925 592 ad
963 522 1299 592 invidiam
1336 537 1701 612 uteretur,
1738 525 1834 594 dii
1880 524 2346 595 immortales!
2387 550 2567 621 quas
2595 553 2733 623 ego

610 657 886 729 pugnas
939 646 1013 702 et
1062 647 1367 729 quantas
1426 646 1697 729 strages
1759 633 1996 704 edidi?
2051 660 2236 732 quos
2291 638 2604 733 impetus
2656 641 2734 707 in

607 747 973 831 Pisonem,
1027 746 1097 812 in
1139 745 1564 830 Curionem,
1599 748 1674 813 in
1720 759 1942 816 totam
1979 745 2170 815 illam
2210 770 2503 815 manum
2545 745 2738 818 feci?

603 880 757 950 quo
789 854 1011 925 modo
1041 879 1200 947 sum
1227 858 1614 924 insectatus
1641 854 2001 926 levitatem
2031 881 2324 941 senum,
2358 856 2730 927 libidinem

599 965 1051 1057 juventutis?
1100 968 1333 1060 Saepe,
1388 966 1485 1033 ita
1534 989 1649 1034 me
1702 964 1800 1034 dii
1856 964 2144 1058 juvent!
2192 979 2261 1035 te
2310 992 2459 1037 non
2494 967 2729 1037 solum

603 1090 970 1145 auctorem
1011 1074 1474 1147 consiliorum
1513 1099 1837 1144 meorum
1861 1129 1879 1161 ,
1920 1099 2172 1145 verum
2212 1076 2421 1145 etiam
2460 1092 2733 1173 specta-

604 1201 836 1255 torem
871 1207 1276 1281 pugnarum
1318 1181 1780 1254 mirificarum
1813 1181 2231 1253 desideravi.
2268 1189 2522 1255 Postea
2558 1210 2733 1257 vero

603 1319 818 1391 quam
861 1296 1283 1364 Hortensius
1329 1295 1790 1390 excogitavit,
1844 1307 1928 1361 ut
1975 1292 2204 1389 legem
2259 1293 2349 1364 de
2390 1294 2736 1390 religione

607 1402 894 1474 Fufius⁵
944 1403 1279 1474 tribunus
1329 1403 1563 1501 plebis
1607 1400 1864 1487 ferret;
1920 1404 1990 1475 in
2046 1427 2191 1497 qua
2236 1401 2415 1472 nihil
2464 1404 2657 1475 aliud
2697 1430 2739 1474 a

607 1515 965 1585 consulari
1023 1516 1393 1611 rogatione
1443 1509 1898 1599 differebatfi,
1949 1513 2083 1581 nisi
2128 1511 2453 1605 judicum
2508 1539 2737 1609 genus

605 1627 718 1718 (in
767 1648 854 1693 eo
896 1638 1139 1693 autem
1191 1638 1396 1693 erant
1425 1622 1748 1715 omnia);
1792 1623 2318 1719 pugnavitque,
2362 1637 2443 1692 ut
2482 1626 2576 1693 ita
2605 1623 2733 1695 fic-

603 1749 762 1804 ret:
796 1734 996 1829 quod
1055 1748 1125 1801 et
1179 1732 1348 1816 sibi,
1400 1747 1470 1802 et
1522 1733 1674 1802 aliis
1718 1746 2203 1828 persuaserat,
2265 1732 2482 1803 nullis
2533 1735 2735 1804 illum

600 1844 964 1938 judicibus
1016 1840 1333 1937 effugere
1391 1866 1646 1938 posse:
1685 1842 2007 1911 contraxi
2050 1841 2241 1927 vela,
2299 1846 2738 1940 perspiciens

609 1958 921 2052 inopiam
969 1952 1386 2047 judicum73
1426 1977 1667 2048 neque
1712 1951 1857 2021 dixi
1909 1950 2311 2046 quidquam
2364 1976 2496 2049 pro
2540 1959 2737 2024 testi-

606 2069 855 2136 monio
877 2062 943 2148 ⁸,
991 2065 1123 2137 nisi
1156 2062 1358 2160 quod
1386 2078 1537 2134 erat
1571 2066 1663 2133 ita
1700 2077 1957 2134 notum
1988 2077 2208 2157 atque
2256 2077 2625 2151 testatum,
2659 2083 2741 2136 ut

609 2201 762 2247 non
807 2199 1087 2271 possem
1123 2175 1501 2271 praeterire.

612 2410 802 2464 putaret
821 2399 1066 2447 sordidam
1084 2398 1277 2466 plebem
1293 2433 1308 2457 ‚
1327 2414 1471 2460 qnam
1492 2398 1637 2462 lucta-

613 2480 696 2528 bat
723 2478 1046 2525 concionibus
1076 2476 1329 2524 invidiosis
1356 2477 1407 2522 in
1437 2467 1633 2524 Cicero-

615 2574 754 2615 nem,
782 2558 918 2621 qnasi
955 2557 1044 2619 qui
1077 2556 1268 2603 nobiles
1315 2556 1445 2602 cives
1487 2555 1630 2602 iude-

609 2649 799 2684 muatos
816 2647 1060 2695 necasset,
1089 2646 1136 2682 et
1163 2624 1430 2682 commodis
1458 2634 1630 2698 plebis,

613 2718 808 2778 agrariae
851 2715 947 2778 legi
985 2714 1118 2760 Rulli
1148 2713 1630 2771 resistendo,adver-

614 2807 743 2843 satus
764 2796 946 2842 fuisset.
976 2795 1208 2840 Gnouov.

685 2877 733 2923 5.
760 2875 840 2923 At.
862 2886 918 2921 ut
939 2874 1118 2937 passim
1135 2906 1149 2929 ‚
1185 2895 1209 2913 κ
1233 2872 1405 2918 Fusius
1417 2894 1455 2918 ιι.
1485 2871 1631 2922 Male.

616 2959 664 3004 J.
682 2957 741 3000 V.
773 2955 826 3001 L.

685 3035 736 3081 6.
780 3036 840 3080 In
876 3049 976 3096 qua
1008 3030 1133 3078 nihil
1162 3030 1308 3077 aliud
1330 3047 1361 3075 a
1390 3027 1639 3075 consulari

615 3112 867 3176 rogatione
889 3110 1167 3174 differebat.
1189 3108 1351 3157 Fufius
1371 3107 1450 3155 hic
1468 3108 1637 3154 fucum

615 3195 730 3240 fecit
760 3192 1046 3246 Hortensio,
1077 3200 1122 3235 et
1151 3188 1256 3234 aliis
1284 3203 1450 3249 parum
1482 3187 1636 3233 cautis

616 3270 934 3318 senatoribus.
965 3269 1184 3328 Namque
1205 3263 1374 3310 videns
1390 3280 1514 3326 aegre
1534 3281 1634 3312 ser-

618 3351 717 3396 vari
737 3365 879 3413 posse
902 3344 1126 3394 Clodium
1146 3379 1159 3400 ‚
1179 3344 1428 3405 rogatione
1447 3342 1527 3389 illa
1557 3359 1637 3389 ae·

614 3440 753 3491 cepta
772 3462 785 3482 ,
833 3426 1068 3489 persuasit
1108 3423 1374 3471 Hortensio
1396 3457 1410 3483 ‚
1441 3438 1491 3468 se
1520 3421 1637 3469 boni

616 3507 800 3570 publici
840 3517 888 3552 et
930 3501 1208 3551 concordiae
1245 3501 1430 3548 scilicet
1469 3501 1636 3548 studio

591 3615 594 3622 ›
615 3586 740 3632 velle
766 3587 885 3633 serre
910 3585 1208 3648 rogationem
1225 3618 1239 3642 ,
1257 3600 1349 3646 qua
1375 3582 1503 3629 idem
1524 3580 1634 3628 effl-

618 3675 806 3710 ceretur
831 3676 974 3727 atque
1000 3664 1081 3710 illa
1111 3662 1353 3709 consulari
1380 3675 1392 3708 :
1423 3673 1468 3708 et
1497 3661 1636 3722 quod

619 3745 680 3789 ita
721 3759 823 3788 eam
865 3743 1166 3804 rogationem
1197 3741 1553 3804 composuerit,
1582 3750 1636 3785 ut

619 3821 739 3867 nihil
780 3820 994 3867 differret
1023 3839 1046 3868 a
1078 3820 1353 3877 consulari,
1379 3820 1472 3866 nisi
1500 3817 1633 3880 quod

620 3916 681 3945 ex
708 3897 810 3959 lege
839 3899 955 3944 Fufii
972 3899 1160 3958 judices
1180 3900 1414 3947 ordinarii
1434 3899 1494 3946 de
1518 3898 1637 3946 Clo-

619 3978 702 4023 dio
732 3987 864 4021 erant
890 3979 1158 4038 cognituri3
1188 3996 1248 4024 ex
1281 3979 1534 4041 rogatione
1556 3993 1632 4023 se-

620 4068 759 4102 natus
800 4071 896 4100 non
931 4054 1116 4113 judices
1159 4057 1422 4114 ordinarii,
1449 4057 1533 4102 sed
1564 4056 1639 4102 vel

617 4134 856 4199 populus,
887 4134 959 4179 vel
987 4134 1186 4196 aliquis,
1215 4136 1295 4181 eui
1318 4147 1400 4182 aut
1423 4146 1638 4184 senatus-

1727 2395 1982 2452 consulto,
2009 2407 2092 2443 aut
2119 2395 2276 2460 plebis
2302 2397 2426 2443 scito
2444 2410 2581 2445 extra
2607 2400 2742 2446 ordi-

1723 2491 1835 2522 nem
1867 2476 2072 2537 quaestio
2097 2474 2178 2521 illa
2200 2475 2364 2522 fuisset
2382 2477 2625 2526 mandata.
2646 2482 2741 2527 lte-

1720 2564 1794 2601 cte
1820 2564 1979 2601 nutem
2001 2556 2069 2601 ait
2082 2555 2256 2604 Cicero
2275 2555 2323 2601 in
2352 2556 2449 2603 hoe
2470 2556 2618 2606 fuisse
2636 2576 2742 2606 om·

1719 2634 1825 2690 nia,
1851 2633 1985 2696 quod
2012 2650 2163 2696 quum
2193 2651 2294 2680 non
2320 2635 2507 2683 videret
2526 2641 2739 2687 Horten-

1718 2713 1835 2772 sius,
1848 2729 1958 2774 quae
1973 2713 2065 2759 fuit
2080 2714 2185 2778 ejus
2209 2714 2558 2778 imprudentia,
2576 2735 2745 2781 passus

1721 2803 1793 2839 est
1819 2792 1912 2839 sibi
1937 2793 2098 2839 fucum
2125 2791 2230 2839 fleri
2251 2827 2265 2850 ,
2285 2804 2334 2840 et
2352 2810 2408 2841 os
2431 2795 2605 2843 oblini.
2627 2798 2739 2845 Cas.

1798 2889 1842 2931 7.
1899 2873 2191 2936 Perspice'ens
2244 2873 2460 2938 inopiam
2503 2878 2738 2940 judicum.

1725 2950 1807 2996 An
1828 2950 2047 3014 inopiam
2070 2952 2292 3011 judicum
2312 2989 2326 3011 ,
2359 2955 2454 3003 hoc
2483 2970 2585 3014 est,
2608 2959 2743 3022 quod

1726 3040 1862 3076 erant
1892 3030 2013 3077 boni
2051 3030 2240 3089 jndices
2277 3031 2531 3082 defuturi?
2576 3054 2637 3084 an
2673 3040 2742 3085 sic

1724 3111 1890 3172 potius
1906 3111 1928 3156 Ρ
1960 3109 2310 3173 Perspiciebam
2338 3127 2421 3158 eos
2439 3146 2454 3168 ‚
2483 3116 2567 3176 qui
2592 3117 2742 3164 fiunti

1725 3197 1858 3233 erant
1890 3186 2111 3247 judiees,
2148 3204 2315 3235 omnes
2346 3205 2447 3235 esse
2485 3192 2601 3238 viles
2632 3195 2735 3239 nni-

1724 3282 1825 3312 mas
1841 3301 1854 3324 ,
1880 3277 1927 3313 et
1955 3277 2162 3327 egestate
2182 3267 2463 3316 laborantes.
2487 3271 2607 3316 Nam
2629 3273 2741 3332 quis

1726 3346 1880 3392 nescit
1925 3357 2254 3408 paupertatem
2301 3361 2426 3409 sepe
2478 3364 2579 3395 esse
2614 3351 2741 3398 male

1725 3424 1946 3481 madum,
1972 3434 2021 3470 et
2041 3437 2170 3471 recte
2192 3442 2216 3471 a
2238 3425 2529 3488 sapientibus
2550 3427 2743 3476 institu-

1724 3512 1827 3549 tum
1868 3502 1930 3548 ad
1975 3503 2276 3565 magistratus
2314 3514 2394 3550 aut
2422 3504 2602 3563 judicia
2636 3525 2741 3555 non

1728 3592 1903 3627 temere
1948 3597 2184 3644 pauperes
2238 3597 2338 3629 esse
2386 3582 2713 3634 admittendos
2729 3623 2743 3646 ,

1726 3676 1815 3706 nec
1853 3676 2042 3723 semper
2071 3662 2181 3720 jure
2208 3662 2654 3725 reprehendendum
2680 3667 2743 3714 il-

1725 3737 1810 3784 lud
1830 3773 1843 3793 ,
1876 3760 1899 3778 e·
1922 3739 2005 3785 dat
2032 3756 2208 3786 census
2237 3740 2452 3789 honores
2470 3746 2491 3789 9
2511 3768 2533 3785 a
2562 3748 2710 3796 lou.

1795 3818 1845 3864 8.
1884 3817 2050 3880 Neque
2079 3818 2191 3864 dixi
2211 3819 2479 3882 quidquam
2495 3840 2591 3886 pro
2621 3827 2746 3873 testi-

1723 3895 1901 3942 monio.
1918 3898 2083 3957 Quum
2098 3898 2303 3945 Clodius
2312 3900 2619 3958 judicibusse
2632 3922 2743 3969 pro·

1721 3974 1944 4022 buturum
1968 3974 2230 4025 affirmaret
2248 4013 2261 4033 ,
2288 3995 2390 4041 quo
2419 3979 2498 4027 die
2520 3983 2571 4028 iu
2601 3986 2746 4033 sacris

1719 4057 1868 4102 Bonae
1892 4055 2006 4100 Deae
2037 4054 2368 4116 deprehensus
2396 4059 2636 4110 diceretur
2652 4099 2665 4120 ,
2686 4082 2744 4111 eo

1721 4135 1797 4181 die
1853 4138 2135 4181 Interamnae
2185 4137 2319 4198 apud
2371 4139 2427 4186 C.
2480 4141 2745 4190 Cassinium
