3023 4773
566 370 1086 438 ErlsToLAE
1135 371 1273 437 AD
1327 372 1835 462 ΑΤΤιουΜ,
1880 381 1949 463 1,
2010 382 2115 463 14.
2264 384 2404 457 303

285 496 515 564 inanis
551 489 903 588 improbis
926 544 946 576 ‚
991 485 1233 561 beatis
1257 517 1406 561 non
1443 508 1677 589 grata,
1704 482 1932 569 *bonis
1968 527 2117 572 non
2153 513 2405 601 gravis.

287 611 534 699 ltaque
578 599 883 697 frigebat
901 597 950 670 3.
991 606 1174 670 Tum
1209 603 1484 671 Pisonis
1515 606 1829 675 consulis
1865 609 2180 706 impulsu
2212 616 2414 689 levis-

284 717 505 783 simus
536 709 871 781 tribunus
899 708 1129 806 plebis
1152 708 1394 782 'Fufius
1411 714 1437 760 ⁴
1462 713 1537 781 in
1563 720 1991 788 concionem
2017 724 2360 818 produxit
2384 726 2413 771 ⁵

286 822 739 919 Pompeium.
786 825 924 890 Res
957 818 1351 917 agebatur⁶
1387 823 1461 891 in
1499 824 1693 895 circo
1729 827 2075 901 Flaminio
2098 820 2227 915 ;'et
2264 855 2415 911 erat

285 942 361 1008 in
382 962 470 1008 eo
490 939 650 1033 ipso
673 936 835 1006 loco
860 934 982 1004 illo
1003 934 1626 1007 die-nundinarum
1652 947 1980 1040 πανήγυρις
1994 957 2020 1000 ⁷
2030 1002 2043 1015 .
2077 951 2417 1037 Qnaesivit

287 1074 375 1120 ex
419 1071 543 1131 e0‚
582 1045 988 1143 placeretne
1024 1047 1090 1116 ei
1123 1045 1402 1140 judices
1433 1072 1471 1118 a
1510 1065 1818 1145 praetore
1853 1054 2023 1151 legi,
2061 1068 2217 1154 quo'
2251 1051 2422 1133 con-

288 1154 492 1230 silio⁸
546 1156 736 1226 idem
790 1170 1054 1253 praetor
1097 1169 1443 1227 uteretur.
1503 1159 1583 1228 Id
1638 1175 1876 1234 autem
1929 1183 2084 1237 erat
2124 1170 2215 1240 de
2251 1174 2419 1243 Clo-

288 1270 503 1340 diana
529 1269 873 1365 religione
903 1265 993 1336 ab
1023 1281 1277 1339 senatu
1304 1271 1796 1371 constitutum.
1828 1279 2010 1345 Tum
2038 1282 2422 1378 Pompeius

289 1387 438 1480 μάλ’
479 1388 1005 1478 ἅριςοκρατικῶςθ
1041 1378 1386 1475 loquutus
1436 1397 1578 1468 est,
1630 1401 2064 1487 senatusque
2108 1403 2422 1469 auctori-

292 1507 512 1564 tatem
549 1490 686 1562 sibi
723 1489 1064 1562 omnibus
1110 1491 1186 1559 in
1232 1489 1451 1560 rebus
1491 1496 1874 1567 maximam
1923 1502 2186 1593 videri,
2237 1532 2423 1580 sem·
2474 1568 2475 1571 η

295 1626 575 1700 perque
624 1604 848 1672 visam
909 1625 1062 1671 esse
1114 1601 1530 1698 respondit,
1583 1620 1656 1675 et
1715 1607 1784 1676 id
1851 1611 2097 1684 multis
2156 1618 2420 1692 verbis.

295 1719 547 1783 Postea
592 1711 912 1783 Messalla
957 1711 1210 1781 consul
1266 1713 1341 1780 in
1393 1727 1646 1784 senatu
1693 1714 1784 1787 de
1835 1723 2181 1820 Pompeio
2230 1754 2459 1824 quae-0

370 1955 422 1999 3.
453 1954 677 2000 Goerenz.
713 1947 778 1995 sd
821 1949 929 1997 Cic.
971 1945 1203 1994 Academ.
1241 1948 1333 2003 11,.

298 2035 362 2082 23
381 2068 395 2091 ,
423 2028 734 2079 scribendum
755 2027 960 2088 conjicit
976 2060 990 2084 ‚
1012 2048 1035 2067 ··
1054 2025 1202 2072 bonis
1218 2040 1323 2073 non

294 2112 463 2176 gravis
484 2124 498 2157 ε
536 2109 602 2156 ita
625 2106 827 2170 frigebat
846 2128 888 2152 ω.
913 2109 964 2155 J.
983 2109 1044 2154 V.
1073 2108 1126 2153 L.

375 2198 425 2246 4.
467 2184 648 2254 Fefius.
689 2185 1030 2234 Existimsmus
1064 2183 1196 2231 hunc
1221 2198 1324 2230 esse

301 2271 364 2330 Q.
390 2264 583 2334 Fufium
626 2264 858 2313 Calenum
874 2298 888 2321 ‚
923 2272 1220 2327 perpetuum
1247 2262 1327 2309 ci-

301 2347 498 2396 ceronis
537 2345 746 2393 bostem.
775 2345 850 2391 De
888 2358 987 2406 quo
1025 2340 1077 2389 iu
1112 2340 1326 2405 Philipp.

303 2430 538 2476 Minis».

389 2513 437 2563 5.
472 2508 725 2559 Produxie.
763 2508 961 2557 Licebat
995 2507 1206 2555 tribunis
1231 2506 1332 2571 ple·

310 2594 386 2640 bis
402 2627 416 2650 ,
450 2605 803 2655 quemcumque
828 2588 1006 2636 vellent
1029 2588 1259 2652 arripere,
1283 2597 1332 2633 et

317 2675 370 2720 in
400 2671 685 2719 concionem
710 2667 1008 2732 productum
1042 2682 1215 2729 cogere
1239 2680 1333 2729 pro

311 2754 533 2818 ipsorum
556 2752 666 2811 iure
700 2759 748 2796 et
774 2747 1042 2812 potestate,
1065 2757 1120 2793 ut
1156 2745 1333 2811 quibus

319 2834 396 2880 de'
417 2830 561 2879 rebus
605 2841 730 2877 esset
769 2828 1124 2890 interrogatus,
1169 2824 1230 2872 de
1271 2823 1332 2870 iis

311 2910 648 2975 responderet.
673 2909 762 2955 En.

379 2999 429 3045 6.
457 2999 548 3043 Res
575 2995 831 3060 agebatur.
861 2993 991 3039 Duas
1015 2992 1329 3039 circumstan-

310 3079 403 3125 tias
447 3076 561 3123 sacti
612 3076 715 3134 ejus
760 3082 927 3119 notare
962 3070 1117 3117 voluit
1154 3071 1328 3118 Cicero

310 3157 482 3204 obiter.
510 3158 650 3217 Saepe
692 3151 820 3199 enim
857 3150 917 3197 de
946 3166 995 3196 re
1032 3165 1095 3195 ex
1121 3150 1328 3196 circum-

310 3236 499 3282 stantiis
535 3234 722 3296 optime
752 3229 1018 3291 judicatur.
1049 3228 1142 3275 nic
1170 3237 1327 3274 autem

312 3312 433 3360 duas
467 3312 638 3360 Attico
674 3307 1050 3358 considerandas
1093 3305 1332 3371 proponit

309 3392 408 3440 loci
433 3404 483 3440 et
510 3390 757 3455 temporis.
796 3390 883 3436 Ait
921 3388 1092 3451 igitur,
1129 3401 1228 3432 rem
1255 3384 1334 3448 agi

312 3469 362 3516 in
401 3471 530 3518 circo
564 3469 825 3518 Flaminio.
861 3471 979 3517 Haec
1007 3478 1082 3514 est
1105 3464 1209 3513 loci
1236 3466 1333 3510 cir-

314 3551 600 3597 cumstantia
619 3582 635 3609 ,
657 3565 802 3612 quam
822 3562 978 3609 neque
1001 3556 1175 3593 temere
1193 3543 1338 3608 pouit

315 3630 517 3686 Cicero,
543 3644 703 3692 neque
740 3638 868 3676 recte
897 3627 1183 3690 interpretes
1209 3625 1334 3670 omi·-

316 3719 481 3755 sernnt
510 3707 804 3772 expendere.
827 3706 1089 3769 Pompeius
1118 3701 1221 3751 tum
1247 3703 1341 3750 fuit

317 3788 379 3834 ad
399 3788 581 3836 Urbem
598 3824 614 3849 ‚
643 3786 741 3833 boc
770 3797 872 3845 est,
900 3785 952 3832 in
982 3783 1341 3847 exspectatione

320 3866 557 3930 triumphi
582 3900 597 3923 ‚
631 3875 681 3912 et
715 3863 944 3912 remansit
986 3863 1121 3910 e'xtrn
1158 3860 1340 3909 Urbem

319 3960 475 4008 prope
492 3944 557 3992 ad
575 3944 756 3993 exitum
776 3947 880 4005 eJus
897 3943 1013 3990 anni
1027 3975 1043 4000 ,
1057 3957 1159 4005 quo
1178 3942 1343 3988 trium-

321 4023 485 4085 phavit
514 4038 527 4071 :
556 4026 719 4086 itaque
746 4025 796 4069 in
833 4023 961 4068 circo
990 4020 1229 4069 Flaminio
1265 4035 1341 4066 res

319 4114 425 4149 acts
454 4103 575 4166 snit,
593 4102 680 4167 qui
707 4113 806 4149 erat
835 4110 969 4148 extra
993 4099 1192 4147 Urbem.
1208 4100 1345 4145 Tem·

1408 1966 1499 2013 pus
1526 1964 1699 2003 notant
1723 1972 1736 2004 :
1767 1981 1790 1999 ιι
1811 1960 1873 2006 Et
1896 1972 1996 2008 erat
2021 1963 2072 2010 in
2101 1981 2161 2013 eo
2185 1968 2295 2031 ipso
2312 1969 2426 2019 loeo

1408 2029 1497 2077 illo
1521 2029 1599 2079 die
1616 2035 1942 2088 nundinarum
1955 2040 2230 2113 ππνήγυρις.
2249 2070 2275 2090 ι·
2294 2051 2426 2112 Quid

1410 2110 1588 2157 refert?
1615 2112 1745 2160 dicat
1778 2114 1968 2179 aliquis.
2003 2123 2218 2174 Multum
2244 2144 2261 2176 ι
2289 2130 2425 2192 quod

1413 2203 1516 2234 non
1543 2189 1860 2242 observarunt
1878 2198 2182 2263 interpretes.
2205 2207 2430 2258 Moribus

1415 2268 1544 2315 enim
1604 2272 1814 2318 romanis
1841 2308 1855 2332 ,
1919 2292 2021 2339 quo
2069 2279 2151 2327 die
2198 2287 2433 2337 nundinae

1418 2358 1554 2395 eraut
1575 2382 1589 2406 ,
1626 2364 1736 2398 cum
1771 2355 1961 2417 populo
2003 2359 2082 2423 agi
2118 2376 2218 2410 non
2253 2369 2433 2429 potuit.

1419 2429 1590 2475 Festus
1633 2443 1807 2480 auctor
1848 2434 1899 2480 in
1944 2438 2207 2490 Nunde'nas
2224 2479 2240 2501 ,
2290 2463 2433 2510 quem

1420 2508 1548 2555 vide.
1586 2510 1715 2572 Ergo
1754 2513 1896 2561 etiam
1934 2515 2031 2564 hoc
2070 2534 2241 2570 contra
2278 2543 2436 2576 mores

1421 2587 1548 2635 forte
1569 2587 1631 2634 ab
1653 2590 1749 2636 isto
1768 2591 1972 2662 ¹tribuno
1998 2596 2245 2648 levissimo
2267 2604 2433 2664 Fufioz

1422 2666 1562 2728 quod
1596 2676 1754 2716 tamen
1789 2682 1846 2718 nt
1881 2675 2041 2722 minus
2066 2677 2294 2729 miremur
2320 2684 2437 2733 facit

1422 2745 1732 2804 Macrobius,
1754 2750 1840 2811 qui
1860 2750 2002 2800 docet
2031 2753 2327 2819 disputatum
2352 2760 2437 2810 diu

1422 2823 1584 2883 fuisse,
1603 2847 1624 2865 ·
1642 2840 1799 2875 essent
1820 2831 2052 2880 nundinas
2066 2835 2199 2884 ferite
2218 2842 2437 2887 necne?-

1419 2918 1477 2949 ac
1520 2903 1638 2950 olim
1678 2906 1874 2967 quidem
1913 2910 2059 2958 fnisse
2098 2901 2204 2962 sine
2246 2916 2399 2965 dubio
2419 2953 2435 2974 .

1421 2993 1587 3044 postea
1640 2995 1801 3032 tamen
1846 2986 1951 3050 lege
1992 2991 2253 3041 Hortensia
2290 2996 2435 3045 fustes

1417 3078 1521 3108 esse
1535 3064 1709 3124 factas,
1731 3088 1755 3106 a
1768 3076 1825 3113 ut
1837 3080 2034 3130 possent
2044 3070 2152 3134 (sit)
2167 3075 2334 3123 rustici
2349 3081 2435 3140 qui

1418 3144 1726 3191 nundinandi
1753 3161 1896 3194 causa
1918 3147 1970 3195 iu
1994 3149 2174 3202 Urbem
2199 3155 2436 3215 venirent,

1417 3220 1526 3268 lites
1550 3239 1843 3289 componere
1861 3248 1902 3275 ιο.
1925 3229 2087 3290 Quare
2105 3243 2278 3294 postca
2295 3250 2439 3296 quam

1421 3302 1564 3349 semel
1609 3304 1746 3352 fastae
1789 3304 2041 3355 declaratae
2092 3309 2196 3375 lege
2243 3312 2438 3362 suerunt

1424 3381 1679 3441 nundinae,
1700 3396 1982 3448 coepernnt,
2013 3397 2065 3433 ut
2093 3389 2160 3435 ait
2185 3388 2314 3437 idem
2334 3394 2443 3440 Μι-

1424 3459 1585 3517 croh.,
1621 3463 1784 3509 omnia
1811 3464 2134 3527 negligentius
2170 3466 2365 3531 haberi,
2387 3484 2442 3520 ut

1425 3539 1588 3585 minus
1605 3540 1778 3587 mirum
1797 3542 1861 3588 sit
1879 3543 2174 3592 levissimum
2194 3548 2439 3600 tribunum

1426 3618 1479 3664 in
1514 3634 1567 3665 re
1603 3622 1805 3667 maxima
1829 3637 1998 3668 ausum
2026 3640 2128 3672 esse
2153 3629 2440 3681 concionem

1429 3696 1509 3744 die
1536 3696 1859 3745 nundinarum
1889 3715 2076 3764 cogere.
2101 3705 2310 3755 Cusus.

1501 3796 1548 3838 7.
1575 3775 1854 3846 Πανῆγυρις.
1886 3780 2181 3831 Conventus.

1503 3858 1553 3904 8.
1597 3859 1704 3921 Quo
1731 3857 1947 3906 consilio.
1976 3861 2167 3922 Quibus
2196 3865 2445 3923 judicibus

1429 3947 1645 3984 uteretur
1669 3937 1721 3983 in
1749 3953 1891 3985 causa
1916 3938 2167 3992 Clodiano.
2186 3943 2332 3993 Mn«.

1501 4032 1552 4079 9.
1587 4013 1715 4064 Matr
1750 4015 2163 4086 ἀριστοκρατικῶς.
2199 4022 2372 4084 Plane,
2393 4036 2446 4073 ut

1434 4095 1715 4159 optimatem
1744 4097 1897 4146 decet.
