3023 4773
1041 378 1112 445 P.
1162 378 1697 447 VICTORII.·
2290 376 2428 448 233

305 502 496 569 studii
519 501 883 590 posuissem
910 499 979 563 in
1014 499 1169 580 illis,
1208 522 1350 587 quae
1384 499 1758 563 obscuriora
1785 511 1966 578 sunt,
2007 496 2431 579 declarandis;

305 630 475 672 nunc
519 607 589 670 in
628 606 758 670 hoe
805 627 954 668 meo
997 604 1225 668 iterato
1258 604 1478 668 labore
1526 627 1630 668 me
1674 602 1856 667 aliter
1890 626 2110 693 gerere
2144 604 2431 669 decrevi:

303 737 375 777 ac
404 734 835 801 quaecumque
862 709 1107 798 putabo
1136 710 1561 799 explicatione
1587 731 1774 798 egere
1791 756 1808 790 ,
1843 725 1956 772 aut
1990 712 2208 797 aliquo
2244 727 2434 798 pacto

302 819 600 883 illustrari
638 817 985 904 ornarique
1016 838 1240 903 posse,
1275 815 1562 880 notabo:
1601 837 1721 878 nee
1756 814 2020 879 cessabo
2055 816 2244 879 etiam
2279 840 2433 906 ape-

301 926 422 988 rire
459 925 859 1012 suspiciones
888 921 1200 1011 quasdam
1231 944 1438 1003 meas,
1469 937 1535 985 et
1560 944 1693 985 non
1727 944 1961 1009 pauca,
1987 945 2129 1009 quae
2160 923 2226 985 in
2258 947 2435 987 men-

299 1048 428 1096 tem
453 1030 624 1117 'mihi
659 1045 1011 1117 venerunt,
1047 1052 1181 1092 non
1215 1030 1456 1110 aliena,
1501 1029 1626 1093 nisi
1662 1029 1870 1108 fallor,
1906 1052 1943 1091 a
1975 1029 2288 1092 sententia
2321 1052 2436 1092 au-

298 1136 493 1200 ctoris
528 1134 968 1223 elegantiaque
1000 1133 1182 1196 latini
1218 1134 1535 1196 sermonis
1557 1182 1575 1215 ,
1613 1156 1756 1220 quae
1792 1133 2069 1221 tempori
2101 1133 2192 1198 illi
2225 1124 2431 1197 reser-

293 1240 475 1305 vavi:
511 1261 725 1326 neque
766 1239 938 1302 enim
985 1260 1090 1301 me
1127 1236 1289 1300 adeo
1336 1236 1585 1301 hebetis
1626 1238 1867 1327 ingenii
1910 1238 2246 1303 hominem
2270 1260 2433 1319 ,esse

294 1361 496 1434 puto,
534 1360 610 1408 ut
641 1367 776 1409 non
811 1343 1095 1432 possim,
1134 1344 1187 1407 si
1215 1344 1442 1424 velim,
1474 1343 1615 1407 loca
1644 1346 1881 1426 multa,
1916 1369 2061 1433 quae
2091 1345 2434 1433 depravata

294 1451 406 1515 hic
456 1466 644 1531 sunt,
695 1449 781 1513 ita
832 1449 1327 1530 reconcinnare,
1372 1464 1448 1512 ut
1495 1472 1724 1514 sensus
1774 1451 2001 1539 aliquis
2049 1450 2461 1539 commodusa

291 1550 811 1621 inde'eliciat'ur:
847 1557 1185 1644 enitarq‘ue
1221 1555 1486 1620 demum
1521 1558 1937 1622 utilissimum
1975 1559 2133 1639 hoc,
2179 1560 2434 1623 multis-

295 1684 429 1750 que
461 1660 543 1726 de
579 1663 789 1727 causis
812 1661 1162 1726 amandum
1195 1662 1283 1725 M.
1312 1663 1641 1727 Ciceronis
1670 1686 1869 1751 opuS,
1898 1686 2311 1752 quacumque
2337 1688 2441 1727 ra2

294 1770 479 1833 tione
510 1785 740 1856 potero
773 1768 1076 1857 expolire.
1115 1767 1314 1851 Quod
1339 1786 1554 1833 tamen
1573 1817 1590 1851 ,
1626 1793 1711 1834 ne
1739 1794 1916 1834 nunc
1943 1771 2200 1852 faciam,
2235 1773 2461 1858 imper

294 1874 446 1940 dior
478 1874 807 1939 nonnullis
841 1874 1150 1938 institutis
1186 1875 1345 1938 meis
1378 1874 1713 1938 laboribus
1750 1899 1824 1940 ac
1856 1899 2041 1965 paene
2072 1876 2154 1941 ad
2189 1876 2435 1939 exitum

291 1980 628 2070 perductis
646 2029 664 2062 ,
694 2004 858 2068 quos
893 1981 946 2044 si
983 1981 1354 2063 absolvem,
1392 1982 1608 2045 statim
1637 1983 1929 2046 animum
1957 1999 2325 2047 convertam
2356 1982 2437 2046 ad

294 2088 470 2152 hanc
502 2110 761 2168 curam,
796 2110 870 2150 ac
906 2085 1103 2151 fidem
1138 2110 1345 2150 meam
1377 2087 1696 2169 liberab0,
1719 2089 1969 2152 utinam
1988 2138 2006 2170 ,
2036 2090 2103 2151 iu
2131 2112 2266 2175 quo
2295 2090 2440 2177 plu-

295 2193 540 2257 rimum
564 2215 743 2257 nunc
761 2193 1074 2274 laboravi,
1093 2193 1349 2281 plenius
1369 2191 1625 2257 efficere
1646 2194 2001 2282 potuissem
2024 2217 2039 2259 :
2072 2210 2437 2282 cunctaque

295 2298 537 2367 menda
569 2300 728 2365 hinc
759 2300 1016 2392 tollere:
1054 2314 1300 2363 restant
1328 2299 1501 2361 enim
1538 2321 1670 2363 non
1704 2322 1945 2389 pauca:
1970 2316 2163 2389 atque
2193 2323 2266 2364 ea
2293 2300 2447 2389 qui-,

297 2405 451 2471 dem
485 2405 648 2470 adeo
683 2406 981 2487 molesta,
1014 2422 1091 2470 ut
1119 2428 1252 2470 non
1280 2405 1624 2470 videantur
1643 2409 1834 2495 posse
1866 2407 2006 2472 sine
2037 2430 2160 2496 ope
2197 2406 2439 2470 fidelio-

293 2514 386 2577 ris
417 2513 567 2577 libri
603 2514 868 2594 alicujus
903 2513 1167 2601 ingenio
1202 2529 1349 2577 tuto
1382 2512 1619 2577 deleri:
1658 2515 1864 2601 placet
1893 2515 2068 2577 enim
2104 2514 2263 2577 mihi
2300 2512 2437 2601 pla-

295 2643 407 2709 gas
441 2619 639 2702 hujus
675 2620 1095 2708 pulcherrimi
1123 2622 1414 2708 corporis
1446 2622 1724 2707 aperire,
1745 2619 1925 2707 quod
1952 2644 2105 2685 sane
2130 2644 2262 2684 non
2297 2621 2439 2684 sine

296 2725 524 2790 dolore
552 2717 756 2789 facio‘:
785 2725 1073 2790 studium
1099 2742 1273 2790 certe
1300 2748 1523 2789 meum
1548 2748 1682 2789 non
1709 2724 1916 2790 defuit
1941 2750 2014 2790 ae
2042 2724 2434 2790 desiderium

295 2854 444 2897 acre
475 2832 823 2920 praestandi
862 2832 1023 2914 hoc,
1069 2832 1250 2920 quod
1286 2831 1682 2896 desiderium
1719 2855 2078 2920 numquam
2114 2834 2181 2895 in
2220 2831 2438 2895 animo

299 2961 486 3018 mec,
545 2938 710 3003 dum
750 2938 997 3020 vivam,
1053 2939 1498 3028 exstinguetur
1537 2961 1553 3002 :
1599 2959 1725 3001 usu
1775 2937 1949 3000 enim
2005 2938 2169 3001 mihi
2218 2937 2440 3000 venire

299 3043 496 3108 credo
542 3044 612 3108 in
647 3043 925 3108 honesto
960 3066 1181 3107 amore
1214 3043 1448 3107 harum
1481 3043 1921 3131 Epistularum
1955 3040 2439 3129 fidelissimique

299 3151 586 3242 ipsarum
622 3150 1038 3238 exemplaris,
1064 3147 1245 3237 quod
1278 3150 1344 3213 in
1379 3148 1728 3214 libidinoso
1765 3170 1987 3212 amore
2013 3170 2269 3235 semper
2291 3168 2445 3210 con-

298 3257 549 3346 tingere
575 3256 852 3320 affirmat
883 3255 1058 3344 apud
1084 3255 1466 3342 Euripidem
1497 3255 1764 3321 Hecuba
1781 3305 1799 3338 ,
1829 3255 1945 3320 ubi
1964 3252 2200 3318 ¹suadet
2226 3253 2445 3316 Mene·

297 3363 402 3426 lae
449 3385 534 3427 ne
577 3363 857 3450 patiatur
892 3362 1143 3450 imponi
1185 3361 1251 3424 in
1301 3383 1441 3425 eam
1494 3363 1742 3438 navim,
1778 3386 1909 3450 qua
1955 3362 2091 3449 ipse
2140 3358 2442 3447 (domum

297 3467 583 3555 rediens)
616 3469 984 3548 veheretur,
1029 3483 1473 3556 recuperatam
1522 3470 1719 3559 longo
1764 3468 1966 3549 belle,
2008 3467 2329 3554 impuram
2367 3488 2441 3530 ac

300 3575 802 3638 consceleratam
838 3574 1214 3655 mulierem,
1253 3590 1550 3637 metuens
1585 3597 1667 3638 ne
1702 3591 1888 3638 vetus
1923 3571 2177 3658 flamma
2216 3594 2440 3636 rursus

298 3681 366 3744 in
397 3696 660 3769 pectore
700 3681 905 3745 teneri
939 3682 1056 3745 viri
1093 3680 1594 3745 accenderetur:
1643 3697 1836 3766 atque
1875 3679 1960 3741 ita
1995 3678 2127 3766 ipsa
2160 3678 2442 3768 gaudere

299 3808 436 3850 non
473 3802 693 3874 posset
718 3786 1033 3875 supplicio
1063 3787 1356 3868 Helenae,
1400 3809 1545 3873 quae
1579 3784 1702 3849 sibi
1740 3784 2195 3848 universorum
2233 3785 2439 3849 malo-

296 3915 481 3975 rum,
516 3917 661 3981 quae
703 3891 928 3956 cadere
974 3894 1038 3956 in
1091 3893 1424 3957 hominem
1479 3908 1785 3980 possunt,
1844 3914 2035 3955 causa
2077 3893 2436 3956 exstitisset.

297 3999 524 4086 Inquit
556 3999 755 4087 igitur
789 3999 891 4062 illa
918 4048 936 4078 ‚
977 3999 1248 4063 Nullum
1281 4021 1595 4086 umquam
1629 3999 1968 4061 inventum
2012 4021 2149 4062 esse
2188 4014 2437 4062 amato-

300 4127 474 4186 rem,
509 4106 623 4193 qui
673 4129 805 4169 non
847 4121 1166 4195 perpetuo
1211 4122 1471 4170 amaret.
1520 4105 1729 4170 Dilexi
1776 4105 1951 4169 enim
2000 4128 2122 4194 ego
2177 4125 2442 4192 quoque
