3023 4773
523 382 668 468 246
1315 380 1860 449 PRAEFA‘rlo

518 503 797 594 cognovi
842 500 1207 567 Gabrielem
1253 500 1306 564 F
1306 522 1581 579 aernum
1629 499 1912 563 amicum
1959 518 2214 577 meum;
2268 496 2453 576 cujus
2500 520 2668 587 ege,

513 610 731 699 paullo
765 595 918 672 ante
950 605 1279 686 exstincti,
1314 621 1430 669 aut
1457 607 1677 694 potius
1712 604 1796 669 ad
1827 602 2164 668 meliorem
2197 603 2395 665 vitam
2431 602 2532 689 (ea
2570 604 2672 667 in-

521 713 821 781 nocentia
853 711 1012 799 fuit)
1058 709 1370 792 traducti,
1401 709 1799 775 desiderium
1836 709 2005 773 ferre
2038 708 2145 771 vix
2176 730 2463 795 possum.
2515 709 2668 774 Hoc

517 820 741 907 scripti
778 818 860 881 ab
894 838 974 881 eo
1006 816 1154 880 libri
1188 816 1255 880 in
1293 817 1703 897 Terentium,
1740 814 2082 895 Plautum,
2128 814 2419 895 Livium,
2444 814 2665 901 ipsum

518 925 800 1012 denique
833 923 1250 1003 Ciceronem,
1283 936 1696 1004 testarentur,
1742 922 1796 986 si
1829 922 2000 984 foras
2033 919 2167 985 dati
2200 920 2494 984 fuissent.
2532 919 2665 984 Sed

519 1053 631 1096 eos
674 1029 912 1111 audi0,
958 1027 1133 1117 apud
1181 1014 1735 1092 studiosissimum
1778 1020 2103 1115 bonarum
2155 1026 2395 1091 artium
2445 1024 2665 1090 adole·

520 1151 807 1203 scentem
841 1134 1165 1221 simulque
1197 1148 1263 1199 et
1291 1132 1718 1197 clarissimum
1745 1132 2139 1198 cardinalem
2169 1133 2477 1197 Carolum
2502 1134 2669 1197 Bor-

518 1263 836 1307 romaeum
886 1262 967 1304 eo
1006 1239 1280 1304 consilio
1326 1240 1601 1322 servari,
1648 1257 1724 1305 ut
1756 1238 2170 1305 commodius
2205 1238 2502 1303 edantur.
2544 1238 2675 1304 Hic

517 1366 736 1413 tamen
771 1348 919 1411 licet
953 1347 1288 1435 perspicax
1321 1348 1548 1430 fuerit,
1583 1347 1667 1412 ad
1695 1346 1946 1413 Octavii
1976 1346 2355 1435 Pantagathi
2397 1345 2674 1435 gloriam

520 1455 585 1540 in
623 1454 780 1536 hoc,
816 1453 987 1524 sicut
1017 1476 1140 1523 nec
1172 1454 1403 1519 ceteris
1451 1453 1519 1518 in
1564 1454 1761 1521 rehus
1792 1477 1870 1519 ac
1901 1452 2255 1541 disciplinis
2278 1499 2297 1533 ,
2351 1474 2485 1515 non
2524 1474 2676 1540 per-

519 1560 720 1626 venit.
758 1548 1167 1627 Hunc'enim
1201 1584 1415 1625 unum
1450 1584 1531 1646 ex
1565 1562 1912 1642 omnibus,
1945 1561 2013 1624 in
2052 1560 2234 1624 omni
2259 1558 2511 1639 judicio
2547 1580 2676 1646 po-

515 1666 883 1730 litissimum
938 1681 1006 1731 et
1063 1665 1649 1753 elegantissimum,
1697 1689 1866 1754 saepe
1917 1665 2137 1730 mirari
2191 1665 2369 1729 soleo
2397 1687 2412 1728 :
2469 1687 2673 1751 quem

525 1772 641 1861 qui
666 1771 1027 1839 Varronem
1054 1772 1256 1835 seculi
1280 1772 1475 1852 hujus
1498 1770 1860 1860 appellant,
1895 1795 1995 1836 nae
2029 1771 2118 1835 illi
2152 1770 2311 1834 mihi
2332 1770 2448 1833 visi
2477 1787 2636 1834 sunt
2653 1819 2675 1851 ,

522 1875 682 1966 quid
714 1877 991 1941 maxime
1022 1874 1247 1940 deceat
1275 1875 1651 1966 intelligere.
1680 1874 1840 1958 Sed,
1873 1891 1951 1942 ut
1983 1877 2050 1940 in
2080 1898 2285 1963 pauca
2313 1877 2676 1957 conferam,

528 2005 664 2047 non
722 2000 821 2048 est
868 2005 1101 2048 eorum
1151 1983 1497 2048 hominum
1549 1980 1872 2053 industria
1926 1982 2391 2070 contentioque
2442 1982 2680 2045 infrin-

526 2084 739 2182 genda
766 2112 910 2177 qum
945 2111 1181 2155 nocere
1208 2089 1374 2155 nihil
1392 2089 1631 2178 possit,
1649 2090 1875 2181 juvare
1898 2089 2121 2178 possit.
2152 2089 2401 2153 Eorum
2429 2104 2677 2171 tamen,

530 2194 584 2260 si
611 2195 728 2282 qui
750 2210 934 2277 sunt,
965 2217 1131 2282 quos
1169 2193 1475 2284 equidem
1510 2196 1765 2277 nesci0,
1790 2195 2048 2260 licentia
2080 2194 2344 2259 ferenda
2373 2217 2508 2258 non
2545 2210 2675 2275 est,

529 2301 645 2388 qui
691 2317 770 2366 ut
819 2301 936 2366 uni
985 2323 1243 2390 sapere,
1288 2318 1355 2366 et
1394 2303 1497 2366 sui
1531 2301 1776 2391 aliquid
1819 2301 2052 2366 afferre
2094 2300 2461 2382 videantur,
2499 2315 2677 2364 recta

532 2407 725 2474 etiam
758 2407 1111 2497 depravant
1138 2430 1154 2473 :
1186 2407 1303 2473 sed
1338 2431 1574 2492 censeo
1619 2426 1834 2473 tamen
1875 2410 2071 2474 etiam
2112 2424 2311 2496 atque
2347 2409 2542 2476 etiam
2577 2407 2679 2470 vi-

533 2511 861 2591 dendum,
900 2538 1046 2602 quae
1078 2515 1170 2579 illi
1204 2539 1429 2604 prava,
1464 2539 1691 2605 quaeve
1722 2533 1898 2582 recta
1922 2518 2139 2583 vocari
2173 2516 2391 2581 velint.

618 2620 758 2685 Nos
794 2620 1064 2716 quidem
1099 2644 1235 2686 non
1271 2646 1471 2711 pauca
1503 2626 1575 2700 in
1607 2625 1707 2688 his
1732 2624 1885 2714 ipsis
1909 2621 2217 2711 Epistolis
2240 2615 2681 2710 deprehendi-

536 2749 706 2809 mus,
718 2726 998 2815 speciem
1010 2725 1276 2816 quidem
1288 2731 1591 2816 proeferre
1604 2729 1911 2793 naturalis
1928 2744 2171 2818 partus,
2187 2725 2299 2791 sed
2314 2727 2679 2793 adulterina

532 2853 699 2914 esse,
725 2849 792 2897 et
821 2831 1174 2899 subdititia.
1201 2834 1768 2923 Deprehendimus
1795 2851 2015 2898 autem
2039 2835 2168 2899 hoc
2195 2832 2418 2898 modo·
2448 2834 2675 2915 Quum

533 2939 709 3004 enim
740 2938 828 3003 ita
859 2941 1232 3022 statuerim,
1266 2940 1432 3004 nihil
1463 2941 1547 3005 ab
1582 2941 1710 3005 hoc
1741 2939 2288 3029 prudentissimo,
2335 2939 2679 3004 omnibus·

532 3068 663 3133 que
698 3059 764 3110 et
792 3043 1106 3112 doctrinae
1137 3062 1205 3113 et
1239 3063 1487 3124 naturae
1527 3046 1837 3136 praesidiis
1892 3048 2150 3112 munito
2195 3044 2276 3110 ad
2325 3045 2679 3110 dicendum

536 3152 874 3241 magistro,
914 3153 1040 3216 nisi
1067 3152 1467 3240 perfectum,
1498 3167 1696 3240 atque
1734 3153 2041 3217 omnibus
2082 3152 2372 3217 numeris
2411 3151 2675 3215 absolu-

537 3272 681 3319 tum
714 3257 889 3345 gigni
926 3279 1144 3343 posse,
1194 3255 1327 3324 sive
1369 3256 1428 3319 ei
1464 3255 1773 3323 meditata
1805 3274 1871 3322 et
1901 3257 2261 3342 elaborata,
2297 3259 2430 3321 sive
2460 3255 2676 3320 subita

535 3377 603 3425 et
628 3362 898 3427 fortuita
924 3361 1220 3426 oratione
1242 3361 1566 3432 utendum
1590 3378 1794 3444 esset;
1838 3363 1890 3427 si
1917 3363 2078 3450 quid
2108 3363 2177 3427 in
2213 3386 2289 3428 ea
2315 3362 2680 3426 inveniatur

535 3488 1067 3556 nonnumquam,
1129 3489 1266 3531 non
1332 3465 1544 3534 dicam
1613 3490 1846 3556 parum
1903 3467 2217 3550 latinum,
2283 3484 2396 3533 aut
2453 3489 2681 3532 secum

531 3572 747 3659 ipsum
772 3574 873 3637 vel
904 3596 1057 3637 curn
1086 3557 1353 3637 veritate
1380 3595 1680 3661 pugnans
1710 3573 1889 3659 (nam
1919 3571 1989 3636 id
2017 3572 2284 3660 quidem
2312 3573 2679 3661 piaculum,

534 3677 780 3744 nedum
814 3679 1088 3746 stultum
1124 3695 1294 3745 esset
1332 3679 1681 3769 cogitare),
1730 3679 1846 3745 sed
1881 3680 2294 3760 involutum,
2320 3681 2549 3760 inane,
2580 3682 2680 3761 je-

531 3785 804 3869 junum,
858 3785 1209 3874 frigidum,
1258 3786 1742 3868 subinsulsum;
1772 3773 1775 3776 ¹
1806 3785 1969 3850 illud
2014 3786 2155 3850 sine
2205 3787 2681 3862 controversia,

534 3889 777 3956 mendo
812 3914 948 3956 non
986 3915 1202 3957 carere
1237 3916 1252 3956 ι
1301 3915 1421 3957 nec
1454 3892 1605 3957 satis
1640 3891 1799 3956 illud
1835 3916 1975 3983 esse
2012 3893 2403 3958 sententiam
2438 3892 2684 3957 habere

531 3998 835 4084 aliquam,
859 4021 1065 4083 quum
1103 3998 1347 4086 optima
1386 3998 1468 4061 ab
1504 4022 1586 4063 eo
1621 3999 2007 4086 postuletur.
2044 3998 2215 4086 Ergo
2243 3999 2310 4061 in
2349 3999 2478 4062 hoc
2501 4021 2682 4078 casu,

528 4104 582 4168 si
617 4105 760 4191 quis
793 4105 969 4169 locos
998 4104 1066 4169 id
1097 4128 1302 4193 genus
1337 4105 1406 4169 in
1437 4105 1710 4170 dubium
1736 4123 1958 4187 vocet,
1994 4105 2174 4192 quod
2218 4129 2337 4170 nos
2377 4104 2683 4192 quando·
