3023 4773
705 430 848 519 450
1351 429 1446 499 M.
1497 431 1574 498 T.
1629 427 2184 501 clcssnoms

703 612 1154 636 QOmm
1159 612 2760 635 mmmmm*

1284 798 1882 880 EPISTOLA
1961 795 2166 877 XVI
2192 801 2248 877 1.

701 959 1158 1026 Sollicitudinem
1199 978 1357 1020 suam
1396 958 1468 1016 de
1495 964 1574 1032 Q.
1602 958 1795 1016 fratris
1836 958 2098 1037 periculo
2131 959 2358 1020 fatetur.
2394 961 2480 1016 De
2506 959 2608 1017 suis
2634 959 2781 1017 rebus

780 1063 1028 1118 certiora
1053 1075 1114 1115 se
1137 1068 1470 1133 exspectare
1497 1053 1773 1112 ostendit.
1801 1053 1979 1113 Attici
2013 1053 2203 1112 officia
2237 1055 2296 1112 in
2329 1054 2555 1113 fratrem
2588 1055 2778 1125 laudat,

779 1157 1015 1233 ejusque
1056 1173 1118 1211 se
1159 1152 1353 1209 literas
1401 1165 1738 1229 exspectare
1778 1150 2076 1230 significat.
2124 1149 2606 1228 (Thessalonicae,
2655 1171 2781 1209 anno

780 1258 856 1312 U.
892 1255 955 1310 C.
986 1249 1135 1327 695,
1167 1267 1362 1306 mense
1384 1247 1742 1326 septembri.)

1372 1427 1685 1493 CICERO
1728 1426 2038 1493 A'l'rlco
2080 1430 2144 1494 S.

796 1570 905 1636 De
934 1563 1213 1654 Quinto
1242 1559 1455 1632 fratre
1491 1561 1731 1630 nuntii
1755 1558 1968 1630 nobis
1995 1561 2302 1649 tristes¹,
2334 1585 2469 1635 nec
2501 1565 2663 1634 varii
2693 1586 2790 1633 ve-

699 1688 960 1747 nerant
987 1697 1076 1744 ex
1100 1686 1266 1743 ante
1295 1670 1484 1741 diem
1520 1693 1691 1739 non.
1720 1668 1875 1763 jun.
1906 1668 2242 1767 usquead
2274 1671 2460 1769 prid.
2486 1672 2613 1743 kal.
2637 1686 2787 1768 sept.

700 1793 803 1858 Eo
849 1801 1090 1857 autem
1129 1782 1245 1853 die
1276 1780 1706 1867 Livineius²,
1741 1784 1837 1850 M.
1874 1777 2177 1876 Reguli3
2210 1780 2545 1870 libertuS‚
2590 1781 2670 1853 ad
2702 1805 2794 1851 me

699 1921 736 1967 a
772 1894 1050 1992 Regulo
1079 1895 1337 1962 missus
1362 1892 1578 1960 venit.
1612 1895 1717 1977 Is,
1753 1892 2058 1960 omnino
2086 1893 2535 1964 mentionem
2561 1891 2794 1963 nullam

702 2005 956 2075 factam
1013 2026 1166 2072 esse
1186 2054 1204 2087 ,
1246 1999 1635 2085 nuntiavit,
1687 1997 1809 2070 sed
1862 1997 2080 2070 fuisse
2131 2013 2379 2073 tamen
2430 2024 2793 2074 sermonem

697 2114 789 2183 de
817 2117 893 2183 C.
927 2109 1161 2182 Clodii
1200 2108 1395 2180 filio⁴
1424 2135 1442 2196 ;
1480 2113 1687 2205 isque
1713 2107 1890 2178 mihi
1924 2109 2077 2180 tur‘n
2108 2133 2150 2179 a
2189 2109 2415 2184 fratre
2451 2113 2678 2184 literas
2712 2125 2797 2182 at-

698 2224 887 2293 tulit.
935 2218 1073 2292 Sed
1112 2218 1461 2318 postridie
1508 2214 1775 2291 Sextii⁵
1825 2221 2029 2316 pueri
2071 2237 2472 2311 venerunt,
2514 2226 2634 2320 qui
2670 2246 2704 2292 a
2741 2236 2797 2292 te

699 2333 940 2403 literas
968 2330 1367 2402 attulerunt
1389 2384 1405 2414 ‚
1433 2353 1587 2401 non
1616 2341 1763 2399 tam
1794 2329 2197 2427 exploratas
2223 2355 2263 2402 a
2289 2334 2587 2419 timore,
2615 2355 2799 2430 quam

703 2468 942 2514 sermo
962 2442 1263 2514 Livineii
1279 2439 1531 2512 fuerat.
1549 2445 1734 2511 Sane
1755 2464 1908 2511 sum
1936 2443 2009 2509 in
2028 2464 2194 2510 meo
2214 2441 2508 2514 infinito
2527 2466 2799 2514 moerore

702 2553 1081 2640 sollicituS,
1102 2565 1174 2622 et
1200 2575 1288 2620 eo
1307 2551 1555 2647 magis,
1577 2547 1774 2646 quod
1797 2549 2006 2647 Appii
2028 2554 2332 2647 quaestio
2349 2549 2382 2596 ⁶
2412 2567 2541 2623 est.
2563 2558 2801 2631 Cetera,

704 2686 867 2760 quae
919 2661 1009 2731 ad
1062 2684 1177 2731 me
1224 2658 1495 2730 eisdem
1541 2659 1764 2729 literis
1810 2648 2060 2730 scribis
2103 2659 2194 2730 de
2239 2676 2491 2733 nostra
2534 2685 2680 2762 spe,
2717 2663 2801 2730 in·

706 2772 946 2869 telligo
982 2794 1133 2843 esse
1160 2769 1645 2867 languidiora,
1678 2793 1893 2866 quam
1932 2769 2050 2840 alii
2084 2768 2508 2844 ostendunt.
2546 2779 2688 2869 Ego
2707 2795 2809 2842 au-

784 2978 830 3011 x.
879 2961 1068 3011 mm.
1104 2960 1431 3010 Nuntiabant
1465 2961 1621 3017 euim,
1650 2976 1725 3007 re·

709 3057 897 3091 vernum
925 3054 987 3089 ex
1013 3039 1129 3089 Asin
1155 3040 1407 3104 provincia
1430 3037 1725 3104 repetunda·

708 3138 816 3168 rum
834 3130 1109 3167 accusatum
1128 3118 1204 3165 iri.
1224 3120 1394 3181 Supra,
1411 3133 1493 3180 ep.
1517 3118 1564 3164 8.
1585 3118 1726 3165 Mur.

782 3216 831 3246 2.
859 3198 1110 3246 Livineius.
1138 3200 1212 3244 De
1232 3212 1332 3260 quo
1358 3195 1418 3255 ad
1447 3196 1562 3244 niv.
1588 3198 1730 3253 1111,

714 3280 781 3325 ⁶0
798 3315 813 3340 ,
847 3277 933 3325 ubi
950 3276 1231 3325 nominatur
1247 3275 1336 3321 «L.
1349 3274 1592 3322 Livineius
1603 3275 1730 3338 Try·

713 3359 815 3421 pho
833 3346 874 3405 J.
901 3359 991 3404 Eo.

782 3440 831 3486 3.
855 3438 922 3485 Μ.
944 3432 1127 3499 Reguli.
1148 3430 1321 3496 Reguli
1339 3447 1619 3497 prenomen
1638 3434 1730 3482 suit

711 3517 913 3569 Lucius.
936 3526 989 3561 ut
1008 3513 1131 3561 bene
1152 3523 1449 3559 monuerunt
1465 3512 1601 3562 docti
1620 3513 1730 3560 viri.

709 3595 836 3641 Vide
875 3598 928 3641 F.
966 3592 1133 3640 ursin.
1173 3601 1434 3639 comment.
1474 3591 1537 3638 de
1577 3592 1726 3661 famil.

712 3675 851 3721 Rom.
879 3671 931 3717 in
958 3670 1132 3717 familia
1161 3669 1397 3720 Livineia.
1429 3670 1543 3736 sch.
1566 3671 1620 3719 1..
1650 3687 1726 3719 re·

713 3751 845 3812 cepit
867 3750 916 3796 in
942 3761 1145 3797 textum.
1167 3749 1259 3797 Eu.

782 3838 831 3884 4.
863 3829 935 3873 De
962 3828 1015 3875 C.
1041 3826 1195 3876 Clodii
1204 3826 1339 3893 filio.
1378 3827 1724 3876 Accusatorem

712 3908 815 3953 fore
843 3892 911 3967 ρ’.
940 3906 1097 3953 fratris
1119 3907 1179 3956 C.
1205 3905 1367 3954 Clodii
1392 3904 1562 3964 filium,
1586 3922 1694 3954 eum
1712 3941 1726 3967 ,

710 3985 794 4047 qui
816 3994 980 4047 poete·
998 3984 1234 4031 Milouem
1251 3986 1521 4043 accusavit,
1539 3986 1593 4033 C.
1613 3985 1726 4034 Clo-

708 4066 818 4120 dio,
842 4060 1002 4109 Publii
1023 4062 1190 4120 fratre,
1209 4075 1393 4110 natum.
1406 4065 1619 4113 Munrr.

780 4143 824 4189 5.
861 4138 1034 4205 Sextii.
1073 4142 1128 4187 P.
1170 4140 1318 4190 Sextii
1357 4140 1542 4187 tribuni
1569 4140 1724 4204 plebis

1813 2957 2071 3023 designati,
2090 2975 2184 3024 pro
2203 2976 2305 3025 qno
2322 2974 2488 3013 exstat
2501 2965 2671 3013 oratio.
2684 2965 2810 3010 Im.

1886 3039 1938 3087 6.
1973 3039 2201 3101 Quoestio.
2236 3040 2462 3091 Publicia
2482 3043 2677 3105 judiciis
2699 3054 2810 3088 exer·

1815 3116 2010 3175 cendia,
2048 3134 2159 3180 quae
2191 3122 2492 3182 quaestiones
2529 3122 2812 3173 diceb-ntur.

1816 3193 2204 3258 praeficiebantur
2221 3204 2487 3262 quotannis
2502 3197 2812 3266 praetore-‚qui

1819 3285 1867 3322 et
1887 3276 2170 3337 quntitoree
2192 3276 2309 3326 inde
2326 3280 2650 3331 vocabantur.
2673 3282 2813 3342 Quum

1817 3363 1976 3401 autem
2003 3353 2108 3402 haec
2141 3355 2315 3404 Cicero
2347 3360 2628 3420 oestheim,
2649 3357 2817 3423 Appius

1817 3431 2020 3481 Clodius
2065 3433 2344 3498 designatus
2381 3451 2490 3488 erat
2533 3451 2733 3505 pretor,
2770 3444 2815 3483 ut

1817 3510 1964 3563 docet
1994 3514 2117 3571 Dio,
2151 3515 2293 3578 eique
2324 3518 2605 3583 obtigerat,
2637 3530 2691 3567 ut
2720 3517 2819 3563 bine

1816 3591 2123 3651 conjicimus,
2147 3597 2350 3657 quaestio
2378 3597 2441 3646 de
2462 3599 2684 3662 pecuniis
2700 3609 2815 3659 mpe-

1815 3668 1997 3716 tundis.
2043 3673 2211 3734 Itaque
2244 3676 2504 3724 verebatur
2543 3680 2735 3734 Cicero,
2766 3687 2817 3720 nc

1816 3749 1953 3798 valde
1978 3752 2307 3815 periculosum
2334 3768 2460 3804 esset
2483 3759 2548 3820 Q.
2575 3756 2705 3803 fratri
2725 3768 2819 3801 αα·

1813 3843 1913 3875 um
1954 3828 2114 3878 dicere
2156 3832 2216 3879 de
2256 3835 2483 3897 pecuniis
2529 3831 2820 3900 repetundis.

1812 3923 2013 3969 quarum
2040 3910 2258 3959 audierat
2284 3929 2392 3961 eum
2419 3915 2722 3977 postulatum
2747 3912 2819 3966 ἰῑίι

1811 3988 1980 4049 Appio
2000 3988 2180 4038 Clodio
2198 4001 2429 4054 praetore,
2448 3996 2536 4058 qui
2558 4004 2662 4042 erat
2687 3989 2820 4052 Quin-

1814 4075 1865 4111 to
1884 4098 1899 4123 ,
1927 4079 2128 4132 propter
2153 4068 2310 4132 ipsum
2336 4073 2654 4133 Ciceronem,
2682 4066 2824 4119 inimi*

1812 4146 2043 4195 eiecimus.
2074 4149 2270 4199 Bosms.
