3023 4773
696 365 1231 485 LEoNAam
1291 415 1927 485 MALAESPINAE.
2238 419 2410 501 241·

254 537 613 625 deceperint
634 583 652 616 ,
701 557 970 622 esseque
1007 534 1132 597 sibi
1173 535 1515 623 negotium
1555 535 1951 624 intelligent,
2000 556 2151 602 cum
2186 560 2381 602 mon·

254 647 388 710 stris
417 646 566 732 plus
604 664 799 730 quam
836 640 1193 705 Herculeis.
1236 640 1465 723 Quid?
1501 657 1580 704 tu
1619 641 1853 728 igitur,
1899 641 2069 707 dicat
2112 643 2345 732 aliquis
2367 688 2386 727 ,

256 752 493 814 hancne
527 748 646 811 tibi
671 746 1051 835 sapientiam
1074 744 1375 810 adsciscis
1408 749 1642 835 praeter
1674 762 2032 827 ceterOS,ut
2056 748 2218 813 illud
2241 774 2394 838 pro-

253 855 489 936 fiteare,
518 853 705 933 cujus
733 867 806 916 tu
830 874 1011 940 spem
1038 850 1530 939 quodammodo
1556 850 1857 938 reliquis,
1885 868 1999 916 aut
2035 851 2390 937 diminuaS,

251 977 353 1024 aut
380 956 741 1048 praecidas?
768 957 1041 1021 Minime
1085 977 1206 1045 ego
1243 956 1550 1044 quidem:
1591 979 1713 1020 nec
1754 978 1909 1021 sane
1947 973 2082 1042 est,
2121 982 2239 1022 cur
2274 959 2391 1023 ad-

251 1067 550 1129 sciscam:
591 1063 706 1128 sed
739 1063 866 1127 hoc
895 1061 1077 1127 volui
1116 1061 1367 1143 dicere,
1420 1085 1590 1151 opus
1636 1063 1817 1150 quod
1864 1064 2391 1147 institueremus,

249 1194 598 1260 operosum
630 1166 802 1249 esse,
831 1169 1185 1256 multaeque
1213 1168 1692 1232 contentionis:
1722 1183 1787 1233 et
1819 1191 1940 1233 nos
1967 1168 2100 1248 jam
2130 1153 2283 1235 inde
2308 1172 2390 1235 ab

251 1279 435 1344 initio
463 1278 556 1342 sic
582 1274 980 1365 praevidisse,
1016 1291 1091 1338 ut
1123 1273 1284 1338 illud
1318 1297 1619 1363 quoque,
1657 1276 1900 1339 multos
1938 1276 2082 1341 fore
2116 1276 2233 1365 qui
2268 1277 2397 1341 hoc

250 1401 544 1448 nostrum
582 1382 925 1447 consilium
962 1382 1468 1468 institutumque
1506 1371 2080 1469 reprehenderent.

335 1489 610 1555 Audisse
645 1489 818 1553 enim
862 1510 967 1552 me
1012 1486 1333 1576 quosdam
1366 1488 1683 1551 memoria
1716 1503 1946 1569 teneo,
1982 1489 2050 1552 in
2096 1512 2208 1555 eos
2245 1512 2393 1580 gra-³

247 1597 409 1659 viter
440 1593 941 1675 stomachantes,
970 1592 1083 1680 qui
1112 1593 1269 1656 huic
1302 1593 1426 1682 ipsi
1455 1591 1639 1680 open'
1671 1616 1905 1658 manus
1933 1593 2394 1661 admoverent:

251 1727 379 1767 non
421 1703 598 1767 enim
636 1701 899 1790 purgari
941 1700 1170 1777 libros,
1220 1700 1334 1764 sed
1384 1699 1652 1765 foedari:
1698 1725 1831 1766 non
1894 1703 2033 1767 tolli
2082 1704 2267 1787 vitia,
2315 1721 2393 1770 ut

249 1809 719 1888 existimantur,
757 1805 874 1870 sed
906 1806 1028 1870 alia
1063 1829 1261 1894 super
1298 1806 1436 1870 aliis
1479 1807 1799 1871 cumulari
1840 1831 1856 1872 :
1912 1806 2073 1872 dum
2114 1810 2393 1899 quisque

248 1916 347 1979 vel
373 1938 455 1978 ex
485 1915 620 1977 suis
656 1912 835 1976 libris
851 1960 868 1993 ,
888 1912 942 1974 si
967 1928 1338 1999 suppetant,
1363 1913 1465 1992 vel
1487 1934 1566 1976 ex
1584 1916 1707 1976 suo
1729 1935 1957 1995 sensu,
1990 1915 2176 1979 aliter
2196 1932 2395 2004 atque

249 2023 433 2085 aliter
462 2018 795 2101 emendat,
829 2020 962 2100 jam
985 2034 1202 2081 tutum
1232 2041 1306 2082 ac
1331 2035 1583 2082 certum
1612 2017 1793 2106 quod
1829 2042 2201 2108 sequamur,
2230 2023 2395 2086 nihil

250 2128 566 2215 relinqui:
603 2142 676 2190 ut
700 2127 831 2205 jam
864 2126 1127 2212 p'raestet
1163 2123 1245 2188 ad
1283 2123 1582 2206 Aldinos,
1619 2140 1815 2211 atque
1846 2125 1948 2189 his
1985 2127 2176 2191 etiam
2212 2144 2398 2192 vetu-

249 2234 479 2297 stiores
532 2254 600 2296 se
644 2233 906 2294 referre.
947 2231 1087 2292 Jam
1128 2248 1321 2311 vern,
1373 2228 1555 2315 quod
1598 2228 1681 2293 ad
1722 2251 1860 2295 rem
1897 2231 2102 2318 ipsam
2134 2235 2395 2316 attinet,

252 2339 589 2430 negotium
624 2360 777 2402 sane
815 2337 955 2401 leve
992 2357 1156 2418 esse,
1193 2350 1258 2399 et
1290 2333 1372 2399 ad
1409 2336 1796 2424 eloquentiae
1836 2359 2189 2423 summam,
2234 2340 2395 2407 nihil

250 2465 360 2511 aut
394 2468 629 2536 parum
662 2443 1057 2509 conducens.
1089 2441 1271 2525 Quid
1307 2441 1482 2505 enim
1520 2459 1775 2506 tantum
1806 2444 2013 2527 obsit,
2048 2447 2392 2535 inquiunt,

251 2555 449 2619 unius
515 2568 710 2639 atque
763 2550 1022 2614 alterius
1078 2548 1258 2614 vocis
1318 2565 1432 2611 aut
1499 2550 1833 2614 sententiae
1893 2574 2393 2644 nonnumquam

249 2658 612 2749 ignoratiO,
660 2679 804 2744 quoe
847 2671 1063 2719 tamen
1115 2654 1330 2717 nihilo·
1364 2654 1581 2728 minus
1625 2655 1920 2738 aliunde,
1964 2681 2099 2722 non
2135 2681 2271 2723 uno
2315 2683 2393 2723 ex

251 2769 430 2847 loco,
468 2764 584 2829 sed
617 2763 916 2852 pluribus
944 2763 999 2827 si
1036 2784 1137 2826 res
1172 2777 1432 2850 poscat,
1467 2761 1729 2826 abunde
1753 2765 1876 2828 tibi
1901 2768 2108 2854 possis
2141 2790 2397 2855 compa-

252 2897 394 2938 rare
413 2872 460 2936 ?*
489 2871 842 2936 Prudentis
884 2870 1060 2933 enim
1095 2869 1547 2959 gubernatoris
1591 2892 1765 2950 esse,
1811 2872 2028 2958 quoad
2078 2874 2215 2953 ejus
2260 2873 2399 2938 fieri

248 2995 469 3068 potest
485 3025 505 3059 ,
538 2977 840 3066 scopulos
863 2975 1186 3039 declinare
1204 3022 1221 3056 ,
1246 2996 1367 3039 nec
1390 2975 1823 3056 committere,
1842 2975 2034 3058 dum,
2059 2997 2174 3043 aut
2198 2980 2399 3044 animi

248 3085 629 3176 pertinacia,
660 3100 774 3148 aut
808 3083 1065 3148 levitate
1096 3099 1383 3164 evectus,
1406 3100 1660 3147 rectum
1681 3099 1902 3147 tenere
1921 3103 2186 3149 cursum
2206 3109 2397 3173 pror·-

247 3219 360 3259 sus
389 3191 776 3267 contendat,
812 3191 913 3254 vel
941 3189 1023 3254 ad
1055 3213 1280 3254 saxum
1313 3190 1724 3273 adhaerescat,
1748 3191 1883 3273 vel,
1913 3192 1966 3254 si
1992 3192 2151 3257 illud
2179 3211 2395 3257 tamen

246 3303 457 3366 veluti
483 3302 731 3364 Xerxes
763 3298 1186 3386 perfregerit,
1211 3320 1610 3385 cursumque
1636 3299 1760 3363 sibi
1796 3301 2157 3388 aperuerit,
2190 3303 2395 3366 serius

249 3411 316 3472 in
370 3424 681 3497 portum,
729 3427 924 3493 quam
975 3403 1108 3467 suis
1165 3403 1530 3468 rationibus
1582 3404 1914 3493 expediat,
1962 3407 2396 3493 pervehatur:

250 3535 623 3604 magnaque
645 3511 805 3575 boni
833 3510 948 3573 otii
974 3510 1221 3590 jactura
1240 3556 1257 3590 ,
1288 3510 1535 3573 tantula
1553 3510 1819 3574 victoria
1843 3519 2115 3576 constet.
2142 3513 2403 3580 Postre-

248 3645 364 3685 mo
405 3617 704 3683 addunt:
742 3616 871 3680 hoc
894 3659 913 3697 ,
965 3638 1044 3679 eo
1078 3615 1271 3679 etiam
1308 3611 1631 3695 odiosius,
1672 3616 2021 3704 minusque
2052 3619 2395 3684 ferendum

249 3749 426 3807 esse,
464 3723 645 3813 quod
677 3722 807 3786 hoc
841 3723 1106 3802 malum,
1135 3721 1386 3809 optimo
1420 3722 1687 3785 fortasse
1721 3721 1940 3785 animo
1973 3743 2399 3812 commotum,

249 3839 338 3899 ita
371 3833 591 3912 brevi,
631 3854 766 3894 non
802 3831 1138 3917 serpserit,
1185 3829 1300 3894 sed
1327 3829 1589 3893 irruerit
1614 3845 1808 3915 atque
1836 3829 2163 3915 invaserit,
2216 3851 2291 3899 ut
2336 3853 2400 3901 et

251 3944 415 4008 novi
466 3938 760 4028 quotidie
818 3935 1267 4001 emendatores
1323 3958 1440 4022 per
1492 3935 1912 3999 ambitionem
1969 3940 2244 4005 existant
2265 3992 2280 4023 ,
2341 3960 2409 4007 et

250 4049 408 4112 libri
460 4070 578 4135 per
625 4043 949 4108 licentiam
997 4042 1387 4106 deteriores:
1430 4057 1504 4105 ut
1544 4042 1663 4105 nisi
1717 4043 2049 4129 provisum
2096 4049 2211 4128 sit,
2249 4072 2404 4112 sane

250 4155 487 4241 paucis
518 4152 705 4215 annis
728 4198 745 4231 ‚
787 4173 920 4212 non
951 4149 1331 4212 Ciceronem
1365 4171 1437 4211 ac
1471 4147 1763 4233 Livium,
1821 4173 1954 4216 non
1990 4152 2292 4216 Plautum
2332 4176 2408 4214 ac

459 4264 550 4330 II.
609 4275 703 4320 Cic.
727 4289 837 4337 pars
869 4281 1046 4334 quarta.
2088 4260 2167 4326 16
