<?xml version="1.0" encoding="UTF-8"?>
<!DOCTYPE html PUBLIC "-//W3C//DTD XHTML 1.0 Transitional//EN"
    "http://www.w3.org/TR/xhtml1/DTD/xhtml1-transitional.dtd">
<html xmlns="http://www.w3.org/1999/xhtml" xml:lang="en" lang="en">
 <head>
  <title>
</title>
<meta http-equiv="Content-Type" content="text/html;charset=utf-8" />
  <meta name='ocr-system' content='tesseract 3.04.00' />
  <meta name='ocr-capabilities' content='ocr_page ocr_carea ocr_par ocr_line ocrx_word'/>
</head>
<body>
  <div class='ocr_page' id='page_1' title='image "./mtciceronisquae01bouigoog_0111.png"; bbox 0 0 3023 4773; ppageno 0'>
   <div class='ocr_carea' id='block_1_1' title="bbox 710 429 2360 520">
    <p class='ocr_par' dir='ltr' id='par_1_1' title="bbox 710 429 2360 520">
     <span class='ocr_line' id='line_1_1' title="bbox 710 429 2360 520; baseline 0.005 -22"><span class='ocrx_word' id='word_1_1' title='bbox 710 483 711 486; x_wconf 16' lang='grc' dir='ltr'>η</span> <span class='ocrx_word' id='word_1_2' title='bbox 810 429 1640 520; x_wconf 85' lang='lat' dir='ltr'>EPISTOLAE,XIV,</span> <span class='ocrx_word' id='word_1_3' title='bbox 1681 436 1747 518; x_wconf 74' lang='grc'>4.</span> <span class='ocrx_word' id='word_1_4' title='bbox 2236 461 2360 507; x_wconf 86' lang='lat'>101</span> 
     </span>
    </p>
   </div>
   <div class='ocr_carea' id='block_1_2' title="bbox 210 541 2378 2412">
    <p class='ocr_par' dir='ltr' id='par_1_2' title="bbox 210 541 2378 2412">
     <span class='ocr_line' id='line_1_2' title="bbox 227 541 2372 651; baseline 0.004 -29"><span class='ocrx_word' id='word_1_5' title='bbox 227 551 497 650; x_wconf 89' lang='lat' dir='ltr'>quibus</span> <span class='ocrx_word' id='word_1_6' title='bbox 545 575 682 649; x_wconf 91' lang='lat' dir='ltr'>ego</span> <span class='ocrx_word' id='word_1_7' title='bbox 739 553 993 621; x_wconf 81' lang='lat' dir='ltr'>servivi</span> <span class='ocrx_word' id='word_1_8' title='bbox 1014 562 1068 635; x_wconf 80' lang='lat'>²,</span> <span class='ocrx_word' id='word_1_9' title='bbox 1112 551 1325 623; x_wconf 90' lang='lat' dir='ltr'>nobis</span> <span class='ocrx_word' id='word_1_10' title='bbox 1366 556 1668 651; x_wconf 84' lang='lat' dir='ltr'><strong>gratiam</strong></span> <span class='ocrx_word' id='word_1_11' title='bbox 1718 541 2159 627; x_wconf 79' lang='lat' dir='ltr'>retulerunt.</span> <span class='ocrx_word' id='word_1_12' title='bbox 2221 563 2372 630; x_wconf 84' lang='lat' dir='ltr'>Nos</span> 
     </span>
     <span class='ocr_line' id='line_1_3' title="bbox 221 659 2366 758; baseline 0.003 -26"><span class='ocrx_word' id='word_1_13' title='bbox 221 660 587 732; x_wconf 87' lang='lat' dir='ltr'>Brundisii</span> <span class='ocrx_word' id='word_1_14' title='bbox 629 659 821 758; x_wconf 89' lang='lat' dir='ltr'>apud</span> <span class='ocrx_word' id='word_1_15' title='bbox 872 664 969 730; x_wconf 92' lang='lat' dir='ltr'>M.</span> <span class='ocrx_word' id='word_1_16' title='bbox 1022 665 1345 733; x_wconf 82' lang='lat' dir='ltr'>Laenium</span> <span class='ocrx_word' id='word_1_17' title='bbox 1390 661 1772 735; x_wconf 77' lang='lat' dir='ltr'>Flaccum³</span> <span class='ocrx_word' id='word_1_18' title='bbox 1826 665 1979 737; x_wconf 90' lang='lat' dir='ltr'>dies</span> <span class='ocrx_word' id='word_1_19' title='bbox 2029 692 2162 738; x_wconf 83' lang='lat' dir='ltr'>xm</span> <span class='ocrx_word' id='word_1_20' title='bbox 2225 666 2366 739; x_wconf 89' lang='lat' dir='ltr'>fui-</span> 
     </span>
     <span class='ocr_line' id='line_1_4' title="bbox 210 762 2367 871; baseline 0.005 -32"><span class='ocrx_word' id='word_1_21' title='bbox 210 762 418 856; x_wconf 60' lang='lat' dir='ltr'>‘muS,</span> <span class='ocrx_word' id='word_1_22' title='bbox 468 772 709 841; x_wconf 84' lang='lat' dir='ltr'>virum</span> <span class='ocrx_word' id='word_1_23' title='bbox 764 773 1175 867; x_wconf 86' lang='lat' dir='ltr'>optimum:</span> <span class='ocrx_word' id='word_1_24' title='bbox 1238 776 1366 869; x_wconf 88' lang='lat' dir='ltr'>qui</span> <span class='ocrx_word' id='word_1_25' title='bbox 1426 775 1838 871; x_wconf 86' lang='lat' dir='ltr'>periculum</span> <span class='ocrx_word' id='word_1_26' title='bbox 1907 773 2367 850; x_wconf 87' lang='lat' dir='ltr'>fortunarum</span> 
     </span>
     <span class='ocr_line' id='line_1_5' title="bbox 223 883 2369 985; baseline 0.004 -34"><span class='ocrx_word' id='word_1_27' title='bbox 223 896 291 952; x_wconf 88' lang='lat' dir='ltr'>et</span> <span class='ocrx_word' id='word_1_28' title='bbox 330 883 596 979; x_wconf 75' lang='lat' dir='ltr'>capitis</span> <span class='ocrx_word' id='word_1_29' title='bbox 636 885 746 952; x_wconf 87' lang='lat' dir='ltr'>sui</span> <span class='ocrx_word' id='word_1_30' title='bbox 798 906 944 978; x_wconf 84' lang='lat' dir='ltr'>prae</span> <span class='ocrx_word' id='word_1_31' title='bbox 993 886 1194 953; x_wconf 76' lang='lat' dir='ltr'>mea‘*</span> <span class='ocrx_word' id='word_1_32' title='bbox 1230 884 1458 954; x_wconf 84' lang='lat' dir='ltr'>salute</span> <span class='ocrx_word' id='word_1_33' title='bbox 1499 885 1857 980; x_wconf 81' lang='lat' dir='ltr'>neglexit3</span> <span class='ocrx_word' id='word_1_34' title='bbox 1902 911 2142 983; x_wconf 89' lang='lat' dir='ltr'>neque</span> <span class='ocrx_word' id='word_1_35' title='bbox 2194 888 2369 985; x_wconf 86' lang='lat' dir='ltr'>legis</span> 
     </span>
     <span class='ocr_line' id='line_1_6' title="bbox 219 990 2364 1092; baseline 0.004 -31"><span class='ocrx_word' id='word_1_36' title='bbox 219 990 823 1092; x_wconf 80' lang='lat' dir='ltr'>improbissimae⁵</span> <span class='ocrx_word' id='word_1_37' title='bbox 862 1016 1080 1090; x_wconf 84' lang='lat' dir='ltr'>poena</span> <span class='ocrx_word' id='word_1_38' title='bbox 1125 992 1479 1066; x_wconf 88' lang='lat' dir='ltr'>deductus</span> <span class='ocrx_word' id='word_1_39' title='bbox 1537 1010 1686 1082; x_wconf 90' lang='lat' dir='ltr'>est,</span> <span class='ocrx_word' id='word_1_40' title='bbox 1740 1020 1893 1092; x_wconf 88' lang='lat' dir='ltr'>quo</span> <span class='ocrx_word' id='word_1_41' title='bbox 1939 1000 2182 1068; x_wconf 90' lang='lat' dir='ltr'>minus</span> <span class='ocrx_word' id='word_1_42' title='bbox 2228 997 2364 1069; x_wconf 89' lang='lat' dir='ltr'>ho-</span> 
     </span>
     <span class='ocr_line' id='line_1_7' title="bbox 218 1101 2370 1203; baseline 0.003 -30"><span class='ocrx_word' id='word_1_43' title='bbox 218 1104 417 1200; x_wconf 83' lang='lat' dir='ltr'>spitii</span> <span class='ocrx_word' id='word_1_44' title='bbox 454 1118 529 1173; x_wconf 91' lang='lat' dir='ltr'>et</span> <span class='ocrx_word' id='word_1_45' title='bbox 559 1107 887 1175; x_wconf 79' lang='lat' dir='ltr'>amicitiae</span> <span class='ocrx_word' id='word_1_46' title='bbox 914 1105 1034 1198; x_wconf 88' lang='lat' dir='ltr'>jus</span> <span class='ocrx_word' id='word_1_47' title='bbox 1072 1101 1545 1202; x_wconf 87' lang='lat' dir='ltr'>officiumque</span> <span class='ocrx_word' id='word_1_48' title='bbox 1586 1121 1972 1203; x_wconf 84' lang='lat' dir='ltr'>praestaret.</span> <span class='ocrx_word' id='word_1_49' title='bbox 2016 1110 2201 1180; x_wconf 85' lang='lat' dir='ltr'>Huic</span> <span class='ocrx_word' id='word_1_50' title='bbox 2234 1112 2370 1180; x_wconf 89' lang='lat' dir='ltr'>uti-</span> 
     </span>
     <span class='ocr_line' id='line_1_8' title="bbox 219 1213 2373 1315; baseline 0.003 -32"><span class='ocrx_word' id='word_1_51' title='bbox 219 1237 391 1283; x_wconf 89' lang='lat' dir='ltr'>nam</span> <span class='ocrx_word' id='word_1_52' title='bbox 439 1213 831 1310; x_wconf 90' lang='lat' dir='ltr'>aliquando</span> <span class='ocrx_word' id='word_1_53' title='bbox 867 1217 1163 1311; x_wconf 82' lang='lat' dir='ltr'>gratiam</span> <span class='ocrx_word' id='word_1_54' title='bbox 1207 1215 1474 1287; x_wconf 87' lang='lat' dir='ltr'>referre</span> <span class='ocrx_word' id='word_1_55' title='bbox 1507 1215 1903 1315; x_wconf 86' lang='lat' dir='ltr'>possimus!</span> <span class='ocrx_word' id='word_1_56' title='bbox 1942 1216 2373 1290; x_wconf 88' lang='lat' dir='ltr'>habebimus</span> 
     </span>
     <span class='ocr_line' id='line_1_9' title="bbox 215 1321 2369 1423; baseline 0.001 -29"><span class='ocrx_word' id='word_1_57' title='bbox 215 1321 523 1418; x_wconf 87' lang='lat' dir='ltr'>quidem</span> <span class='ocrx_word' id='word_1_58' title='bbox 586 1341 906 1421; x_wconf 81' lang='lat' dir='ltr'>semper.</span> <span class='ocrx_word' id='word_1_59' title='bbox 966 1323 1349 1396; x_wconf 86' lang='lat' dir='ltr'>Brundisio</span> <span class='ocrx_word' id='word_1_60' title='bbox 1419 1324 1723 1423; x_wconf 88' lang='lat' dir='ltr'>profecti</span> <span class='ocrx_word' id='word_1_61' title='bbox 1783 1352 2035 1398; x_wconf 87' lang='lat' dir='ltr'>sumus</span> <span class='ocrx_word' id='word_1_62' title='bbox 2085 1352 2147 1398; x_wconf 87' lang='lat' dir='ltr'>a.</span> <span class='ocrx_word' id='word_1_63' title='bbox 2193 1326 2263 1399; x_wconf 91' lang='lat' dir='ltr'>d</span> <span class='ocrx_word' id='word_1_64' title='bbox 2323 1352 2369 1396; x_wconf 86' lang='lat' dir='ltr'>v</span> 
     </span>
     <span class='ocr_line' id='line_1_10' title="bbox 218 1430 2364 1534; baseline 0.004 -32"><span class='ocrx_word' id='word_1_65' title='bbox 218 1430 609 1502; x_wconf 71' lang='lat' dir='ltr'>kalendas⁶</span> <span class='ocrx_word' id='word_1_66' title='bbox 634 1435 835 1502; x_wconf 87' lang='lat' dir='ltr'>maii·</span> <span class='ocrx_word' id='word_1_67' title='bbox 818 1457 991 1530; x_wconf 87' lang='lat' dir='ltr'>,per</span> <span class='ocrx_word' id='word_1_68' title='bbox 1019 1433 1518 1505; x_wconf 85' lang='lat' dir='ltr'>Macedoniam</span> <span class='ocrx_word' id='word_1_69' title='bbox 1544 1438 1884 1532; x_wconf 87' lang='lat' dir='ltr'>Cyzicum</span> <span class='ocrx_word' id='word_1_70' title='bbox 1914 1437 2364 1534; x_wconf 71' lang='lat' dir='ltr'>petebamus2</span> 
     </span>
     <span class='ocr_line' id='line_1_11' title="bbox 220 1541 2373 1645; baseline 0.004 -33"><span class='ocrx_word' id='word_1_71' title='bbox 220 1545 284 1612; x_wconf 91' lang='grc' dir='ltr'><strong>Ο</strong></span> <span class='ocrx_word' id='word_1_72' title='bbox 320 1566 444 1613; x_wconf 89' lang='lat' dir='ltr'>me</span> <span class='ocrx_word' id='word_1_73' title='bbox 488 1541 900 1641; x_wconf 84' lang='lat' dir='ltr'>perditum!</span> <span class='ocrx_word' id='word_1_74' title='bbox 952 1569 997 1614; x_wconf 96' lang='lat' dir='ltr'>o</span> <span class='ocrx_word' id='word_1_75' title='bbox 1038 1541 1471 1616; x_wconf 75' lang='lat' dir='ltr'>afflictum⁷l</span> <span class='ocrx_word' id='word_1_76' title='bbox 1518 1544 1696 1643; x_wconf 89' lang='lat' dir='ltr'>quid</span> <span class='ocrx_word' id='word_1_77' title='bbox 1730 1572 1929 1618; x_wconf 85' lang='lat' dir='ltr'>nunc</span> <span class='ocrx_word' id='word_1_78' title='bbox 1972 1572 2221 1645; x_wconf 85' lang='lat' dir='ltr'>rogem</span> <span class='ocrx_word' id='word_1_79' title='bbox 2265 1563 2373 1635; x_wconf 89' lang='lat' dir='ltr'>te,</span> 
     </span>
     <span class='ocr_line' id='line_1_12' title="bbox 221 1653 2362 1753; baseline 0.002 -31"><span class='ocrx_word' id='word_1_80' title='bbox 221 1667 303 1723; x_wconf 88' lang='lat' dir='ltr'>ut</span> <span class='ocrx_word' id='word_1_81' title='bbox 332 1654 579 1724; x_wconf 87' lang='lat' dir='ltr'>venias</span> <span class='ocrx_word' id='word_1_82' title='bbox 600 1709 619 1740; x_wconf 94' lang='lat'>‚</span> <span class='ocrx_word' id='word_1_83' title='bbox 650 1653 1027 1724; x_wconf 88' lang='lat' dir='ltr'>mulierem</span> <span class='ocrx_word' id='word_1_84' title='bbox 1057 1678 1349 1752; x_wconf 65' lang='lat' dir='ltr'>aegram,</span> <span class='ocrx_word' id='word_1_85' title='bbox 1370 1669 1442 1726; x_wconf 87' lang='lat' dir='ltr'>et</span> <span class='ocrx_word' id='word_1_86' title='bbox 1468 1680 1777 1753; x_wconf 89' lang='lat' dir='ltr'>corpore</span> <span class='ocrx_word' id='word_1_87' title='bbox 1808 1671 1881 1727; x_wconf 90' lang='lat' dir='ltr'>et</span> <span class='ocrx_word' id='word_1_88' title='bbox 1906 1658 2151 1728; x_wconf 87' lang='lat' dir='ltr'>animo</span> <span class='ocrx_word' id='word_1_89' title='bbox 2180 1681 2362 1729; x_wconf 87' lang='lat' dir='ltr'>con-</span> 
     </span>
     <span class='ocr_line' id='line_1_13' title="bbox 221 1760 2373 1863; baseline 0.002 -31"><span class='ocrx_word' id='word_1_90' title='bbox 221 1760 530 1834; x_wconf 80' lang='lat' dir='ltr'>sectam?</span> <span class='ocrx_word' id='word_1_91' title='bbox 569 1763 722 1833; x_wconf 79' lang='lat' dir='ltr'>&#39;non</span> <span class='ocrx_word' id='word_1_92' title='bbox 766 1765 1054 1860; x_wconf 83' lang='lat' dir='ltr'>rogem?</span> <span class='ocrx_word' id='word_1_93' title='bbox 1099 1766 1253 1835; x_wconf 88' lang='lat' dir='ltr'>sine</span> <span class='ocrx_word' id='word_1_94' title='bbox 1308 1780 1380 1835; x_wconf 91' lang='lat' dir='ltr'>te</span> <span class='ocrx_word' id='word_1_95' title='bbox 1425 1765 1643 1861; x_wconf 88' lang='lat' dir='ltr'>igitur</span> <span class='ocrx_word' id='word_1_96' title='bbox 1693 1765 1876 1835; x_wconf 83' lang='lat' dir='ltr'>sim?</span> <span class='ocrx_word' id='word_1_97' title='bbox 1921 1767 2226 1863; x_wconf 80' lang='lat' dir='ltr'>opinor,</span> <span class='ocrx_word' id='word_1_98' title='bbox 2271 1769 2373 1837; x_wconf 86' lang='lat' dir='ltr'>sic</span> 
     </span>
     <span class='ocr_line' id='line_1_14' title="bbox 220 1873 2376 1971; baseline 0.002 -29"><span class='ocrx_word' id='word_1_99' title='bbox 220 1898 453 1970; x_wconf 83' lang='lat' dir='ltr'>agam.</span> <span class='ocrx_word' id='word_1_100' title='bbox 508 1875 575 1944; x_wconf 86' lang='lat' dir='ltr'>Si</span> <span class='ocrx_word' id='word_1_101' title='bbox 617 1888 930 1971; x_wconf 76' lang='lat' dir='ltr'>est—spes</span> <span class='ocrx_word' id='word_1_102' title='bbox 972 1876 1203 1945; x_wconf 89' lang='lat' dir='ltr'>nostri</span> <span class='ocrx_word' id='word_1_103' title='bbox 1259 1873 1577 1961; x_wconf 86' lang='lat' dir='ltr'>reditus,</span> <span class='ocrx_word' id='word_1_104' title='bbox 1627 1899 1783 1945; x_wconf 89' lang='lat' dir='ltr'>eam</span> <span class='ocrx_word' id='word_1_105' title='bbox 1830 1873 2255 1961; x_wconf 76' lang='lat' dir='ltr'>confirmeS,</span> <span class='ocrx_word' id='word_1_106' title='bbox 2303 1891 2376 1947; x_wconf 88' lang='lat' dir='ltr'>et</span> 
     </span>
     <span class='ocr_line' id='line_1_15' title="bbox 222 1981 2371 2082; baseline 0.002 -29"><span class='ocrx_word' id='word_1_107' title='bbox 222 2007 379 2053; x_wconf 89' lang='lat' dir='ltr'>rem</span> <span class='ocrx_word' id='word_1_108' title='bbox 412 1981 731 2076; x_wconf 85' lang='lat' dir='ltr'>adjuves.</span> <span class='ocrx_word' id='word_1_109' title='bbox 756 1987 915 2070; x_wconf 87' lang='lat' dir='ltr'>Sin,</span> <span class='ocrx_word' id='word_1_110' title='bbox 948 1999 1031 2055; x_wconf 89' lang='lat' dir='ltr'>ut</span> <span class='ocrx_word' id='word_1_111' title='bbox 1055 2008 1189 2080; x_wconf 87' lang='lat' dir='ltr'>ego</span> <span class='ocrx_word' id='word_1_112' title='bbox 1213 2000 1495 2070; x_wconf 91' lang='lat' dir='ltr'>metuo,</span> <span class='ocrx_word' id='word_1_113' title='bbox 1530 2000 1973 2056; x_wconf 83' lang='lat' dir='ltr'>transactum</span> <span class='ocrx_word' id='word_1_114' title='bbox 2002 2001 2142 2071; x_wconf 88' lang='lat' dir='ltr'>est,</span> <span class='ocrx_word' id='word_1_115' title='bbox 2183 2010 2371 2082; x_wconf 88' lang='lat' dir='ltr'>quo-</span> 
     </span>
     <span class='ocr_line' id='line_1_16' title="bbox 222 2093 2371 2192; baseline 0 -28"><span class='ocrx_word' id='word_1_116' title='bbox 222 2117 374 2189; x_wconf 88' lang='lat' dir='ltr'>quo</span> <span class='ocrx_word' id='word_1_117' title='bbox 412 2094 642 2165; x_wconf 89' lang='lat' dir='ltr'>modo</span> <span class='ocrx_word' id='word_1_118' title='bbox 683 2108 923 2192; x_wconf 82' lang='lat' dir='ltr'>poteS,</span> <span class='ocrx_word' id='word_1_119' title='bbox 954 2095 1043 2165; x_wconf 86' lang='lat' dir='ltr'>ad</span> <span class='ocrx_word' id='word_1_120' title='bbox 1082 2120 1199 2165; x_wconf 87' lang='lat' dir='ltr'>me</span> <span class='ocrx_word' id='word_1_121' title='bbox 1236 2093 1348 2167; x_wconf 87' lang='lat' dir='ltr'>fac</span> <span class='ocrx_word' id='word_1_122' title='bbox 1384 2097 1651 2167; x_wconf 87' lang='lat' dir='ltr'>venias.</span> <span class='ocrx_word' id='word_1_123' title='bbox 1691 2100 1939 2172; x_wconf 89' lang='lat' dir='ltr'>Unum</span> <span class='ocrx_word' id='word_1_124' title='bbox 1968 2096 2110 2167; x_wconf 91' lang='lat' dir='ltr'>hoc</span> <span class='ocrx_word' id='word_1_125' title='bbox 2150 2098 2371 2166; x_wconf 88' lang='lat' dir='ltr'>scito:</span> 
     </span>
     <span class='ocr_line' id='line_1_17' title="bbox 222 2202 2374 2303; baseline 0.001 -29"><span class='ocrx_word' id='word_1_126' title='bbox 222 2205 283 2274; x_wconf 83' lang='lat' dir='ltr'>si</span> <span class='ocrx_word' id='word_1_127' title='bbox 332 2218 408 2274; x_wconf 88' lang='lat' dir='ltr'>te</span> <span class='ocrx_word' id='word_1_128' title='bbox 464 2202 796 2286; x_wconf 87' lang='lat' dir='ltr'>habebo,</span> <span class='ocrx_word' id='word_1_129' title='bbox 843 2230 993 2275; x_wconf 90' lang='lat' dir='ltr'>non</span> <span class='ocrx_word' id='word_1_130' title='bbox 1036 2205 1213 2275; x_wconf 90' lang='lat' dir='ltr'>mihi</span> <span class='ocrx_word' id='word_1_131' title='bbox 1260 2204 1566 2275; x_wconf 85' lang='lat' dir='ltr'>videbor</span> <span class='ocrx_word' id='word_1_132' title='bbox 1617 2206 1832 2302; x_wconf 88' lang='lat' dir='ltr'>plane</span> <span class='ocrx_word' id='word_1_133' title='bbox 1879 2207 2168 2303; x_wconf 91' lang='lat' dir='ltr'>perisse.</span> <span class='ocrx_word' id='word_1_134' title='bbox 2234 2205 2374 2276; x_wconf 85' lang='lat' dir='ltr'>Sed</span> 
     </span>
     <span class='ocr_line' id='line_1_18' title="bbox 224 2308 2378 2412; baseline -0 -26"><span class='ocrx_word' id='word_1_135' title='bbox 224 2313 406 2412; x_wconf 89' lang='lat' dir='ltr'>quid</span> <span class='ocrx_word' id='word_1_136' title='bbox 447 2308 589 2385; x_wconf 78' lang='lat' dir='ltr'>de⁸</span> <span class='ocrx_word' id='word_1_137' title='bbox 633 2314 935 2385; x_wconf 81' lang='lat' dir='ltr'>Tulliola</span> <span class='ocrx_word' id='word_1_138' title='bbox 979 2339 1140 2386; x_wconf 90' lang='lat' dir='ltr'>mea</span> <span class='ocrx_word' id='word_1_139' title='bbox 1178 2312 1400 2385; x_wconf 82' lang='lat' dir='ltr'>fiet?&#39;</span> <span class='ocrx_word' id='word_1_140' title='bbox 1375 2339 1522 2410; x_wconf 75' lang='lat' dir='ltr'>jam</span> <span class='ocrx_word' id='word_1_141' title='bbox 1570 2313 1643 2384; x_wconf 92' lang='lat' dir='ltr'>id</span> <span class='ocrx_word' id='word_1_142' title='bbox 1682 2338 1810 2386; x_wconf 88' lang='lat' dir='ltr'>vos</span> <span class='ocrx_word' id='word_1_143' title='bbox 1850 2313 2142 2385; x_wconf 86' lang='lat' dir='ltr'>videte.</span> <span class='ocrx_word' id='word_1_144' title='bbox 2197 2315 2378 2394; x_wconf 86' lang='lat' dir='ltr'>mihi</span> 
     </span>
    </p>
   </div>
   <div class='ocr_carea' id='block_1_3' title="bbox 222 2428 2406 3083">
    <p class='ocr_par' dir='ltr' id='par_1_3' title="bbox 222 2428 2406 3083">
     <span class='ocr_line' id='line_1_19' title="bbox 223 2428 2378 2527; baseline 0 -26"><span class='ocrx_word' id='word_1_145' title='bbox 223 2429 432 2501; x_wconf 85' lang='lat' dir='ltr'>deest</span> <span class='ocrx_word' id='word_1_146' title='bbox 462 2430 869 2501; x_wconf 89' lang='lat' dir='ltr'>consilium.</span> <span class='ocrx_word' id='word_1_147' title='bbox 905 2429 1045 2501; x_wconf 89' lang='lat' dir='ltr'>Sed</span> <span class='ocrx_word' id='word_1_148' title='bbox 1073 2445 1291 2517; x_wconf 79' lang='lat' dir='ltr'>certe,</span> <span class='ocrx_word' id='word_1_149' title='bbox 1320 2455 1624 2527; x_wconf 90' lang='lat' dir='ltr'>quoquo</span> <span class='ocrx_word' id='word_1_150' title='bbox 1657 2429 1879 2501; x_wconf 92' lang='lat' dir='ltr'>modo</span> <span class='ocrx_word' id='word_1_151' title='bbox 1910 2454 1986 2503; x_wconf 88' lang='lat' dir='ltr'>se</span> <span class='ocrx_word' id='word_1_152' title='bbox 2015 2453 2130 2507; x_wconf 86' lang='lat' dir='ltr'>res</span> <span class='ocrx_word' id='word_1_153' title='bbox 2159 2428 2378 2501; x_wconf 50' lang='lat' dir='ltr'>habe*</span> 
     </span>
     <span class='ocr_line' id='line_1_20' title="bbox 222 2523 2371 2626; baseline -0.001 -14"><span class='ocrx_word' id='word_1_154' title='bbox 222 2540 352 2626; x_wconf 85' lang='lat' dir='ltr'>bit,</span> <span class='ocrx_word' id='word_1_155' title='bbox 364 2540 567 2611; x_wconf 82' lang='lat' dir='ltr'>illius</span> <span class='ocrx_word' id='word_1_156' title='bbox 593 2541 882 2611; x_wconf 85' lang='lat' dir='ltr'>misellae</span> <span class='ocrx_word' id='word_1_157' title='bbox 903 2556 976 2611; x_wconf 90' lang='lat' dir='ltr'>et</span> <span class='ocrx_word' id='word_1_158' title='bbox 997 2542 1460 2611; x_wconf 88' lang='lat' dir='ltr'>matrimonio</span> <span class='ocrx_word' id='word_1_159' title='bbox 1481 2553 1537 2625; x_wconf 81' lang='lat'>9,</span> <span class='ocrx_word' id='word_1_160' title='bbox 1572 2555 1645 2610; x_wconf 91' lang='lat' dir='ltr'>et</span> <span class='ocrx_word' id='word_1_161' title='bbox 1674 2538 1881 2610; x_wconf 84' lang='lat' dir='ltr'>famae</span> <span class='ocrx_word' id='word_1_162' title='bbox 1906 2523 2371 2614; x_wconf 80' lang='lat' dir='ltr'>serviendum</span> 
     </span>
     <span class='ocr_line' id='line_1_21' title="bbox 226 2649 2375 2752; baseline -0.001 -31"><span class='ocrx_word' id='word_1_163' title='bbox 226 2665 349 2721; x_wconf 83' lang='lat' dir='ltr'>est.</span> <span class='ocrx_word' id='word_1_164' title='bbox 370 2649 614 2741; x_wconf 81' lang='lat' dir='ltr'>Quid?</span> <span class='ocrx_word' id='word_1_165' title='bbox 639 2653 892 2722; x_wconf 88' lang='lat' dir='ltr'>Cicero</span> <span class='ocrx_word' id='word_1_166' title='bbox 922 2674 1127 2720; x_wconf 89' lang='lat' dir='ltr'>meus</span> <span class='ocrx_word' id='word_1_167' title='bbox 1160 2649 1336 2747; x_wconf 90' lang='lat' dir='ltr'>quid</span> <span class='ocrx_word' id='word_1_168' title='bbox 1366 2650 1572 2748; x_wconf 82' lang='lat' dir='ltr'>aget?</span> <span class='ocrx_word' id='word_1_169' title='bbox 1593 2653 1745 2752; x_wconf 68' lang='lat' dir='ltr'>=Iste</span> <span class='ocrx_word' id='word_1_170' title='bbox 1772 2675 1948 2721; x_wconf 85' lang='lat' dir='ltr'>vero</span> <span class='ocrx_word' id='word_1_171' title='bbox 1975 2653 2068 2720; x_wconf 84' lang='lat' dir='ltr'>sit</span> <span class='ocrx_word' id='word_1_172' title='bbox 2106 2651 2181 2718; x_wconf 90' lang='lat' dir='ltr'>in</span> <span class='ocrx_word' id='word_1_173' title='bbox 2210 2653 2375 2719; x_wconf 88' lang='lat' dir='ltr'>sinu</span> 
     </span>
     <span class='ocr_line' id='line_1_22' title="bbox 225 2760 2377 2859; baseline -0.002 -27"><span class='ocrx_word' id='word_1_174' title='bbox 225 2784 519 2858; x_wconf 85' lang='lat' dir='ltr'>semper</span> <span class='ocrx_word' id='word_1_175' title='bbox 564 2773 639 2829; x_wconf 90' lang='lat' dir='ltr'>et</span> <span class='ocrx_word' id='word_1_176' title='bbox 679 2760 1062 2857; x_wconf 84' lang='lat' dir='ltr'>complexu</span> <span class='ocrx_word' id='word_1_177' title='bbox 1098 2785 1286 2831; x_wconf 87' lang='lat' dir='ltr'>meo.</span> <span class='ocrx_word' id='word_1_178' title='bbox 1307 2764 1497 2859; x_wconf 38' lang='lat' dir='ltr'>‘Non</span> <span class='ocrx_word' id='word_1_179' title='bbox 1543 2783 1735 2855; x_wconf 88' lang='lat' dir='ltr'>queo</span> <span class='ocrx_word' id='word_1_180' title='bbox 1771 2760 1979 2858; x_wconf 87' lang='lat' dir='ltr'>plura</span> <span class='ocrx_word' id='word_1_181' title='bbox 2011 2760 2157 2854; x_wconf 87' lang='lat' dir='ltr'>jam</span> <span class='ocrx_word' id='word_1_182' title='bbox 2204 2762 2377 2829; x_wconf 87' lang='lat' dir='ltr'>scri-</span> 
     </span>
     <span class='ocr_line' id='line_1_23' title="bbox 226 2868 2377 2967; baseline -0.002 -25"><span class='ocrx_word' id='word_1_183' title='bbox 226 2869 399 2942; x_wconf 88' lang='lat' dir='ltr'>bere</span> <span class='ocrx_word' id='word_1_184' title='bbox 436 2898 454 2940; x_wconf 91' lang='lat'>:</span> <span class='ocrx_word' id='word_1_185' title='bbox 490 2869 799 2967; x_wconf 88' lang='lat' dir='ltr'>impedit</span> <span class='ocrx_word' id='word_1_186' title='bbox 838 2895 1131 2943; x_wconf 88' lang='lat' dir='ltr'>moeror.</span> <span class='ocrx_word' id='word_1_187' title='bbox 1166 2875 1276 2941; x_wconf 91' lang='lat' dir='ltr'>Tu</span> <span class='ocrx_word' id='word_1_188' title='bbox 1305 2868 1486 2966; x_wconf 87' lang='lat' dir='ltr'>quid</span> <span class='ocrx_word' id='word_1_189' title='bbox 1518 2872 1777 2964; x_wconf 80' lang='lat' dir='ltr'>egeriS,</span> <span class='ocrx_word' id='word_1_190' title='bbox 1808 2870 2092 2940; x_wconf 87' lang='lat' dir='ltr'>nescio:</span> <span class='ocrx_word' id='word_1_191' title='bbox 2127 2883 2377 2938; x_wconf 88' lang='lat' dir='ltr'>utrum</span> 
     </span>
     <span class='ocr_line' id='line_1_24' title="bbox 229 2982 2406 3083; baseline -0.001 -29"><span class='ocrx_word' id='word_1_192' title='bbox 229 2984 509 3082; x_wconf 87' lang='lat' dir='ltr'>aliquid</span> <span class='ocrx_word' id='word_1_193' title='bbox 555 2998 838 3071; x_wconf 78' lang='lat' dir='ltr'>teneaS,</span> <span class='ocrx_word' id='word_1_194' title='bbox 890 3009 1025 3072; x_wconf 90' lang='lat' dir='ltr'>an,</span> <span class='ocrx_word' id='word_1_195' title='bbox 1070 2982 1271 3081; x_wconf 82' lang='lat' dir='ltr'>quod</span> <span class='ocrx_word' id='word_1_196' title='bbox 1308 2998 1596 3071; x_wconf 90' lang='lat' dir='ltr'>metuo,</span> <span class='ocrx_word' id='word_1_197' title='bbox 1649 2983 1863 3081; x_wconf 87' lang='lat' dir='ltr'>plane</span> <span class='ocrx_word' id='word_1_198' title='bbox 1914 2984 2010 3054; x_wconf 90' lang='lat' dir='ltr'>sis</span> <span class='ocrx_word' id='word_1_199' title='bbox 2053 2983 2406 3083; x_wconf 20' lang='lat' dir='ltr'>spoliata..</span> 
     </span>
    </p>
   </div>
   <div class='ocr_carea' id='block_1_4' title="bbox 225 3223 2384 3686">
    <p class='ocr_par' dir='ltr' id='par_1_4' title="bbox 227 3223 2381 3452">
     <span class='ocr_line' id='line_1_25' title="bbox 228 3223 2381 3285; baseline -0 -11"><span class='ocrx_word' id='word_1_200' title='bbox 228 3227 478 3277; x_wconf 65' lang='lat' dir='ltr'>canuit».</span> <span class='ocrx_word' id='word_1_201' title='bbox 508 3226 675 3275; x_wconf 77' lang='lat' dir='ltr'>Infra:</span> <span class='ocrx_word' id='word_1_202' title='bbox 711 3228 1009 3276; x_wconf 74' lang='lat' dir='ltr'>«Peccatum</span> <span class='ocrx_word' id='word_1_203' title='bbox 1044 3238 1119 3276; x_wconf 79' lang='lat' dir='ltr'>eet</span> <span class='ocrx_word' id='word_1_204' title='bbox 1152 3227 1263 3276; x_wconf 87' lang='lat' dir='ltr'>nul·</span> <span class='ocrx_word' id='word_1_205' title='bbox 1422 3228 1473 3274; x_wconf 83' lang='lat'><strong>6.</strong></span> <span class='ocrx_word' id='word_1_206' title='bbox 1505 3229 1571 3276; x_wconf 90' lang='lat' dir='ltr'>A.</span> <span class='ocrx_word' id='word_1_207' title='bbox 1606 3225 1655 3273; x_wconf 80' lang='lat' dir='ltr'><strong>d.</strong></span> <span class='ocrx_word' id='word_1_208' title='bbox 1689 3228 1736 3272; x_wconf 85' lang='lat' dir='ltr'><em>V</em></span> <span class='ocrx_word' id='word_1_209' title='bbox 1761 3223 2011 3285; x_wconf 73' lang='lat' dir='ltr'>kalendas.</span> <span class='ocrx_word' id='word_1_210' title='bbox 2040 3226 2244 3273; x_wconf 68' lang='lat' dir='ltr'>Constat</span> <span class='ocrx_word' id='word_1_211' title='bbox 2279 3241 2381 3273; x_wconf 72' lang='lat' dir='ltr'>esse</span> 
     </span>
     <span class='ocr_line' id='line_1_26' title="bbox 227 3304 2380 3373; baseline -0 -20"><span class='ocrx_word' id='word_1_212' title='bbox 227 3305 348 3365; x_wconf 73' lang='lat' dir='ltr'>lum,</span> <span class='ocrx_word' id='word_1_213' title='bbox 375 3307 474 3353; x_wconf 68' lang='lat' dir='ltr'>niti</span> <span class='ocrx_word' id='word_1_214' title='bbox 499 3304 641 3368; x_wconf 88' lang='lat' dir='ltr'>qnod</span> <span class='ocrx_word' id='word_1_215' title='bbox 660 3321 765 3354; x_wconf 89' lang='lat' dir='ltr'>non</span> <span class='ocrx_word' id='word_1_216' title='bbox 792 3322 891 3354; x_wconf 74' lang='lat' dir='ltr'>una</span> <span class='ocrx_word' id='word_1_217' title='bbox 916 3307 1125 3356; x_wconf 75' lang='lat' dir='ltr'>animam</span> <span class='ocrx_word' id='word_1_218' title='bbox 1149 3323 1264 3354; x_wconf 86' lang='lat' dir='ltr'>cum</span> <span class='ocrx_word' id='word_1_219' title='bbox 1300 3370 1303 3373; x_wconf 26' lang='grc' dir='ltr'>Ι</span> <span class='ocrx_word' id='word_1_220' title='bbox 1351 3306 1612 3369; x_wconf 79' lang='lat' dir='ltr'>legendum</span> <span class='ocrx_word' id='word_1_221' title='bbox 1638 3307 1807 3371; x_wconf 78' lang='lat' dir='ltr'>pridie</span> <span class='ocrx_word' id='word_1_222' title='bbox 1841 3306 1939 3354; x_wconf 74' lang='lat' dir='ltr'>kal.</span> <span class='ocrx_word' id='word_1_223' title='bbox 1960 3322 2024 3353; x_wconf 80' lang='lat' dir='ltr'>ex</span> <span class='ocrx_word' id='word_1_224' title='bbox 2049 3305 2129 3353; x_wconf 87' lang='lat' dir='ltr'>die</span> <span class='ocrx_word' id='word_1_225' title='bbox 2152 3315 2380 3353; x_wconf 63' lang='lat' dir='ltr'>extreme</span> 
     </span>
     <span class='ocr_line' id='line_1_27' title="bbox 227 3385 1995 3452; baseline 0.001 -19"><span class='ocrx_word' id='word_1_226' title='bbox 227 3386 531 3433; x_wconf 70' lang='lat' dir='ltr'>ornamentis</span> <span class='ocrx_word' id='word_1_227' title='bbox 557 3385 806 3433; x_wconf 69' lang='lat' dir='ltr'>amisimus</span> <span class='ocrx_word' id='word_1_228' title='bbox 825 3408 870 3434; x_wconf 72' lang='lat' dir='ltr'><strong>n.</strong></span> <span class='ocrx_word' id='word_1_229' title='bbox 901 3387 1043 3436; x_wconf 67' lang='lat' dir='ltr'><strong>Mn«.</strong></span> <span class='ocrx_word' id='word_1_230' title='bbox 1354 3385 1574 3450; x_wconf 71' lang='lat' dir='ltr'>epistolae</span> <span class='ocrx_word' id='word_1_231' title='bbox 1591 3385 1855 3452; x_wconf 69' lang='lat' dir='ltr'>adscripta.</span> <span class='ocrx_word' id='word_1_232' title='bbox 1878 3389 1995 3435; x_wconf 73' lang='lat' dir='ltr'><strong>Sca.</strong></span> 
     </span>
    </p>

    <p class='ocr_par' dir='ltr' id='par_1_5' title="bbox 225 3461 2384 3686">
     <span class='ocr_line' id='line_1_28' title="bbox 295 3461 2384 3531; baseline -0.001 -19"><span class='ocrx_word' id='word_1_233' title='bbox 295 3482 345 3512; x_wconf 65' lang='grc' dir='ltr'>α.</span> <span class='ocrx_word' id='word_1_234' title='bbox 380 3465 464 3512; x_wconf 71' lang='grc' dir='ltr'>ΑΙ.</span> <span class='ocrx_word' id='word_1_235' title='bbox 494 3464 647 3521; x_wconf 78' lang='lat' dir='ltr'>male,</span> <span class='ocrx_word' id='word_1_236' title='bbox 691 3480 850 3528; x_wconf 77' lang='lat' dir='ltr'>«quos</span> <span class='ocrx_word' id='word_1_237' title='bbox 885 3481 976 3528; x_wconf 86' lang='lat' dir='ltr'>ego</span> <span class='ocrx_word' id='word_1_238' title='bbox 1016 3465 1264 3512; x_wconf 72' lang='lat' dir='ltr'>servavi».</span> <span class='ocrx_word' id='word_1_239' title='bbox 1431 3482 1476 3526; x_wconf 79' lang='lat'><strong>7.</strong></span> <span class='ocrx_word' id='word_1_240' title='bbox 1507 3461 1778 3531; x_wconf 78' lang='lat' dir='ltr'>Afflictum.</span> <span class='ocrx_word' id='word_1_241' title='bbox 1811 3467 1967 3514; x_wconf 74' lang='lat' dir='ltr'>Janns</span> <span class='ocrx_word' id='word_1_242' title='bbox 1998 3461 2285 3512; x_wconf 71' lang='lat' dir='ltr'>Gulielmius</span> <span class='ocrx_word' id='word_1_243' title='bbox 2320 3462 2384 3510; x_wconf 76' lang='lat' dir='ltr'>ad</span> 
     </span>
     <span class='ocr_line' id='line_1_29' title="bbox 225 3543 2380 3607; baseline -0 -16"><span class='ocrx_word' id='word_1_244' title='bbox 225 3544 303 3591; x_wconf 75' lang='lat' dir='ltr'>At.</span> <span class='ocrx_word' id='word_1_245' title='bbox 326 3556 499 3593; x_wconf 76' lang='lat' dir='ltr'>autem</span> <span class='ocrx_word' id='word_1_246' title='bbox 530 3543 743 3603; x_wconf 77' lang='lat' dir='ltr'>habent,</span> <span class='ocrx_word' id='word_1_247' title='bbox 774 3544 994 3607; x_wconf 71' lang='lat' dir='ltr'>«quibua</span> <span class='ocrx_word' id='word_1_248' title='bbox 1019 3558 1111 3607; x_wconf 79' lang='lat' dir='ltr'>ego</span> <span class='ocrx_word' id='word_1_249' title='bbox 1136 3559 1261 3591; x_wconf 78' lang='lat' dir='ltr'>eem-</span> <span class='ocrx_word' id='word_1_250' title='bbox 1358 3543 1515 3590; x_wconf 79' lang='lat' dir='ltr'>Plauti</span> <span class='ocrx_word' id='word_1_251' title='bbox 1551 3544 1897 3601; x_wconf 77' lang='lat' dir='ltr'>Cistellariam,</span> <span class='ocrx_word' id='word_1_252' title='bbox 1938 3554 2033 3590; x_wconf 82' lang='lat' dir='ltr'>act.</span> <span class='ocrx_word' id='word_1_253' title='bbox 2061 3544 2138 3600; x_wconf 90' lang='lat'>11,</span> <span class='ocrx_word' id='word_1_254' title='bbox 2174 3559 2306 3590; x_wconf 70' lang='lat' dir='ltr'>scen.</span> <span class='ocrx_word' id='word_1_255' title='bbox 2335 3558 2380 3600; x_wconf 78' lang='grc' dir='ltr'>ι,</span> 
     </span>
     <span class='ocr_line' id='line_1_30' title="bbox 225 3622 2383 3686; baseline -0.001 -15"><span class='ocrx_word' id='word_1_256' title='bbox 225 3639 311 3686; x_wconf 75' lang='lat' dir='ltr'>per</span> <span class='ocrx_word' id='word_1_257' title='bbox 334 3624 566 3671; x_wconf 70' lang='lat' dir='ltr'>cervivi-</span> <span class='ocrx_word' id='word_1_258' title='bbox 570 3624 659 3670; x_wconf 78' lang='grc'><strong>..1.</strong></span> <span class='ocrx_word' id='word_1_259' title='bbox 674 3624 738 3671; x_wconf 88' lang='lat' dir='ltr'>V.</span> <span class='ocrx_word' id='word_1_260' title='bbox 765 3625 819 3670; x_wconf 93' lang='lat' dir='ltr'>L.</span> <span class='ocrx_word' id='word_1_261' title='bbox 1349 3632 1552 3669; x_wconf 75' lang='lat' dir='ltr'>testatur</span> <span class='ocrx_word' id='word_1_262' title='bbox 1569 3639 1623 3670; x_wconf 76' lang='lat' dir='ltr'>se</span> <span class='ocrx_word' id='word_1_263' title='bbox 1646 3624 1698 3670; x_wconf 85' lang='lat' dir='ltr'>in</span> <span class='ocrx_word' id='word_1_264' title='bbox 1725 3623 2063 3670; x_wconf 69' lang='lat' dir='ltr'>vetustissimis</span> <span class='ocrx_word' id='word_1_265' title='bbox 2090 3622 2383 3670; x_wconf 77' lang='lat' dir='ltr'>membranis</span> 
     </span>
    </p>
   </div>
   <div class='ocr_carea' id='block_1_5' title="bbox 224 3699 2383 3926">
    <p class='ocr_par' dir='ltr' id='par_1_6' title="bbox 224 3699 2383 3926">
     <span class='ocr_line' id='line_1_31' title="bbox 292 3699 2383 3764; baseline -0.002 -13"><span class='ocrx_word' id='word_1_266' title='bbox 292 3705 345 3751; x_wconf 79' lang='lat'><strong>3.</strong></span> <span class='ocrx_word' id='word_1_267' title='bbox 391 3705 467 3750; x_wconf 72' lang='lat'>³1.</span> <span class='ocrx_word' id='word_1_268' title='bbox 508 3701 730 3749; x_wconf 73' lang='lat' dir='ltr'>Lartium</span> <span class='ocrx_word' id='word_1_269' title='bbox 765 3703 1008 3750; x_wconf 77' lang='lat' dir='ltr'>Flaccum.</span> <span class='ocrx_word' id='word_1_270' title='bbox 1033 3701 1162 3750; x_wconf 80' lang='lat' dir='ltr'>Vide</span> <span class='ocrx_word' id='word_1_271' title='bbox 1197 3702 1263 3750; x_wconf 79' lang='lat' dir='ltr'>ad</span> <span class='ocrx_word' id='word_1_272' title='bbox 1352 3703 1614 3764; x_wconf 71' lang='lat' dir='ltr'>reperisse,</span> <span class='ocrx_word' id='word_1_273' title='bbox 1642 3704 1728 3749; x_wconf 81' lang='lat' dir='ltr'>«O</span> <span class='ocrx_word' id='word_1_274' title='bbox 1754 3718 1831 3747; x_wconf 88' lang='lat' dir='ltr'>me</span> <span class='ocrx_word' id='word_1_275' title='bbox 1854 3701 2131 3763; x_wconf 80' lang='lat' dir='ltr'>perditum!</span> <span class='ocrx_word' id='word_1_276' title='bbox 2157 3717 2234 3748; x_wconf 89' lang='lat' dir='ltr'>me</span> <span class='ocrx_word' id='word_1_277' title='bbox 2260 3699 2383 3749; x_wconf 76' lang='lat' dir='ltr'>effli-</span> 
     </span>
     <span class='ocr_line' id='line_1_32' title="bbox 224 3776 2382 3845; baseline -0.002 -16"><span class='ocrx_word' id='word_1_278' title='bbox 224 3782 339 3831; x_wconf 74' lang='lat' dir='ltr'>niv.</span> <span class='ocrx_word' id='word_1_279' title='bbox 370 3783 544 3841; x_wconf 75' lang='lat'>1111,</span> <span class='ocrx_word' id='word_1_280' title='bbox 592 3782 697 3844; x_wconf 78' lang='lat'>633</span> <span class='ocrx_word' id='word_1_281' title='bbox 745 3792 873 3830; x_wconf 81' lang='lat' dir='ltr'>orat.</span> <span class='ocrx_word' id='word_1_282' title='bbox 907 3797 999 3845; x_wconf 83' lang='lat' dir='ltr'>pro</span> <span class='ocrx_word' id='word_1_283' title='bbox 1036 3782 1262 3843; x_wconf 82' lang='lat' dir='ltr'>Plancio,</span> <span class='ocrx_word' id='word_1_284' title='bbox 1351 3783 1514 3829; x_wconf 87' lang='lat' dir='ltr'>ctum!</span> <span class='ocrx_word' id='word_1_285' title='bbox 1537 3779 1732 3845; x_wconf 78' lang='lat' dir='ltr'>»Quod</span> <span class='ocrx_word' id='word_1_286' title='bbox 1752 3781 1796 3827; x_wconf 73' lang='lat' dir='ltr'>ei</span> <span class='ocrx_word' id='word_1_287' title='bbox 1815 3796 1983 3828; x_wconf 83' lang='lat' dir='ltr'>verum</span> <span class='ocrx_word' id='word_1_288' title='bbox 2010 3790 2105 3838; x_wconf 73' lang='lat' dir='ltr'>eet,</span> <span class='ocrx_word' id='word_1_289' title='bbox 2142 3779 2220 3828; x_wconf 77' lang='lat' dir='ltr'>bie</span> <span class='ocrx_word' id='word_1_290' title='bbox 2247 3776 2382 3844; x_wconf 81' lang='lat' dir='ltr'>apud</span> 
     </span>
     <span class='ocr_line' id='line_1_33' title="bbox 228 3855 2381 3926; baseline -0.002 -20"><span class='ocrx_word' id='word_1_291' title='bbox 228 3876 335 3925; x_wconf 78' lang='lat' dir='ltr'>cap.</span> <span class='ocrx_word' id='word_1_292' title='bbox 368 3869 465 3918; x_wconf 66' lang='grc' dir='ltr'>4η</span> <span class='ocrx_word' id='word_1_293' title='bbox 507 3875 603 3925; x_wconf 81' lang='lat' dir='ltr'>pro</span> <span class='ocrx_word' id='word_1_294' title='bbox 633 3861 831 3923; x_wconf 76' lang='lat' dir='ltr'>SextIO,</span> <span class='ocrx_word' id='word_1_295' title='bbox 867 3876 974 3924; x_wconf 78' lang='lat' dir='ltr'>cap.</span> <span class='ocrx_word' id='word_1_296' title='bbox 997 3862 1083 3921; x_wconf 86' lang='lat'><strong>67.</strong></span> <span class='ocrx_word' id='word_1_297' title='bbox 1109 3863 1204 3909; x_wconf 82' lang='lat' dir='ltr'>En.</span> <span class='ocrx_word' id='word_1_298' title='bbox 1351 3860 1636 3909; x_wconf 80' lang='lat' dir='ltr'>Ciceronem</span> <span class='ocrx_word' id='word_1_299' title='bbox 1671 3857 1849 3922; x_wconf 79' lang='lat' dir='ltr'>legitur</span> <span class='ocrx_word' id='word_1_300' title='bbox 1880 3860 2084 3907; x_wconf 75' lang='lat' dir='ltr'>verbum</span> <span class='ocrx_word' id='word_1_301' title='bbox 2124 3855 2341 3926; x_wconf 74' lang='lat' dir='ltr'>effligere</span> <span class='ocrx_word' id='word_1_302' title='bbox 2361 3871 2381 3902; x_wconf 91' lang='grc'>.·</span> 
     </span>
    </p>
   </div>
   <div class='ocr_carea' id='block_1_6' title="bbox 229 3936 2381 4245">
    <p class='ocr_par' dir='ltr' id='par_1_7' title="bbox 297 3936 2380 4082">
     <span class='ocr_line' id='line_1_34' title="bbox 300 3936 2380 4003; baseline -0.003 -15"><span class='ocrx_word' id='word_1_303' title='bbox 300 3949 348 3994; x_wconf 65' lang='lat'>⁴-</span> <span class='ocrx_word' id='word_1_304' title='bbox 373 3943 493 3988; x_wconf 75' lang='lat' dir='ltr'>Pm-</span> <span class='ocrx_word' id='word_1_305' title='bbox 517 3955 647 3987; x_wconf 79' lang='lat' dir='ltr'>mea.</span> <span class='ocrx_word' id='word_1_306' title='bbox 679 3939 807 3998; x_wconf 77' lang='lat' dir='ltr'>Alii,</span> <span class='ocrx_word' id='word_1_307' title='bbox 834 3955 932 4003; x_wconf 80' lang='lat' dir='ltr'>pro</span> <span class='ocrx_word' id='word_1_308' title='bbox 961 3956 1088 3989; x_wconf 84' lang='lat' dir='ltr'>mea.</span> <span class='ocrx_word' id='word_1_309' title='bbox 1352 3955 1464 3987; x_wconf 75' lang='lat' dir='ltr'>nam</span> <span class='ocrx_word' id='word_1_310' title='bbox 1495 3936 1609 3985; x_wconf 81' lang='lat' dir='ltr'>vide</span> <span class='ocrx_word' id='word_1_311' title='bbox 1645 3936 1734 3985; x_wconf 87' lang='lat' dir='ltr'>lib.</span> <span class='ocrx_word' id='word_1_312' title='bbox 1762 3938 1839 3984; x_wconf 68' lang='lat'>11</span> <span class='ocrx_word' id='word_1_313' title='bbox 1877 3937 1943 3985; x_wconf 73' lang='lat' dir='ltr'>ad</span> <span class='ocrx_word' id='word_1_314' title='bbox 1976 3939 2082 3986; x_wconf 73' lang='lat' dir='ltr'>Ait.</span> <span class='ocrx_word' id='word_1_315' title='bbox 2112 3938 2256 4002; x_wconf 70' lang='lat' dir='ltr'>epist.</span> <span class='ocrx_word' id='word_1_316' title='bbox 2284 3936 2380 3989; x_wconf 79' lang='lat' dir='ltr'>ult.</span> 
     </span>
     <span class='ocr_line' id='line_1_35' title="bbox 297 4017 1506 4082; baseline -0.002 -17"><span class='ocrx_word' id='word_1_317' title='bbox 297 4020 351 4066; x_wconf 84' lang='lat'><strong>5.</strong></span> <span class='ocrx_word' id='word_1_318' title='bbox 393 4017 536 4082; x_wconf 73' lang='lat' dir='ltr'>Legis</span> <span class='ocrx_word' id='word_1_319' title='bbox 565 4017 949 4080; x_wconf 61' lang='lat' dir='ltr'>improbissimae.</span> <span class='ocrx_word' id='word_1_320' title='bbox 986 4020 1061 4068; x_wconf 81' lang='lat' dir='ltr'>Ne</span> <span class='ocrx_word' id='word_1_321' title='bbox 1093 4019 1265 4068; x_wconf 83' lang='lat' dir='ltr'>Cicero</span> <span class='ocrx_word' id='word_1_322' title='bbox 1356 4019 1506 4067; x_wconf 76' lang='lat' dir='ltr'><strong>Omv.</strong></span> 
     </span>
    </p>

    <p class='ocr_par' dir='ltr' id='par_1_8' title="bbox 229 4092 1989 4163">
     <span class='ocr_line' id='line_1_36' title="bbox 229 4092 1989 4163; baseline 0 -20"><span class='ocrx_word' id='word_1_323' title='bbox 229 4098 355 4143; x_wconf 63' lang='grc' dir='ltr'>ἰωή</span> <span class='ocrx_word' id='word_1_324' title='bbox 375 4098 643 4160; x_wconf 74' lang='lat' dir='ltr'>quingenta</span> <span class='ocrx_word' id='word_1_325' title='bbox 661 4113 895 4160; x_wconf 60' lang='lat' dir='ltr'>pennum</span> <span class='ocrx_word' id='word_1_326' title='bbox 916 4097 1067 4146; x_wconf 73' lang='lat' dir='ltr'>millia</span> <span class='ocrx_word' id='word_1_327' title='bbox 1092 4097 1267 4163; x_wconf 72' lang='lat' dir='ltr'>hospi·</span> <span class='ocrx_word' id='word_1_328' title='bbox 1429 4098 1481 4144; x_wconf 79' lang='lat'><strong>8.</strong></span> <span class='ocrx_word' id='word_1_329' title='bbox 1504 4092 1662 4143; x_wconf 72' lang='lat' dir='ltr'>Abest</span> <span class='ocrx_word' id='word_1_330' title='bbox 1686 4094 1762 4142; x_wconf 78' lang='lat' dir='ltr'>dc.</span> <span class='ocrx_word' id='word_1_331' title='bbox 1785 4095 1913 4143; x_wconf 67' lang='lat' dir='ltr'><strong>LV.</strong></span> <span class='ocrx_word' id='word_1_332' title='bbox 1932 4096 1989 4143; x_wconf 90' lang='lat' dir='ltr'>L.</span> 
     </span>
    </p>

    <p class='ocr_par' dir='ltr' id='par_1_9' title="bbox 231 4173 2381 4245">
     <span class='ocr_line' id='line_1_37' title="bbox 231 4173 2381 4245; baseline -0.003 -21"><span class='ocrx_word' id='word_1_333' title='bbox 231 4175 301 4224; x_wconf 61' lang='lat' dir='ltr'>tio</span> <span class='ocrx_word' id='word_1_334' title='bbox 326 4178 647 4242; x_wconf 68' lang='lat' dir='ltr'>acciperetur.</span> <span class='ocrx_word' id='word_1_335' title='bbox 672 4176 837 4245; x_wconf 64' lang='lat' dir='ltr'>Coun.</span> <span class='ocrx_word' id='word_1_336' title='bbox 1428 4191 1478 4238; x_wconf 83' lang='lat'><strong>9.</strong></span> <span class='ocrx_word' id='word_1_337' title='bbox 1507 4174 1840 4224; x_wconf 72' lang='lat' dir='ltr'>Matrimonia.</span> <span class='ocrx_word' id='word_1_338' title='bbox 1869 4175 1983 4224; x_wconf 84' lang='lat' dir='ltr'>Dixi</span> <span class='ocrx_word' id='word_1_339' title='bbox 1996 4174 2123 4235; x_wconf 73' lang='lat' dir='ltr'>inm,</span> <span class='ocrx_word' id='word_1_340' title='bbox 2145 4173 2241 4220; x_wconf 81' lang='lat' dir='ltr'>hoe</span> <span class='ocrx_word' id='word_1_341' title='bbox 2263 4181 2381 4218; x_wconf 81' lang='lat' dir='ltr'>tem-</span> 
     </span>
    </p>
   </div>
   <div class='ocr_carea' id='block_1_7' title="bbox 2092 4324 2130 4392">
    <p class='ocr_par' dir='ltr' id='par_1_10' title="bbox 2092 4324 2130 4392">
     <span class='ocr_line' id='line_1_38' title="bbox 2092 4324 2130 4392; baseline 0 0"><span class='ocrx_word' id='word_1_342' title='bbox 2092 4324 2130 4392; x_wconf 79' lang='lat' dir='ltr'><em>l</em></span> 
     </span>
    </p>
   </div>
  </div>
 </body>
</html>
