3023 4773
757 411 1314 495 EPISTOLAE,
1354 410 1567 496 XIV,
1605 413 1723 495 ¹¹4·
2187 436 2309 484 111

244 534 443 606 damur
456 542 509 620 ²,
541 547 657 621 ut,
690 556 923 629 quum
961 531 1196 603 velitis
1230 531 1465 616 exire,
1488 556 1643 602 non
1670 531 1899 603 liceat.
1927 532 2318 631 Reliquum

239 660 345 731 est,
382 642 569 740 quod
613 644 784 740 ipsae
823 644 1101 740 optime
1147 637 1732 726 considerabitis,
1784 645 2002 714 vestri
2051 645 2320 718 similes

238 753 467 824 seminae
493 755 731 824 sintne
757 757 1030 823 Romae.
1060 753 1133 822 Si
1159 755 1353 822 enim
1375 775 1528 820 non
1545 764 1739 840 sunt,
1758 750 2157 823 videndum
2185 770 2320 842 est,

233 862 329 935 ut³
353 864 637 935 honeste
670 887 799 934 vos
826 887 979 934 esse
1013 864 1324 961 possitis.
1360 861 1759 951 Quomodo
1798 861 2092 959 quidem
2121 891 2322 937 nunc

232 999 287 1046 se
313 1000 411 1046 res
437 973 691 1063 habet,
733 972 956 1046 modo
993 987 1074 1044 ut
1112 973 1262 1044 haec
1298 971 1557 1044 nobis⁴
1595 972 1755 1044 loca
1789 987 2040 1046 tenere
2075 975 2319 1065 liceat,

228 1086 563 1157 bellissime
596 1085 711 1157 vel
749 1109 1037 1156 mecum
1059 1139 1079 1173 ,
1111 1084 1227 1156 vel
1265 1087 1339 1153 in
1373 1085 1639 1155 nostris
1680 1082 1965 1182 praediis
2009 1110 2162 1157 esse
2198 1112 2323 1184 po-

231 1197 432 1266 teritis.
483 1197 712 1266 Etiam
751 1194 930 1265 illud
966 1192 1368 1264 verendum
1407 1209 1553 1280 est,
1610 1220 1704 1266 ne
1746 1193 1950 1266 brevi
1992 1210 2320 1294 ternpore

229 1306 406 1376 fames
432 1307 501 1375 in
519 1304 722 1377 Urbe
761 1307 878 1375 sit.
915 1305 1039 1375 His
1070 1301 1163 1375 de
1188 1302 1412 1375 rebus
1438 1304 1651 1376 velim
1692 1329 1859 1375 cum
1892 1308 2323 1404 Pomponi0‚

225 1439 354 1485 cum
390 1416 688 1487 Camillo
706 1413 759 1502 ⁵,
798 1439 966 1486 cum
1013 1413 1283 1512 quibus
1307 1413 1515 1486 vobis
1556 1413 1961 1502 videbitur,
2006 1416 2329 1490 conside-

225 1529 377 1596 retis.
418 1526 523 1597 Ad
563 1549 966 1611 summam,
1013 1525 1260 1595 animo
1304 1521 1476 1594 forti
1519 1528 1687 1594 sitis.
1733 1524 2131 1597 Labienus⁶
2167 1552 2325 1599 rem

224 1636 549 1707 meliorem
597 1632 788 1707 fecit.
833 1633 1147 1729 Adjuvat
1200 1639 1415 1707 etiam
1462 1636 1624 1706 Piso
1642 1646 1693 1722 7,
1751 1635 1950 1732 quod
1989 1637 2079 1708 ab
2119 1637 2320 1708 Urbe

224 1743 473 1816 discedit
489 1742 548 1832 ⁸,
590 1759 665 1815 et
705 1743 994 1816 sceleris
1032 1742 1472 1816 condemnat
1511 1771 1866 1841 generum
1917 1772 2155 1818 suum.
2179 1754 2321 1819 Vos

223 1880 356 1925 meae
392 1858 771 1927 carissimae
815 1856 1112 1940 animae,
1166 1880 1383 1951 quam
1421 1857 1807 1953 saepissime
1857 1856 1946 1927 ad
1990 1882 2106 1927 me
2141 1861 2316 1928 scri-

219 1963 371 2054 bite,
396 1981 465 2039 et
499 1989 636 2037 vos
675 1964 854 2062 quid
888 1966 1141 2061 agath,
1179 1979 1252 2037 et
1280 1964 1458 2061 quid
1500 1967 1660 2037 istic
1701 1981 1971 2062 agatur.
2002 1970 2320 2057 Quintus

218 2091 403 2171 pater,
440 2092 512 2147 et
542 2074 762 2164 filius,
784 2089 857 2147 et
889 2071 1171 2145 Rufus9
1197 2073 1405 2146 vobis
1429 2075 1734 2147 salutem
1761 2075 2312 2151 dicunt.Valete.

215 2183 353 2282 [vm
374 2186 659 2259 kalend.
691 2185 980 2283 quintil.
1002 2182 1027 2284 ]
1069 2186 1464 2257 Minturnis
1484 2197 1569 2255 ¹⁰.

267 2377 725 2428 aslum-eludamur.
743 2377 937 2426 Manut.
958 2388 1009 2425 et
1025 2376 1196 2427 Lemb.

210 2456 452 2519 ediderunt,
476 2456 900 2506 intercludamini.

268 2537 305 2583 3.
332 2540 402 2584 Ut.
418 2541 673 2595 Fortasse,
689 2535 786 2585 ubi.
816 2535 1077 2583 Lambinus
1097 2550 1200 2584 non

1288 2395 1433 2442 quem
1457 2378 1712 2429 Ciceronis
1739 2380 1897 2429 ontio
1922 2394 2094 2434 exstat.
2105 2383 2317 2436 Videtur

1288 2474 1399 2506 cum
1424 2476 1484 2508 eo
1515 2461 1569 2508 iu
1594 2463 1795 2525 gutiam
1821 2474 1934 2526 post
1960 2464 2184 2527 rediisse;
2204 2483 2316 2516 nam

1288 2537 1353 2585 sd
1375 2540 1920 2599 Att.v11‚13.-amo
1941 2544 2196 2604 Pisonem,
2233 2564 2321 2596 cu-

207 2614 471 2678 adadun,
507 2616 603 2665 sed
636 2615 911 2663 verendum
954 2616 1100 2680 legit,
1131 2615 1201 2663 id·
1283 2618 1617 2678 jusjudicium
1638 2621 1700 2669 de
1721 2638 1902 2686 genero
1922 2625 2147 2687 suspicor
2159 2627 2318 2675 visum

209 2707 311 2755 que,
339 2708 389 2744 ut
408 2695 676 2760 praedimt,
712 2694 851 2742 libris
878 2693 1149 2743 omnibus
1131 2709 1204 2741 tn·

210 2772 307 2820 ritis.
323 2775 466 2825 omv.

263 2860 300 2906 6.
322 2854 479 2903 Nobis.
499 2854 609 2903 Alii
623 2890 639 2913 ,
665 2853 828 2902 vobis.
850 2852 1001 2901 Male.
1015 2854 1048 2902 J
1051 2849 1131 2900 .V.
1144 2854 1198 2901 1..

211 2955 261 2965 ·—
281 2934 412 2983 Iaca.
435 2934 622 2984 Cicero
664 2932 941 2996 campaniae
984 2941 1034 2979 et
1065 2932 1202 2979 omni

207 3025 282 3056 ora
307 3014 556 3060 mritimae
593 3022 710 3059 tuuc
734 3022 957 3076 praeeret.
976 3010 1103 3059 Vide
1135 3010 1199 3058 sd

208 3088 448 3152 Div.xvl,
482 3107 543 3140 11
570 3102 620 3139 et
645 3106 725 3137 12.
755 3091 844 3137 En.

260 3170 298 3217 5.
330 3170 561 3219 Camillo.
603 3170 854 3219 Ciceronis
890 3168 1199 3216 familiarissi-

205 3260 281 3296 ιο.
303 3251 377 3297 Ad
402 3253 525 3300 Div.
548 3253 615 3309 V,
643 3250 671 3295 3
699 3260 749 3298 et
780 3265 859 3297 ao.
881 3251 976 3297 En.

256 3326 297 3375 6.
330 3330 593 3378 labienus.
633 3331 691 3377 T.
739 3330 883 3376 Atius
923 3327 1202 3384 Labienus,

202 3406 268 3465 qui
292 3409 467 3458 multos
494 3425 658 3457 annos
691 3409 891 3458 caesaris
927 3408 1113 3473 legatus
1150 3408 1203 3454 in

201 3483 326 3534 Gallie
359 3490 552 3549 fuerat,
582 3489 917 3553 egregiamque
944 3489 995 3535 in
1023 3504 1074 3534 re
1105 3488 1202 3533 mi-

200 3562 301 3614 litari
325 3571 561 3618 virtutem
593 3567 897 3626 ostenderat,
932 3579 1045 3616 orto
1068 3567 1203 3614 civili

202 3642 303 3693 bello
325 3649 383 3695 sd
406 3649 637 3713 Pompeii
658 3659 820 3713 partes
849 3648 1055 3697 transiit.
1075 3646 1201 3695 Vide

202 3721 287 3772 inst.
312 3729 453 3791 epist.
497 3744 565 3777 ια
590 3729 683 3778 lib.
713 3731 857 3789 xvl,
892 3739 943 3776 et
970 3728 1111 3793 epist.
1137 3728 1196 3776 13

200 3801 361 3855 ssavi]
378 3809 443 3856 ad
463 3814 576 3857 Att.
605 3812 753 3859 Mu.

259 3901 300 3942 7.
341 3888 479 3937 Piso.
520 3890 580 3935 1..
629 3888 953 3953 Calpurnius,
1004 3887 1205 3936 Caessris

195 3977 332 4026 noer,
357 3969 569 4018 Gabinii
605 3969 857 4035 quondam
895 3968 1106 4032 college,
1150 3968 1204 4014 in

1290 2696 1351 2744 iri
1361 2712 1579 2823 8grave».
1606 2703 1701 2749 En.

1361 2778 1408 2825 8.
1442 2777 1523 2825 Ab
1554 2779 1680 2826 Urbe
1715 2779 1934 2829 discedit.
1966 2782 2079 2830 Non
2108 2784 2318 2833 contulit

1288 2873 1341 2904 se
1358 2856 1420 2904 ad
1444 2859 1755 2921 Pompeium,
1786 2859 1873 2907 sed
1895 2859 1957 2907 sb
1985 2860 2118 2909 Urbe
2143 2862 2319 2911 disces-

1289 2934 1386 2985 οὓς
1432 2936 1484 2983 in
1534 2952 1636 3000 quo
1685 2954 1788 2985 non
1834 2937 2043 3001 probare
2080 2941 2282 2991 Caeseris
2301 2981 2317 3006 ,

1289 3015 1452 3079 generi
1479 3016 1585 3073 sui,
1615 3015 1818 3063 consilia
1847 3020 1977 3064 visus
1998 3029 2085 3068 est.
2117 3021 2243 3068 Nam
2272 3025 2314 3070 si

1288 3094 1524 3159 probaret
1542 3129 1557 3155 ,
1593 3111 1705 3142 eum
1746 3096 1798 3142 in
1840 3094 1960 3143 urbe
1995 3112 2314 3163 exspectaret.

1288 3174 1431 3221 Mur.

1361 3270 1411 3317 9.
1455 3251 1622 3317 Rufies.
1671 3252 1937 3300 Mescinius
1982 3254 2140 3303 Rufus
2163 3293 2180 3318 ,
2232 3263 2315 3323 qui

1289 3334 1574 3381 Ciceronem
1587 3332 1856 3380 Minturnis
1873 3349 2141 3383 convenere
2147 3348 2179 3384 t.
2191 3339 2319 3388 Cave

1290 3428 1353 3459 ne
1394 3411 1455 3459 de
1480 3412 1640 3461 Coelio
1668 3412 1802 3459 Ruso
1839 3413 2098 3477 intelligas.
2125 3418 2216 3465 En.
2244 3448 2314 3456 —·

1296 3491 1425 3537 VIII
1446 3490 1546 3537 kal.
1570 3490 1728 3553 quint.
1755 3491 1994 3538 Mendum
2035 3505 2106 3542 est
2123 3530 2138 3553 ,
2178 3499 2314 3560 quod

1289 3586 1353 3617 ex
1378 3570 1478 3617 vn
1497 3603 1514 3626 ,
1559 3571 1617 3616 13
1656 3569 1718 3616 ad
1755 3567 1911 3618 Attic.
1937 3575 2316 3627 emendavimus.

1290 3649 1402 3697 Sch.
1428 3649 1561 3694 VIII
1573 3648 1671 3695 kal.
1683 3646 1787 3710 seb.
1813 3651 1904 3697 En.

1368 3744 1443 3777 ιο.
1472 3727 1756 3776 Minturnis.
1786 3729 2039 3794 Oppidum
2066 3734 2320 3784 Aurunco·

1291 3826 1399 3857 rum
1436 3808 1653 3873 paullum
1690 3823 1836 3873 supra
1862 3810 1986 3859 Liris
2020 3811 2158 3861 fluvii
2190 3816 2316 3863 ostia

1291 3890 1346 3936 in
1370 3890 1541 3946 Latio,
1560 3890 1700 3950 cujus
1726 3899 1913 3938 tantum
1940 3891 2116 3941 rudera
2143 3910 2313 3985 super-

1292 3978 1424 4015 sunt.
1442 3968 1621 4016 Gur.

973 4121 1550 4151 *-
