3023 4773
529 414 668 497 334
1169 406 1263 470 Μ.
1316 403 1394 468 Τ.
1457 392 2011 466 CICERONIS

529 560 692 611 eum
720 588 739 617 ‚
778 549 1095 628 quocum
1137 525 1418 608 omnia,
1460 543 1620 615 quae
1656 540 1770 587 me
1807 537 1979 583 cura
2019 507 2259 603 aliqua
2297 500 2661 583 afficiunt,

534 670 677 720 una
714 637 1280 719 communicem3
1311 634 1596 730 quinne
1634 639 1877 709 amet,
1902 622 2030 718 qui
2067 618 2325 715 sapiat,
2363 615 2666 709 quicum

530 785 665 857 ego
710 754 1122 845 colloquar,
1167 743 1347 817 nihil
1390 740 1690 835 fingam,
1740 733 1920 805 nihil
1959 726 2434 809 dissimulem,
2482 721 2663 792 nihil

535 871 892 962 obtegam.
936 861 1158 935 Abest
1193 853 1384 927 enim
1422 845 1643 917 frater
1676 845 2087 935 ἀφελέστατος
2109 844 2127 876 ¹
2162 847 2236 904 et
2264 828 2661 900 amantissi-

534 1003 741 1062 mus;
792 971 1123 1047 Metellus
1173 986 1322 1037 non
1366 960 1656 1037 homo²‚
1714 949 1839 1022 sed
1876 950 2081 1032 litus,
2129 958 2350 1037 atque
2395 962 2548 1021 aer,
2587 950 2662 1005 et

497 1082 853 1166 *solitudo
911 1104 1156 1155 mera:
1198 1090 1282 1145 tu
1335 1084 1612 1147 autem,
1666 1062 1793 1159 qui
1853 1058 2235 1155 saepissime
2294 1071 2538 1122 curam
2591 1060 2665 1115 et

538 1220 879 1299 angorem
922 1191 1143 1262 animi
1187 1184 1332 1255 mei
1368 1199 1700 1249 sermone
1739 1185 1813 1242 et
1854 1165 2153 1239 consilio
2203 1160 2450 1232 levasti
2502 1171 2666 1235 tuo;

538 1315 666 1412 qui
701 1306 878 1380 mihi
917 1316 992 1374 et
1027 1302 1100 1370 in
1145 1292 1436 1395 publica
1474 1311 1553 1357 re
1590 1285 1860 1366 socius,
1898 1279 2072 1349 etin
2106 1271 2397 1375 privatis
2430 1266 2667 1337 omni-

535 1424 676 1495 bus
710 1416 1078 1496 conscius,
1116 1422 1189 1479 et
1218 1401 1553 1475 omnium
1582 1412 1911 1464 meorum
1948 1405 2365 1459 sermonum
2404 1393 2480 1448 et
2508 1400 2670 1446 con-

539 1532 861 1604 siliorum
899 1522 1254 1621 particeps
1298 1532 1451 1584 esse
1489 1506 1711 1588 soles,
1744 1500 2037 1571 ubinam
2075 1494 2199 1566 es?
2242 1496 2347 1561 lta
2385 1511 2543 1559 sum
2578 1483 2670 1554 ab

483 1730 502 1755 ·
542 1638 883 1715 omnibus
945 1632 1370 1709 destitutus,
1430 1633 1513 1690 ut
1581 1628 1860 1685 tantum
1926 1603 2264 1705 requietis
2335 1596 2671 1674 habeam,

543 1765 897 1851 quantum
945 1765 1109 1814 cum
1155 1729 1418 1811 miore,
1462 1743 1537 1799 et
1579 1721 1837 1805 filiola,
1874 1734 1961 1795 ,εἰ
2011 1714 2281 1786 mellito
2325 1713 2673 1781 Cicerone

547 1861 1021 1937 consumitur.
1082 1853 1263 1921 Nam
1325 1841 1457 1912 illae
1507 1833 1900 1907 ambitiosae
1953 1840 2212 1898 nostrae
2267 1820 2676 1911 fucosaeque

548 1970 871 2046 amicitiae
915 1975 1083 2034 sunt
1099 1962 1188 2028 ju
1229 1950 1549 2051 quodam
1588 1941 1974 2043 splendore
2008 1934 2320 2019 forensi;
2359 1928 2676 1999 fructum

551 2080 1026 2169 domesticum
1048 2094 1198 2140 non
1222 2063 1516 2135 habent.
1541 2062 1793 2151 Itaque
1813 2106 1831 2134 ‚
1852 2070 2080 2149 quum
2104 2045 2293 2117 bene
2321 2037 2679 2136 completa

629 2339 675 2370 t.
713 2307 1147 2383 Ᾰφιλίστατος.
1177 2300 1566 2368 rag-linimus,

549 2399 933 2467 simplicissimus
948 2427 963 2452 ,
979 2392 1208 2456 optimus.
1240 2383 1418 2432 Aberat
1440 2378 1573 2427 euim

553 2486 621 2546 Q.
647 2483 793 2528 frater
808 2511 823 2533 ‚
846 2477 898 2521 in
920 2472 1085 2520 Asiam
1109 2465 1370 2532 profectus.
1409 2459 1571 2507 Coun.

626 2577 676 2608 α.
712 2554 936 2605 Metellus
976 2561 1075 2597 non
1117 2546 1278 2592 homo.
1318 2538 1597 2592 Metellus,-

553 2639 741 2705 inquit,
765 2636 879 2683 licet
897 2630 1046 2685 adsit,
1069 2626 1131 2674 ab
1153 2621 1288 2671 omni
1309 2630 1469 2667 tamen
1487 2616 1577 2663 hu-

554 2716 795 2768 manitatis
833 2710 1086 2760 consortio
1113 2703 1332 2766 refugere
1366 2696 1577 2744 videtur.

558 2801 730 2862 Neque
755 2794 884 2842 enim
910 2788 1061 2851 magis
1080 2802 1130 2832 ae
1155 2784 1207 2830 in
1233 2778 1490 2828 hominum
1509 2775 1579 2820 fa-

555 2879 877 2929 miliaritatem
903 2868 1118 2936 applicat
1132 2898 1147 2920 ,
1173 2877 1318 2925 quam
1335 2868 1420 2904 aut
1438 2854 1580 2910 litus,

558 2972 644 3010 aut
667 2975 773 3012 aer,
798 2963 883 3001 aut
908 2945 1123 2997 solitudo
1148 2956 1277 2989 mera
1301 2955 1311 2983 :
1341 2950 1449 3000 quae
1471 2933 1582 2979 loca

557 3041 812 3089 hominum
829 3041 958 3079 coetu
977 3020 1269 3087 frequentari
1284 3031 1386 3064 nou
1406 3011 1583 3059 solent.

560 3123 729 3184 ltaque
759 3116 846 3163 illo
872 3107 1167 3158 familiariter
1194 3115 1294 3148 non
1317 3106 1447 3142 utor.
1470 3091 1584 3137 Boe.

561 3227 629 3237 —-
661 3199 849 3246 Novam
892 3186 1091 3237 exhibet
1130 3179 1460 3239 conjecturam
1486 3167 1587 3215 m-

561 3277 709 3326 storia
722 3272 887 3335 Regiae
905 3261 1285 3326 Inscriptionum
1292 3249 1585 3302 Academiae,

568 3373 686 3406 mm.
722 3355 825 3410 113
861 3362 974 3411 pag.
1014 3344 1106 3397 34,
1147 3336 1235 3384 ubi
1276 3348 1336 3381 ex
1365 3325 1585 3378 Metellus

568 3438 690 3484 liunt
729 3434 839 3480 duae
881 3439 1056 3481 voces,
1102 3439 1124 3460 ι
1152 3431 1228 3462 me
1265 3410 1405 3460 tellus
1425 3441 1441 3464 ,
1481 3421 1584 3453 non

567 3518 745 3570 homo,
782 3521 875 3557 etc.
896 3528 922 3548 u·
962 3500 1137 3551 Juuius
1177 3507 1290 3540 vero
1318 3486 1454 3552 quod
1481 3502 1505 3531 a
1535 3501 1586 3530 se

565 3595 832 3642 cxcitatum
874 3599 976 3633 ease
1011 3579 1078 3626 ait
1111 3574 1248 3638 quasi
1281 3585 1342 3616 ex
1370 3577 1585 3612 veterum

567 3673 800 3720 librorum
820 3659 1071 3713 ruderibus
1084 3692 1097 3713 ‚
1110 3651 1265 3702 edidit
1284 3664 1298 3698 ε
1324 3671 1348 3690 ··
1365 3657 1412 3695 et
1431 3641 1589 3691 arian·

569 3753 779 3800 tissimus
802 3745 895 3793 mei
922 3740 1108 3793 bellna,
1133 3748 1236 3781 non
1257 3729 1434 3782 homo,
1455 3734 1549 3771 ete.
1564 3745 1589 3764 -ι

570 3827 714 3880 Unde
752 3825 826 3871 vir
853 3824 1026 3869 doctus
1052 3826 1097 3862 et
1120 3811 1327 3886 polet-ter
1356 3805 1553 3852 criticus
1571 3835 1587 3860 ‚

570 3913 631 3960 de
659 3921 761 3971 quo
793 3917 884 3964 ego
911 3899 1023 3945 item
1052 3892 1257 3940 dixerim
1292 3885 1430 3950 quod
1458 3884 1589 3929 Mar-

571 4005 658 4039 cus
693 3985 754 4033 de
782 3979 997 4043 Quinto,
1026 3969 1338 4035 ἀφελέστατος
1359 3998 1374 4022 ,
1400 3961 1589 4024 meique

569 4062 951 4118 amantissimus,
977 4056 1053 4098 Fr.
1076 4048 1268 4096 Odinus
1283 4079 1298 4101 ‚
1318 4041 1590 4105 suspicatur

569 4150 853 4198 Ciceronem
896 4129 1175 4193 scripsisse:
1206 4147 1230 4164 σι
1267 4121 1416 4169 Abest
1462 4118 1592 4164 enim

1660 2296 1805 2343 frater
1851 2287 2191 2354 ἀφιλέστατος,
2231 2293 2280 2329 et
2330 2254 2682 2328 amantissimus

1642 2373 1755 2422 'mei
1777 2368 1932 2419 bellua
1953 2367 2127 2415 homo.
2147 2362 2263 2412 Nou
2288 2361 2438 2409 homo
2452 2394 2467 2416 ‚
2511 2354 2595 2404 aed
2630 2354 2681 2401 li·

1661 2466 1764 2508 tua,
1809 2460 1956 2512 atque
1995 2461 2103 2504 aer,
2134 2453 2273 2489 etc.»
2307 2437 2560 2486 Desiderat
2598 2434 2681 2483 Ci-

1662 2546 1806 2587 eero,
1843 2539 1898 2575 ut
1930 2525 2100 2573 Odino
2127 2520 2346 2574 videtur,
2373 2519 2435 2579 Q.
2459 2517 2682 2566 fratrem,

1665 2622 1714 2658 et
1753 2611 1823 2658 M.
1852 2606 2077 2656 coelium.
2106 2600 2263 2660 Hujus
2298 2597 2427 2644 euim
2462 2593 2523 2642 ad
2550 2593 2685 2641 Cice-

1665 2703 1837 2737 ronem
1850 2683 2099 2751 epistolas,
2108 2690 2157 2730 et
2170 2676 2421 2728 Ciceronis
2432 2674 2495 2722 ad
2510 2676 2687 2737 ipsum,

1668 2767 2034 2826 orationemque
2055 2775 2149 2825 pro
2172 2759 2282 2822 ipso
2301 2754 2526 2820 quisquis
2542 2752 2685 2816 legit,

1668 2862 1778 2895 eum
1798 2844 1888 2892 ecit
1905 2876 1923 2903 9
1942 2839 2112 2889 Attico
2136 2839 2281 2886 ruisse
2293 2837 2432 2896 juxta
2451 2849 2507 2881 ac
2525 2830 2690 2880 Tullio

1671 2923 2073 2990 perfamiliarem3
2111 2918 2265 2964 forma
2292 2931 2349 2963 ac
2376 2913 2537 2979 specie
2568 2909 2688 2957 libe—

1672 3003 1760 3050 rali
1780 3037 1793 3058 ‚
1823 3001 2004 3064 quique
2038 2995 2203 3044 haberi
2241 2995 2484 3040 formosus
2516 2989 2689 3046 vellen

1675 3086 1812 3144 eujus
1847 3076 2202 3128 consuetudine
2236 3089 2294 3121 ac
2322 3070 2577 3136 prudentia
2607 3067 2690 3115 de-

1672 3163 1933 3211 lemn-etm-
1956 3159 2147 3208 Cicero.
2182 3153 2314 3200 Huic
2340 3148 2587 3199 amanda
2611 3161 2689 3191 su·

1672 3240 1884 3308 spicioui
1906 3241 1997 3288 ieta
2020 3233 2266 3284 sufficiant
2281 3266 2295 3289 ,
2320 3246 2429 3294 qnae
2449 3226 2508 3275 ad
2527 3228 2685 3289 ipsum

1674 3321 1776 3386 (ad
1800 3320 1916 3368 niv.
1941 3318 2019 3373 11,
2048 3317 2146 3381 ια)
2182 3310 2420 3360 scribebat
2457 3321 2470 3356 ε
2516 3329 2539 3345 n
2561 3304 2685 3352 Cum

1673 3417 1769 3447 uua
1784 3434 1799 3457 ‚
1819 3395 2095 3446 mehercule
2117 3428 2132 3452 ,
2156 3380 2560 3440 ambulatiuncula
2578 3419 2592 3442 ‚
2617 3394 2689 3429 at-

1674 3495 1770 3543 que
1798 3495 1897 3525 uno
1925 3490 2145 3523 sermone
2183 3483 2354 3519 nostro
2387 3482 2554 3514 omnes
2594 3464 2692 3510 sru-

1676 3569 1783 3606 ctuz
1809 3555 2076 3621 provinciae
2102 3568 2202 3599 non
2231 3547 2431 3598 confero
2454 3567 2494 3592 a.
2510 3545 2541 3591 J
2544 3559 2619 3590 am
2639 3557 2693 3588 ea

1674 3654 1786 3703 quae
1821 3646 2122 3699 sequuntur,
2165 3655 2190 3674 ιι
2217 3647 2319 3678 uon
2349 3629 2529 3682 homo,
2548 3635 2641 3671 etc.
2671 3643 2690 3662 ι·

1679 3733 1795 3768 vero
1820 3716 2101 3780 proximum
2127 3723 2200 3760 eet
2226 3719 2418 3773 sumpta
2444 3722 2544 3754 esse
2570 3719 2599 3749 e
2619 3717 2698 3748 ve-

1680 3799 1792 3845 teris
1827 3807 1984 3859 poetae
2011 3793 2150 3841 Accii
2180 3790 2366 3848 fabula,
2386 3789 2437 3833 in
2461 3801 2557 3848 qua
2588 3781 2697 3828 Phi·

1677 3878 1882 3925 loctetes
1909 3872 2232 3919 inducebatur
2261 3883 2397 3915 suam
2429 3876 2699 3911 memorans

1679 3954 1950 4008 solitatem,
1994 3963 2050 3999 ut
2087 3951 2265 3996 Accius
2292 3947 2419 3994 idem
2446 3943 2665 4005 loquitur
2682 3972 2696 3995 ,

1679 4037 2040 4094 lamentansque
2060 4065 2073 4082 ,
2115 4038 2169 4074 ut
2212 4027 2346 4090 apud
2377 4020 2698 4087 Sophoclem.

1682 4113 1817 4176 quod
1859 4126 1956 4159 nen
1999 4109 2140 4156 horno
2176 4107 2268 4154 sibi
2307 4105 2524 4158 adesset,
2565 4100 2700 4158 cujus
