3023 4773
566 442 1077 512 EPISTOLAE
1125 443 1258 510 AD
1308 441 1811 527 ATTICUM,
1857 445 1990 528 IV,
2053 443 2155 515 13.
2290 444 2426 542 509

304 566 503 646 nulla
528 567 777 663 opinio
802 576 929 635 est.
966 568 1176 661 Ergo,
1193 576 1275 633 ut
1299 564 1358 634 si
1380 558 1590 633 rata³.
1618 559 1946 636 Abfuisse
1973 587 2089 638 me
2113 571 2188 638 in
2218 571 2426 641 alter-

306 674 712 749 cationibus
730 729 749 762 ,
788 697 966 772 quas
987 675 1064 742 in
1099 688 1352 744 senatu
1381 671 1599 743 factas
1623 670 1872 761 andiu,
1911 674 2066 747 fero
2099 704 2252 750 non
2279 707 2430 752 mo-

303 785 499 857 leste.
537 788 717 855 Nam
764 795 888 853 aut
928 779 1436 869 defendissem,
1471 780 1675 880 quod
1719 806 1870 852 non
1915 786 2270 882 placeret3
2304 806 2432 863 aut

307 895 726 983 defuissem,
776 898 891 966 cui
941 919 1090 964 non
1135 907 1526 992 oporteret.
1571 891 1709 962 Sed
1738 893 2148 970 mehercule
2183 902 2433 990 velim,

307 1030 423 1076 res
477 1006 684 1090 istaS,
738 1018 810 1075 et
855 1018 1279 1101 praesentem
1326 1018 1591 1074 statum
1635 1002 2088 1099 reipublicae,
2152 1024 2226 1080 et
2277 1037 2428 1108 quo

306 1113 553 1180 animo
591 1107 915 1181 consules
957 1105 1191 1178 ferant
1222 1106 1418 1178 hunc
1456 1115 1720 1204 σκυλμὸν
1738 1115 1793 1193 4,
1812 1110 2159 1184 rescribas
2177 1114 2264 1186 ad
2288 1140 2428 1236 me,

308 1232 661 1313 quantum
700 1210 1000 1312 potest⁵.
1031 1213 1251 1284 Valde
1288 1238 1449 1283 sum
1477 1211 1871 1298 ὀξύπεινοςὸ·
1918 1231 2021 1304 et,
2052 1222 2110 1287 si
2142 1223 2432 1314 quaeriS,

309 1329 553 1397 omnia
588 1324 764 1395 mihi
805 1339 974 1394 sunt
1008 1339 1359 1422 suspecta.
1389 1329 1723 1398 Crassum
1761 1328 2061 1425 quidem
2100 1345 2429 1403 nostrum

310 1439 587 1508 minore
624 1436 968 1533 dignitate
1011 1436 1213 1505 aiunt
1255 1434 1661 1533 profectum
1707 1436 2163 1536 paludatum,
2212 1466 2433 1538 quam

311 1547 483 1619 olim
531 1547 920 1645 aequalem⁷
974 1546 1130 1640 ejus
1179 1548 1256 1620 L.
1302 1546 1665 1635 Paullum,
1717 1548 1977 1618 iterum
2033 1550 2429 1622 consulem.

312 1662 375 1746 Q
403 1657 777 1729 hominem
806 1649 1206 1751 nequamssl
1250 1657 1359 1725 De
1397 1654 1641 1728 libris9
1676 1658 2016 1727 oratoriis
2035 1655 2304 1729 factum
2326 1676 2439 1734 est

312 1793 354 1839 a
378 1792 495 1838 me
523 1766 944 1862 diligentem
986 1763 1111 1834 diu
1148 1765 1653 1885 multumque'
1635 1792 1710 1837 ιη
1738 1764 2071 1838 manibus
2099 1766 2431 1842 fuerunt.

311 1872 675 1945 describas
702 1871 888 1941 licet.
918 1870 1105 1941 Illud
1126 1872 1337 1941 etiam
1364 1885 1434 1940 te
1453 1896 1667 1968 roge,
1694 1878 1807 1950 τὴν
1831 1883 2227 1969 παροῦσανῐῡ
2239 1879 2432 1949 κατά-

313 2008 528 2050 στασιν
559 1971 896 2057 τυπωδῶς·
927 2000 1019 2045 ne
1062 1975 1246 2046 istuc
1276 1976 1538 2073 hospes
1573 1978 1874 2049 veniam.

387 2164 440 2210 3.
471 2163 622 2226 Ergo,
638 2160 750 2208 um·
764 2172 896 2208 rata.
910 2161 989 2210 Sc.
1018 2161 1081 2209 sit
1106 2176 1159 2208 es
1180 2162 1328 2208 comi·

313 2242 492 2290 tiorum
523 2240 723 2305 opinio,
743 2240 826 2288 ibo
848 2242 1055 2288 Romam
1078 2251 1135 2288 ut
1161 2240 1220 2286 iis
1246 2241 1325 2287 in-

313 2322 492 2371 tersim.
514 2320 686 2368 Bosius
717 2320 975 2368 lectionem
995 2342 1020 2360 ι
1034 2321 1157 2382 Ego,
1183 2329 1241 2367 ut
1263 2319 1324 2365 sit

313 2413 412 2451 rata
422 2401 745 2459 abfuisse-mic
757 2401 1101 2464 interpretatur
1113 2415 1125 2448 :
1142 2402 1325 2462 Quam-

311 2484 387 2530 vis
411 2492 510 2529 rata
532 2481 595 2528 sit
615 2480 785 2545 opinio
804 2479 883 2526 illa
907 2480 1239 2536 comitiorum,
1258 2479 1324 2527 ita

312 2572 366 2609 nt
385 2570 438 2609 es
457 2572 591 2608 certo
616 2559 900 2618 habeantur,
926 2568 1085 2607 tamen
1104 2574 1207 2605 non
1225 2574 1327 2605 mo·

314 2641 430 2689 leste
448 2643 552 2689 fero
577 2657 652 2688 me
671 2640 881 2689 abfuisse
894 2639 958 2687 ab
977 2640 1037 2686 iis
1056 2638 1329 2687 altercatio-

315 2720 481 2779 nibus,
516 2732 607 2770 etc.
639 2724 730 2769 11ae
761 2736 879 2768 vero
912 2720 1128 2776 fuerant,
1163 2729 1217 2766 nt
1250 2735 1331 2766 su-

314 2801 499 2862 spicor,
534 2799 593 2847 de
617 2799 838 2847 habenda
868 2810 953 2847 aut
975 2815 1077 2847 non
1111 2798 1331 2847 habenda

314 2878 638 2943 quorumdam
660 2878 860 2925 ratione.

387 2965 435 3014 4.
463 2952 685 3020 Σκυλμόν.
708 2955 1144 3005 perturbationem.

388 3036 437 3084 5.
466 3036 650 3081 Potest.
684 3033 785 3081 Alii
822 3033 1002 3082 habent
1051 3058 1076 3076 ι
1101 3047 1242 3099 potes
1281 3047 1329 3084 et

316 3114 462 3161 vales.
490 3115 630 3171 Sum,
668 3121 761 3158 etc.
783 3134 809 3153 ιι
836 3111 1115 3175 suspicatur
1140 3115 1327 3165 Ernest.

315 3195 366 3241 in
415 3192 568 3241 valde
610 3191 689 3238 vel
727 3190 872 3238 vales
909 3190 1059 3238 latere
1105 3192 1329 3252 verbum,

318 3273 454 3337 qnod
479 3289 579 3319 rem
599 3271 859 3335 exprimat,
878 3269 931 3316 in
955 3285 1051 3333 qua
1071 3270 1133 3317 sit
1152 3267 1332 3329 ὀξὺπιι·

315 3367 416 3411 νος,
452 3361 510 3399 ut
537 3353 617 3411 11,
660 3366 747 3409 ια,
784 3359 890 3410 est,
928 3349 1021 3396 «in
1057 3350 1333 3399 curiositate

318 3446 422 3478 snm
450 3427 732 3488 δξὺπεινοςκ.
758 3431 812 3478 J.
834 3432 901 3478 V.
928 3432 982 3478 L.

388 3510 439 3557 6.
458 3498 724 3566 ὀξύπεινος.
747 3509 1031 3558 Famelicns.

394 3604 445 3647 7.
473 3589 745 3651 AEqualem.
765 3589 883 3649 Ejus
907 3587 1084 3644 filium,
1106 3587 1190 3650 qui
1211 3601 1332 3634 con-

321 3667 398 3713 sul
430 3669 574 3730 periit
599 3668 844 3717 Cannensi
874 3668 1078 3733 ptaeli03
1118 3666 1335 3714 Africani

321 3746 522 3795 minoris
545 3758 731 3813 patrem
765 3749 1044 3798 naturalem.
1092 3749 1140 3795 Is
1177 3747 1231 3794 in
1260 3760 1335 3793 se-

1415 2162 1583 2209 cundo
1622 2164 1878 2213 consulatu
1914 2166 2169 2230 paludatus
2215 2169 2333 2218 exiit
2369 2172 2430 2221 sd

1412 2239 1595 2289 bellum
1615 2241 2012 2291 Macedonicum:
2035 2262 2124 2294 nec
2143 2248 2302 2297 multo
2321 2262 2436 2314 post

1414 2319 1593 2382 victor,
1623 2330 1769 2384 capto
1787 2323 1930 2368 etiam
1949 2338 2059 2386 rege
2081 2325 2242 2384 Perse,
2265 2330 2438 2376 trium·
2465 2325 2466 2328 ¹

1411 2398 1599 2463 phavit.
1620 2399 1881 2464 AEqualem
1902 2402 2076 2461 Crassi,
2096 2405 2173 2452 vel
2195 2422 2306 2454 cnm
2320 2409 2435 2468 joco

1411 2478 1661 2537 nominat,
1688 2480 1823 2543 quod
1844 2491 2045 2545 uterque
2061 2482 2236 2532 iterum
2265 2486 2437 2534 consul

1412 2557 1476 2605 ad
1508 2557 1690 2605 bellum
1737 2561 1801 2608 sit
1843 2561 2125 2624 prosectus3
2162 2564 2238 2611 vel
2274 2567 2435 2627 serio,

1416 2636 1553 2700 quod
1589 2638 1757 2686 eadem
1798 2649 1937 2687 aetate
1971 2651 2156 2701 essent,
2194 2658 2344 2707 quum
2371 2643 2435 2693 ad

1417 2714 1601 2763 bellum
1651 2720 1827 2767 exiere.
1879 2719 2027 2779 Nam,
2076 2722 2435 2786 sexagenarium

1419 2805 1680 2859 utrumque
1702 2798 1875 2858 fnisse,
1916 2810 2019 2847 tum
2045 2818 2108 2848 ex
2134 2800 2272 2848 Livio
2289 2837 2304 2860 ,
2332 2813 2436 2850 tum

1418 2890 1481 2921 ex
1503 2874 1769 2923 Plutarcho
1792 2878 1907 2926 licet
1935 2880 2194 2939 conjicere.
2223 2882 2369 2929 Mur.

1490 2956 1540 3001 8.
1584 2955 1830 3019 Nequam.
1866 2958 1996 3019 Qui,
2025 2959 2079 3006 C.
2098 2959 2224 3006 Ateii
2242 2961 2440 3024 Capito·

1418 3033 1518 3090 nis,
1563 3033 1749 3081 tribuni
1773 3034 1928 3098 plebis
1957 3036 2440 3099 obnuntiationibus,

1419 3114 1632 3177 dirisque
1659 3114 1919 3178 neglectis,
1941 3116 2046 3161 auri
2072 3116 2282 3163 Parthici
2303 3119 2440 3183 cupi-

1420 3192 1570 3242 ditate
1589 3210 1834 3258 praeceps‚
1853 3204 1966 3242 ante
1988 3191 2133 3241 finem
2159 3197 2439 3246 consulatus

1419 3272 1510 3320 ivit
1536 3273 1588 3320 in
1612 3273 1935 3335 provinciam.
1962 3273 2064 3321 Cic.
2083 3273 2174 3322 lib.
2194 3277 2217 3322 1
2241 3273 2301 3322 de
2326 3277 2438 3326 Div.

1420 3350 1707 3399 Plutarchus
1723 3388 1738 3413 ,
1762 3353 1888 3410 Dio,
1908 3352 2011 3401 alii.
2036 3355 2153 3413 Ejus
2179 3364 2336 3400 umen
2362 3355 2441 3403 ab·

1420 3432 1570 3477 sentis
1605 3430 1886 3494 dignitatem
1924 3431 2142 3480 defendit
2173 3433 2225 3479 in
2253 3445 2436 3495 senatu.

1422 3510 1577 3573 Epist.
1599 3510 1654 3566 8,
1681 3509 1839 3570 lib.v,
1859 3508 1922 3556 ad
1949 3510 2070 3556 niv.
2089 3512 2243 3558 Insn.

1492 3603 1545 3650 9.
1569 3587 1734 3636 Libris.
1750 3588 1926 3636 Tribus
1951 3588 2014 3634 ad
2043 3590 2105 3650 Q.
2125 3588 2331 3637 fiatrem.

1497 3683 1519 3713 r
1528 3664 1672 3721 ο.Τὴν
1684 3682 1784 3735 παρ
1790 3670 1950 3716 οὖσαν.
1962 3659 2249 3716 Praesentem
2265 3679 2441 3718 statum

1421 3745 1729 3810 reipublicae,
1757 3746 1975 3808 subjecta
2001 3744 2115 3795 rudi
2140 3747 2244 3809 ejus
2268 3748 2435 3797 forma.

1106 3966 1670 4000 *ψ-
