3023 4773
836 400 1386 498 EPISTOLAE‚
1429 417 1661 499 xm,
1704 413 1819 482 69..
2311 414 2398 506 73

260 532 422 620 bui,
460 546 532 603 te
569 533 645 601 in
682 556 849 603 meo
884 558 1023 605 aere
1063 545 1262 605 esse²
1297 550 1597 632 propter
1627 532 1926 604 Lamiae-⁷·
1961 534 2189 604 nostri
2221 557 2401 604 cou-

253 642 708 736 junctionem
737 656 809 712 et
833 643 1263 739 singularem
1298 643 1922 715 necessitudinem.
1963 648 2221 740 Itaque
2248 645 2393 741 pri-

260 776 466 821 mum
494 749 628 821 tibi
661 776 795 849 ago
820 752 1313 850 gratiaS,quod
1346 777 1460 824 me
1501 754 1701 823 omni
1737 752 2063 824 molestia
2090 752 2388 824 liberas:

261 859 529 932 deinde
580 861 1026 960 impudentia
1074 889 1478 962 prosequor
1499 865 1578 951 4;
1625 861 1751 933 sed
1787 859 2024 935 idem⁵
2066 864 2388 933 sarciam.

260 975 359 1041 Te
399 972 593 1041 enim
615 968 647 1015 ⁶
691 996 978 1070 semper
1008 975 1109 1044 sic
1152 973 1382 1045 colam
1420 988 1491 1044 et
1538 971 1826 1060 tuebor,
1858 989 1943 1043 ut
1978 997 2198 1069 quem
2235 971 2393 1042 dili-

256 1083 694 1177 gentissime.
724 1086 1080 1176 Quintum
1116 1083 1408 1155 fratrem
1436 1108 1712 1171 meum,
1748 1085 1808 1154 si
1843 1108 1959 1154 me
1989 1082 2259 1179 diligis,
2305 1108 2391 1153 eo

256 1214 571 1263 numero
608 1216 778 1262 cura
821 1207 903 1263 ut
939 1192 1244 1281 bahem,
1280 1218 1431 1291 quo
1473 1217 1614 1264 me.
1647 1198 1756 1263 Ita
1787 1216 2135 1291 magnum
2167 1190 2390 1262 bene·

255 1298 508 1371 ficium
551 1315 758 1371 tuum
796 1326 1059 1399 magno
1097 1303 1390 1374 cumulo
1421 1303 1725 1374 auxeris,

329 1504 387 1535 2.
420 1490 488 1534 Te
514 1488 564 1534 in
592 1504 698 1535 meo
724 1504 822 1536 oere
850 1504 965 1537 esse.
983 1490 1149 1536 Meum
1167 1506 1285 1537 esse.
1448 1498 1496 1545 4.
1534 1487 1844 1553 Impudentia
1863 1503 2153 1551 prosequor.
2186 1487 2286 1549 Qui
2310 1487 2401 1534 tibi

256 1570 417 1615 nucu
440 1566 763 1614 similitudine
787 1584 813 1613 a
839 1583 1147 1614 nummorum
1166 1584 1285 1631 pos·
1374 1566 1494 1614 alios
1535 1584 1731 1631 qnoque
1772 1568 2085 1626 commendo,
2119 1577 2172 1613 ut
2209 1569 2276 1629 Q.
2309 1569 2402 1613 sra-

254 1647 493 1695 soesione.
521 1647 615 1710 Ep.
633 1654 695 1701 ¹4
716 1646 933 1695 lib.xV:
956 1647 1139 1695 «Multi
1157 1648 1287 1695 enim
1375 1657 1515 1696 trem.

254 1726 371 1773 anni
394 1737 543 1785 sunt,
564 1742 714 1788 quum
733 1725 816 1773 ille
838 1727 888 1772 in
914 1742 1007 1773 εκ
1025 1742 1135 1774 meo
1153 1738 1227 1774 est
1238 1748 1282 1776 n.
1446 1727 1494 1772 5.
1538 1724 1779 1773 Sar-ciam.
1827 1723 2193 1772 Remunerabor
2232 1721 2398 1770 officia

326 1805 377 1850 3.
398 1803 613 1850 Lamiae.
647 1808 701 1852 L.
729 1804 927 1862 lamiae,
965 1805 1025 1851 de
1052 1820 1151 1868 quo
1175 1804 1288 1851 vide
1374 1815 1478 1852 tua.

255 1883 397 1946 epist.
421 1884 487 1931 ιδ
516 1882 603 1929 lib.
622 1884 673 1930 11
689 1917 705 1940 ,
730 1893 778 1930 et
805 1883 946 1947 epist.
966 1899 1033 1946 29
1059 1882 1148 1930 lib.
1168 1884 1284 1932 111.
1447 1884 1499 1932 6.
1519 1882 1640 1931 Lan.
1656 1882 1796 1930 addit
1823 1902 1846 1924 ι
1864 1882 1984 1930 mihi
2001 1881 2143 1930 crede
2154 1904 2195 1928 n.
2213 1881 2328 1928 J.v.
2344 1883 2402 1928 L.

254 2108 349 2127 m
358 2108 1382 2129 mmmmm
1755 2106 2404 2127 *mmmmm

831 2296 1431 2375 EPISTOLA
1498 2297 1839 2375 LXIII.

254 2461 342 2515 M.
370 2457 641 2516 Laenium
669 2455 1098 2534 diligentissime
1125 2456 1506 2515 commendat.
1534 2457 1880 2530 (Laodiceae,
1903 2477 2055 2515 anno
2078 2461 2235 2517 U.C.
2257 2459 2396 2529 703,

1093 2573 1288 2613 mense
1317 2552 1576 2631 martin.)

678 2731 770 2796 M.
793 2732 869 2794 T.
898 2732 969 2794 o.
1001 2732 1070 2796 P.
1106 2691 1326 2796 smo
1375 2731 1676 2836 rnopn.
1718 2731 1779 2795 s
1817 2732 1887 2795 P.
1920 2732 2001 2795 D.

356 2878 529 2946 Nm<
561 2875 809 2970 putavi
836 2872 995 2945 fieri
1029 2898 1275 2972 posse,
1300 2890 1381 2946 ut
1402 2874 1581 2944 mihi
1603 2874 1823 2946 verba
1847 2874 2180 2946 deessent
2209 2901 2225 2942 :
2268 2871 2401 2942 sed

263 3001 509 3056 tamen
540 2985 617 3054 in
656 2988 732 3056 C.
764 2987 1002 3056 Laenio
1037 2985 1620 3057 commendando
1647 2984 1931 3055 desunt.
1960 2989 2213 3080 Itaque
2252 3005 2406 3052 rem

264 3092 401 3164 tibi
463 3117 823 3191 exponam
877 3098 1122 3192 paucis
1177 3096 1505 3184 verbis¹;
1564 3095 1687 3167 sed
1736 3110 2019 3182 tamen,
2061 3110 2144 3164 ut
2190 3094 2402 3190 plane

263 3206 686 3301 perspicere
730 3206 964 3301 possis
1000 3208 1444 3278 voluntatem
1483 3231 1744 3277 meam.
1790 3202 2222 3276 Incredibile
2261 3216 2407 3288 est,

264 3314 529 3408 quanti
559 3310 903 3385 faciamus
935 3331 1008 3385 et
1035 3340 1208 3413 eg0‚
1249 3330 1322 3387 et
1364 3314 1582 3387 frater
1619 3340 1860 3403 mem,
1898 3317 2027 3411 qui
2067 3312 2245 3382 mihi
2286 3337 2406 3383 ca-

261 3424 597 3493 rissimus
646 3438 789 3510 est,
842 3428 939 3494 M.
976 3426 1314 3495 lanium.
1366 3424 1446 3495 Id
1493 3423 1577 3495 fit
1612 3450 1843 3522 quum
1890 3423 2211 3522 plurimis
2250 3420 2407 3516 ejus

265 3532 534 3604 officiis
551 3543 608 3619 ²,
651 3548 803 3604 tum
844 3560 1122 3607 summa
1152 3533 1507 3633 probitate
1548 3552 1620 3606 et
1656 3534 1999 3632 singulari
2035 3532 2405 3604 modestia.

268 3650 461 3715 Eum
492 3669 633 3739 ego
670 3669 710 3714 a
746 3671 865 3717 me
904 3647 1367 3717 invitissimus
1394 3645 1665 3733 dimisi,
1702 3669 1928 3742 quum
1969 3658 2272 3742 propter
2298 3642 2406 3712 fa-

268 3754 761 3825 miliaritatem
808 3771 880 3826 et
921 3755 1462 3827 consuetudinis
1500 3757 1957 3841 suavitatem,
2018 3768 2170 3824 tum
2210 3750 2409 3848 quod

271 3865 581 3935 consilio
632 3867 791 3962 ejus
837 3865 1035 3938 fideli
1069 3892 1151 3938 ac
1185 3866 1388 3938 bono
1433 3866 1744 3937 libenter
1784 3863 2054 3936 utebar.
2107 3862 2246 3933 Sed
2285 3886 2407 3931 ve-

351 4074 397 4103 x.
434 4058 602 4104 Verbis
620 4059 879 4107 Gronovio
893 4059 1147 4109 insitiuum
1165 4060 1301 4107 vide·
1462 4076 1511 4105 α.
1536 4056 1737 4124 Officiis.
1759 4059 1832 4105 De
1847 4057 1925 4104 his
1950 4056 2099 4104 Laenii
2119 4052 2296 4102 officiis
2307 4052 2410 4098 vid.

274 4136 441 4195 hamt,
467 4137 552 4184 cui
572 4137 685 4186 Sch.
704 4137 989 4188 adsentitur.
1017 4141 1067 4187 J.
1085 4142 1148 4186 V.
1178 4143 1231 4188 1..
1394 4142 1529 4198 xlv,
1551 4147 1598 4197 4,
1618 4150 1665 4187 et
1682 4151 1827 4188 oratt.
1842 4156 1934 4203 pro
1947 4137 2146 4187 Plancio
2160 4148 2209 4183 et
2227 4134 2407 4183 Sextio.
