3023 4773
607 381 737 427 120

1218 358 1331 426 M.
1384 359 1459 424 Τ.
1516 358 2100 426 CICERONIS

593 476 771 547 mihi
806 480 1270 565 nuntiarunt,
1313 475 1744 548 Parthorum
1781 500 2073 571 magnas
2113 480 2358 574 copias
2396 475 2727 574 Euphra-

591 602 743 659 tem
770 592 1074 660 transire
1106 592 1426 686 coepisse.
1457 588 1625 678 Quo
1661 590 1919 658 nuntio
1945 587 2195 676 allato,
2233 613 2458 684 quum
2487 602 2728 660 essent

592 697 969 786 nonnulli,
1012 699 1149 795 'qui
1195 699 1261 770 ei
1297 698 1448 795 regi
1486 699 1844 768 minorem
1883 694 2100 768 fidem
2138 696 2548 769 habendam
2587 722 2726 794 pu-

587 822 861 894 tarent,
902 811 1116 880 statui
1155 806 1720 905 exspectandum
1758 830 1912 878 esse
1935 861 1954 894 ,
1993 810 2050 876 si
2094 804 2275 903 quid
2318 808 2582 877 certius
2617 803 2728 882 af·-

590 916 924 989 ferretur.
969 921 1050 988 A.
1093 916 1161 988 d.
1203 942 1333 987 xm
1370 914 1708 987 kalendas
1750 914 2026 987 octobr.
2058 941 2289 1013 quum
2328 919 2726 987 exercitum

589 1027 667 1096 in
694 1026 1054 1098 Ciliciam'*
1084 1015 1424 1104 ducerem
1447 1081 1466 1114 ,
1490 1027 1568 1096 in
1597 1024 1868 1097 finibus
1901 1028 2277 1123 Lycaoniae
2296 1024 2326 1068 ⁵
2354 1041 2427 1098 et
2453 1030 2726 1123 Cappa-

590 1133 856 1207 dociae⁶
892 1137 1070 1206 ‘mihi
1108 1137 1326 1209 literae
1353 1136 1652 1210 redditae
1690 1151 1862 1207 sunt
1898 1136 2509 1211 aTarcondimoto
2528 1136 2727 1232 ⁷,qui

586 1244 1044 1318 fidelissimus
1076 1250 1316 1319 socius
1344 1262 1543 1318 trans
1565 1252 1918 1335 Taurum,
1943 1249 2559 1344 amicissimusque
2592 1270 2727 1344 po-

586 1358 742 1456 puli
777 1363 1056 1432 romani
1093 1360 1540 1434 existimatur
1573 1384 1589 1428 :
1631 1355 2017 1429 Pacorem⁸
2048 1358 2313 1450 Orodi,
2340 1363 2529 1456 regis
2560 1361 2727 1428 Par·

588 1654 686 1690 tem
729 1643 819 1691 sita
842 1677 858 1699 ,
906 1642 1263 1708 posterioribus
1311 1639 1614 1706 temporibus

588 1721 935 1786 Euphratensis
962 1722 1115 1782 dicta,
1142 1733 1191 1770 et
1209 1720 1613 1785 Augusteuphra-

584 1802 759 1858 tensis,
780 1817 924 1866 quam
943 1801 1206 1850 Seleucidis
1223 1800 1614 1862 Romani,quum

591 1880 783 1944 Syriam
802 1891 1145 1945 occupassent,
1169 1880 1420 1943 reliquisse
1445 1878 1616 1925 viden-

589 1971 695 2020 tur;
720 1962 826 2021 ejus
845 1976 979 2023 reges
994 1960 1113 2008 dicti
1131 1959 1367 2009 Antiochi
1387 1961 1615 2009 Comma-

591 2040 719 2100 geni.
752 2040 870 2098 Isti,
901 2041 1040 2099 cujus
1064 2039 1146 2087 bic
1169 2040 1343 2087 Cicero
1371 2038 1614 2093 meminit,

589 2117 844 2176 Lucullus,
882 2118 1037 2182 captis
1067 2118 1456 2182 Tigranocertis,
1491 2132 1615 2164 uxo-

589 2212 693 2242 rem
729 2198 971 2260 captivam
999 2198 1237 2255 restituit,
1268 2208 1317 2245 et
1344 2198 1434 2245 Cn.
1467 2199 1612 2244 Pom-

587 2274 729 2338 peius
753 2277 1016 2324 Seleuciam
1042 2277 1413 2342 Mesopotamia!
1439 2276 1614 2324 castel-

594 2354 697 2401 lum
737 2353 954 2405 donavit.
983 2358 1158 2407 Strabo
1186 2356 1275 2406 lib.
1309 2357 1453 2406 xv1.
1484 2355 1614 2407 Huic

592 2430 776 2482 bellum
803 2435 971 2484 intulit
988 2437 1249 2486 Ventidius
1266 2438 1471 2485 Antonii
1489 2436 1620 2501 lega-

591 2522 697 2571 tus,
724 2514 992 2579 cupiditate
1010 2518 1113 2577 ejus
1128 2517 1350 2582 pecuniae
1363 2517 1616 2574 incensus,

562 2607 732 2655 ,quam
752 2595 1046 2657 possidebat.
1066 2596 1159 2644 Sed
1180 2613 1332 2661 quum
1357 2597 1548 2659 egregie
1565 2612 1617 2642 se

592 2680 830 2734 tueretur,
858 2675 981 2722 clam
1010 2676 1260 2724 Antonius
1298 2692 1410 2723 cum
1460 2692 1522 2723 eo
1557 2674 1619 2722 de

590 2767 715 2816 paee
735 2754 862 2815 egit,
889 2764 946 2802 nt
970 2754 1178 2803 honeste
1198 2767 1361 2819 posset
1374 2755 1618 2804 recedere.

587 2830 670 2879 Ad
702 2848 847 2895 quam
872 2833 1181 2881 sanciendam
1215 2837 1259 2881 ei
1287 2834 1486 2882 tradidit
1507 2836 1616 2882 An-

588 2911 757 2958 tonius
766 2910 1100 2959 Alexandrum
1115 2912 1522 2971 interficiendum,
1533 2914 1621 2978 qui

589 2989 654 3036 ad
706 2990 956 3039 Romanos
1001 2993 1336 3056 transfugerat.
1382 2994 1481 3040 Dio
1529 2993 1619 3042 lib.

590 3069 775 3118 mx.
799 3071 916 3132 Ejus
939 3068 1068 3119 filius
1090 3072 1369 3122 Antiochus
1397 3072 1620 3123 Comma-

591 3163 744 3211 genus
779 3161 1031 3197 accusatus
1072 3151 1245 3215 capitis
1281 3161 1331 3197 et
1367 3149 1620 3199 damnatus

592 3237 695 3288 est,
722 3229 859 3292 quod
899 3229 1111 3291 legatum
1146 3229 1335 3288 stati-is,
1370 3245 1485 3276 cum
1520 3247 1622 3293 quo

590 3308 847 3356 exercebat
867 3308 1172 3367 inimicitias,
1198 3310 1403 3357 Romam
1422 3310 1621 3356 missum

588 3385 777 3453 perfide
813 3388 1072 3436 interfecit.
1105 3388 1203 3435 Dio
1227 3387 1313 3437 lib.
1334 3391 1440 3437 LII.
1471 3388 1618 3437 Tibe-

594 3467 696 3513 rius
749 3467 802 3514 in
854 3466 1127 3532 provinciae
1173 3468 1377 3516 formam
1430 3469 1621 3533 redegit

593 3546 964 3609 Commagenem
981 3582 995 3606 ,
1033 3563 1183 3611 quum
1228 3560 1450 3596 mortuus
1492 3560 1621 3597 esset

593 3625 870 3672 Antiochus
887 3628 990 3685 ejus
1007 3643 1109 3684 rex,
1128 3628 1211 3690 qui
1234 3628 1359 3675 sorte
1376 3626 1508 3675 filius
1527 3629 1621 3676 fuit

594 3702 823 3751 damnati.
844 3706 999 3752 Tacit.
1023 3707 1154 3753 Anu.
1176 3708 1225 3754 11
1242 3742 1256 3765 ,
1284 3723 1391 3771 cap.
1419 3709 1500 3755 56.
1522 3707 1619 3756 Sed

592 3782 811 3845 Caligula
857 3783 1120 3832 Seleucidis
1160 3786 1369 3834 restituit
1415 3802 1620 3850 regnum

591 3863 928 3924 Commagene
938 3863 1139 3924 adjectis
1150 3866 1334 3915 Ciliciae
1347 3869 1617 3927 maritimis,

591 3954 639 3991 et
667 3940 863 4006 quidem
881 3942 1133 3992 Antiocho
1150 3980 1165 4003 ‚
1206 3947 1441 3994 Antiochi
1467 3946 1617 4007 hujus

590 4020 724 4079 mio,
754 4020 842 4087 qui
861 4020 1052 4069 videtur
1078 4024 1225 4073 fuisse
1246 4042 1494 4090 pronepos
1516 4027 1611 4074 hu-

585 4103 667 4163 jus
692 4100 952 4163 Antiochi,
978 4105 1116 4163 cujus
1142 4105 1222 4152 hic
1245 4106 1417 4155 Cicero
1445 4107 1612 4155 memi-

1700 1641 1795 1689 nit.
1836 1642 1948 1689 Fuit
1983 1652 2087 1690 tota
2118 1642 2218 1689 vita
2254 1639 2413 1688 clarus
2439 1649 2490 1686 et
2520 1637 2735 1687 vetustis

1701 1719 1881 1783 opibus
1899 1722 2093 1784 ingens,
2114 1732 2163 1767 et
2178 1717 2542 1767 inservientium
2558 1732 2729 1780 regum

1693 1799 1968 1848 ditissimus
1998 1811 2048 1850 et
2074 1801 2390 1850 felicissimus.
2411 1800 2568 1846 Tacit.
2596 1798 2729 1848 Hist.

1702 1883 1750 1928 11
1766 1915 1779 1938 ,
1802 1897 1910 1946 cap.
1939 1882 2021 1929 81.
2050 1881 2268 1929 Tandem
2301 1880 2396 1926 suit
2419 1879 2514 1926 sub
2533 1881 2728 1941 Vespa-

1701 1959 1837 2007 siano
1865 1971 2143 2022 accusatus,
2167 1971 2216 2008 et
2235 1958 2631 2006 Lacedaemonem
2654 1973 2731 2004 re·

1701 2037 1886 2101 legatus
1903 2074 1916 2097 ,
1968 2050 2017 2087 et
2068 2041 2394 2103 Commagene
2443 2039 2620 2085 iterum
2674 2035 2732 2083 in

1701 2118 1969 2181 provinciae
1996 2119 2201 2166 formam
2234 2118 2443 2165 redacta.
2480 2116 2733 2180 ,Iosephus

1701 2197 1914 2255 lib.VII,
1939 2214 2047 2262 cap.
2068 2214 2132 2260 27
2150 2198 2269 2246 Bell.
2290 2197 2411 2246 Jud.
2434 2197 2730 2259 Suet.Vesp.

1702 2291 1811 2340 cap.
1836 2278 1884 2324 8.
1912 2280 2205 2326 Ruraarus.

1775 2366 1825 2415 4.
1852 2360 1913 2407 In
1945 2359 2187 2409 Ciliciam,
2214 2359 2330 2407 Erat
2353 2354 2482 2405 enim
2510 2355 2562 2402 in
2579 2354 2730 2405 Asia:

1703 2439 1844 2500 cujus
1865 2450 1961 2487 tres
1979 2428 2212 2488 dioe'ceses
2238 2435 2621 2485 administrabat.
2635 2437 2733 2498 Ep.

1704 2518 1770 2578 67
1799 2518 1886 2567 lib.
1905 2522 2049 2568 xm.
2077 2521 2151 2567 De
2167 2519 2264 2567 boc
2293 2517 2467 2565 itinere
2493 2516 2637 2579 epist.
2662 2531 2733 2563 ao

1705 2595 1767 2642 ad
1785 2595 2043 2647 Attia-lib.
2057 2601 2118 2646 V.
2139 2600 2288 2646 Mne.

1778 2675 1827 2723 5.
1855 2676 2129 2738 looeaoniae.
2154 2677 2312 2739 Regio
2335 2675 2464 2722 Asioe
2486 2673 2615 2720 inter
2635 2672 2731 2719 Ga·

1704 2755 1891 2814 latiam,
1931 2756 2291 2820 Cappadociam
2308 2790 2323 2813 ‚
2359 2750 2698 2815 Pamphyliam
2717 2787 2735 2813 ,

1706 2846 1755 2882 et
1769 2835 1988 2883 Ciliciam
2005 2870 2020 2893 ‚
2047 2835 2186 2898 cujus
2213 2843 2359 2898 caput
2381 2830 2627 2879 Iconium.
2647 2831 2731 2876 In.

1778 2916 1831 2963 6.
1877 2914 2216 2979 Cappadocioe.
2253 2910 2563 2977 Cappadocia
2598 2908 2736 2956 Asiae

1704 2994 1841 3057 regio
1878 3011 2050 3059 magna
2089 2995 2218 3042 inter
2249 2992 2526 3042 Armeniam
2564 2989 2738 3037 Mino-

1706 3091 1805 3122 rem
1828 3110 1846 3137 ,
1889 3076 2139 3134 Ciliciam,
2183 3073 2548 3138 Pamphyliam,
2583 3068 2737 3118 Gala-

1705 3154 1846 3213 tiam,
1868 3166 1919 3203 et
1942 3158 2151 3202 Pontum
2177 3155 2439 3202 Euxinum.
2455 3156 2611 3200 Inui.

1783 3251 1831 3295 7.
1886 3234 2280 3281 Tarcondimoto.
2322 3235 2372 3280 Is
2417 3233 2598 3294 Dioni,
2638 3235 2732 3284 lib.

1706 3315 1849 3371 xm,
1884 3316 2104 3371 XLVII,
2141 3314 2211 3371 L,
2260 3321 2363 3359 erat
2412 3312 2606 3375 regulus
2653 3316 2736 3363 vel

1707 3393 1946 3442 tetrarcha
1990 3392 2177 3441 Ciliciae
2196 3425 2210 3449 ‚
2257 3392 2334 3439 vel
2377 3392 2530 3455 partis
2565 3394 2738 3441 Gallo—

1709 3472 1933 3529 Graeeiae,
1953 3471 2039 3534 qui
2068 3471 2200 3519 civili
2221 3471 2353 3518 bello
2382 3486 2474 3534 pro
2495 3472 2737 3535 Pompeio

1706 3552 1862 3608 stetit,
1881 3550 2026 3613 eique
2045 3560 2212 3614 postea
2232 3550 2395 3598 victor
2416 3551 2576 3599 Caesar
2594 3551 2740 3612 igno·

1706 3632 1791 3679 vit.
1813 3632 2000 3680 Necato
2028 3631 2243 3687 caesare,
2274 3644 2385 3676 cum
2412 3629 2466 3676 C.
2487 3630 2656 3678 Cassio
2678 3647 2734 3678 se

1705 3709 1979 3769 conjunxit.
2030 3709 2254 3772 Denique
2289 3718 2523 3771 sequutus
2565 3709 2737 3756 Anto·

1709 3790 1843 3836 nium
1873 3805 1984 3836 cum
2002 3789 2270 3835 Octaviano
2295 3786 2640 3845 dimicantem,
2673 3788 2739 3835 ab

1707 3870 1925 3933 Agrippa
1951 3866 2112 3915 navali
2137 3866 2307 3930 praelio
2335 3881 2485 3913 caesus
2505 3876 2594 3915 est.
2617 3867 2738 3915 Vid.

1706 3948 1835 3995 Flor.
1856 3950 1947 4008 lv,
1984 3962 2049 4007 a,
2075 3945 2235 3994 Strab.
2254 3948 2394 3992 XIV.
2422 3947 2518 3993 En.

1778 4029 1828 4075 8.
1869 4030 2124 4073 Paeorem.
2160 4024 2291 4081 Alii,
2320 4026 2576 4071 Pacorum.
2620 4024 2736 4070 Dux

1705 4124 1805 4156 esse
1842 4106 2128 4167 videbatur,
2165 4104 2278 4169 quia
2318 4105 2443 4169 regis
2468 4101 2635 4153 filius:
2663 4119 2735 4152 te-
