3023 4773
834 379 1385 467 EPISTOLAE,
1424 383 1676 470 XIII,
1716 379 1834 452 28.
2303 385 2387 468 [μ

267 526 421 575 esse
467 504 758 589 omnia3
805 500 1041 574 multo
1079 525 1252 573 vero
1293 501 1505 599 plura
1558 518 1633 574 et
1668 503 1943 597 majora
1991 498 2263 573 fecisse.
2312 501 2400 572 Id

258 613 486 708 igitur
510 611 739 709 (puto
781 614 977 681 enim
1012 612 1227 682 etiam
1277 625 1499 709 atque
1532 613 1748 683 etiam
1787 612 1968 683 mihi
2007 610 2399 685 dicendum

261 720 473 815 esse)
532 718 748 790 velim
794 720 1187 808 existimes,
1222 720 1401 791 mihi
1457 735 1533 794 te
1586 718 1837 794 fecisse
1891 723 2397 820 gratissimum.

259 828 490 918 Quod
531 828 830 927 quidem
866 830 1007 905 hoc
1038 830 1542 903 vehementius
1579 832 1803 920 laetor,
1855 830 2058 930 quod
2106 856 2198 904 ex
2237 836 2399 931 ipso

253 941 615 1011 Mescinio
645 954 717 1012 te
745 938 956 1011 video
993 964 1322 1037 magnam
1350 956 1733 1040 capturum
1768 941 2238 1040 voluptatem.
2273 946 2399 1014 Est

255 1051 568 1121 enimin
594 1074 683 1121 eo
711 1074 943 1147 quum
979 1051 1210 1123 virtus
1245 1066 1319 1122 et
1354 1050 1674 1148 probitas
1699 1105 1720 1141 ,
1763 1066 1837 1123 et
1880 1074 2250 1122 summum
2284 1050 2398 1122 of-

254 1156 532 1247 ficium,
550 1183 976 1258 summaque
992 1159 1472 1253 observantia,
1501 1174 1661 1232 tum
1684 1159 1948 1233 studia¹
1977 1157 2099 1232 illa
2128 1176 2397 1250 nostra,

252 1269 535 1366 quibus
548 1283 761 1341 antea
781 1269 1343 1361 delectabamur,
1365 1296 1563 1343 nune
1590 1272 1806 1344 etiam
1834 1270 2400 1360 vivimus.Quod

254 1380 629 1477 reliquum
668 1395 811 1471 est,
840 1367 1055 1453 §elim
1079 1405 1337 1480 augeas
1374 1396 1500 1453 tua
1533 1384 1608 1452 in
1647 1407 1815 1454 eum
1852 1379 2204 1453 beneficia
2235 1406 2397 1452 om-

256 1488 483 1560 uibus
513 1488 766 1579 rebus,
797 1516 957 1589 quae
995 1506 1065 1564 te
1102 1507 1320 1563 erunt
1347 1491 1601 1590 dignae.
1634 1489 1771 1563 Sed
1810 1492 1959 1563 duo
1996 1492 2297 1588 quidem
2327 1507 2399 1566 te

160 1664 163 1671 .
258 1598 742 1671 nominatim²
779 1626 963 1701 rogo
998 1628 1017 1673 ε
1054 1607 1408 1701 primum,
1443 1617 1567 1693 ut,
1603 1606 1660 1673 si
1698 1601 1878 1700 quid
1911 1602 2401 1674 satisdandum

258 1714 420 1797 erit,
440 1735 756 1782 namus
780 1737 872 1783 lto
903 1737 1186 1785 nouum
1213 1738 1358 1785 Non
1379 1739 1537 1785 mm
1556 1709 1612 1802 ³,
1640 1737 1873 1802 cureS,
1906 1727 1989 1783 ut
2020 1713 2403 1785 satisdetur

258 1819 404 1892 fide
434 1846 619 1892 mea.
650 1820 971 1911 Deinde,
1006 1848 1239 1921 quum
1260 1822 1413 1896 fere
1451 1828 1795 1896 consistat
1822 1822 2184 1895 hereditas
2210 1825 2289 1894 i'n
2316 1825 2402 1895 iis

258 1926 519 2017 rebus,
554 1952 735 2026 quas
768 1933 1022 2002 avertit
1063 1935 1328 2031 Oppia,
1362 1958 1527 2030 quae
1561 1956 1747 2003 uxor
1780 1931 2037 2004 Mindii
2068 1930 2246 2021 fuit,
2285 1933 2406 2005 ad-

248 2038 504 2133 juveS,
545 2040 892 2137 ineasque
932 2044 1321 2130 rationem,
1356 2041 1980 2142 quemadmodum
2022 2068 2104 2114 ea
2139 2044 2404 2115 mulier

255 2152 569 2219 Romam
594 2150 1053 2247 perducatur.
1083 2152 1380 2243 Quodsi
1405 2155 1677 2251 putarit
1696 2153 1813 2225 illa
1833 2151 2015 2240 fore,
2051 2169 2132 2225 ut
2150 2156 2402 2252 opinio

256 2273 508 2329 nostra
533 2274 667 2348 est,
697 2264 1069 2358 negotium
1096 2262 1619 2335 conficiemus4.
1636 2270 1791 2336 Hoc
1815 2279 1897 2335 ut
1914 2287 2403 2362 assequamur,

255 2380 329 2439 te
358 2367 840 2444 vehementer
882 2374 1097 2445 etiam
1135 2388 1355 2472 atque
1395 2376 1614 2446 etiam
1650 2400 1850 2473 rogo.
1911 2370 2140 2463 Illud,
2198 2375 2404 2472 quod

257 2502 485 2576 supra
532 2482 819 2580 scripsi,
869 2481 945 2553 id
991 2486 1067 2555 in
1121 2508 1239 2555 me
1284 2485 1556 2583 recipio
1579 2482 1630 2575 ⁵,
1675 2498 1747 2555 te
1798 2509 1917 2572 ea,
1963 2509 2126 2582 quae
2164 2482 2399 2556 fecisti

254 2591 593 2660 Mescinii
645 2615 901 2681 causa,
946 2617 1256 2692 quaeque
1292 2593 1585 2682 feceris,
1627 2597 1727 2665 ita
1759 2593 1952 2668 bene
2006 2578 2400 2667 collocatu-

254 2724 457 2786 rum,
486 2714 572 2771 ut
606 2702 758 2799 ipse
787 2701 1107 2799 judices,
1149 2705 1430 2776 homini
1466 2718 1540 2775 te
1571 2706 2006 2802 gratissimo,
2026 2702 2403 2799 jucundis-

326 2922 376 2953 ι.
400 2906 602 2956 Studia.
623 2907 967 2975 Philoaophiae.
1005 2913 1153 2961 Man.

323 2999 376 3033 τι.
397 2986 534 3048 Alii,
554 3004 668 3052 quae
690 2999 739 3036 ee
759 2989 1067 3040 nominarint.
1092 2992 1209 3040 ΙΝ.
1227 2995 1283 3041 L.

325 3063 377 3113 3.
420 3065 651 3130 Amplius
692 3081 753 3114 eo
797 3069 992 3116 nomieoe
1028 3086 1127 3117 non
1164 3069 1288 3135 peti.

255 3143 340 3191 Est
380 3143 623 3192 solemnia
666 3145 874 3194 formula
915 3148 1289 3209 juriacouaulto-

253 3237 391 3281 rum,
407 3222 478 3270 ad
505 3239 653 3287 quam
681 3226 824 3273 etiam
846 3226 1018 3275 Gieem
1042 3227 1216 3276 alludit
1238 3228 1290 3277 iu

252 3301 411 3348 Bruto
428 3317 446 3349 ε
467 3322 490 3344 ι
503 3303 633 3349 Mihi
656 3320 880 3368 quoque,
903 3306 1062 3369 inquit
1081 3309 1288 3368 Brutus,

252 3390 298 3427 et
330 3380 666 3444 exspectanda
706 3393 819 3430 aunt
854 3400 907 3431 ea
929 3417 945 3442 ,
980 3401 1091 3448 qum
1118 3386 1288 3435 Attico

249 3459 538 3522 polliceris,
577 3470 625 3506 et
659 3461 863 3510 fortasse
899 3479 990 3527 ego
1018 3481 1045 3512 a
1073 3474 1120 3512 te
1142 3466 1289 3526 hujus

251 3538 566 3586 voluntarius
592 3552 884 3603 procurator
908 3555 1072 3607 petam
1092 3579 1107 3602 ,
1150 3546 1287 3609 quod

249 3617 347 3681 ipae
364 3652 383 3677 ‚
412 3620 497 3665 cui
526 3618 705 3677 debes,
746 3636 799 3668 ae
829 3623 1139 3671 incommode
1171 3640 1284 3672 exa·

250 3709 448 3744 ctutum
474 3708 641 3761 negat.
669 3701 744 3748 Ac
772 3717 891 3748 vero
908 3735 923 3761 ,
951 3702 1172 3766 inquam,
1193 3703 1285 3752 tibi

251 3792 362 3840 ego,
385 3779 575 3839 Brute,
600 3794 700 3825 uon
726 3780 941 3837 solvam,
982 3782 1073 3828 uiai
1099 3782 1234 3845 prius
1255 3799 1283 3831 a

255 3864 297 3901 te
320 3871 533 3914 cavero,
571 3858 780 3922 amplius
814 3875 877 3907 eo
906 3860 1103 3907 nomine
1135 3863 1286 3910 nemi-

254 3950 391 3994 uem,
416 3937 568 3997 cujus
603 3937 784 4002 petitio
826 3940 916 3999 ait,
953 3941 1219 4003 petiturum
1240 3964 1282 3989 n.

252 4014 427 4064 cm.

321 4100 375 4149 4.
397 4094 663 4159 negocium
689 4097 1017 4163 conficiemus.
1045 4100 1098 4149 Si
1122 4101 1285 4166 Oppia

1371 2914 1561 2977 putarit
1594 2911 1690 2960 aibi
1729 2912 1998 2961 timendum
2037 2930 2173 2973 ωε,
2217 2930 2279 2962 ne
2314 2925 2404 2963 tuo

1369 2992 1509 3053 jussu
1528 2995 1738 3041 Romam
1753 2990 2070 3055 perducatur,
2090 2993 2232 3040 facile
2249 2991 2406 3041 addu-

1376 3083 1538 3134 cetur,
1567 3081 1623 3119 ut
1650 3070 1764 3132 illa,
1796 3086 1906 3135 qun
1933 3074 2107 3119 avertit
2132 3088 2194 3120 ex
2215 3072 2407 3120 heredi-

1376 3166 1475 3203 tate
1493 3154 1709 3215 Mindii,
1738 3154 1975 3202 restituat.
2003 3157 2121 3203 Sca.

1452 3236 1502 3284 5.
1533 3233 1691 3288 Illud,
1735 3232 1875 3298 quod
1915 3248 2067 3298 supra
2110 3231 2303 3296 scripsi,
2354 3234 2412 3282 id

1378 3310 1470 3361 eibi
1500 3313 1754 3381 confirmo.
1792 3311 1857 3358 Id
1891 3327 1995 3360 nou
2035 3310 2282 3374 abundat,
2317 3313 2402 3363 aed

1376 3389 1576 3440 additur
1598 3389 1981 3439 confirmationis
2004 3391 2154 3454 gratia
2173 3406 2187 3440 :
2231 3403 2286 3441 ut
2308 3394 2405 3457 epi·

1376 3470 1499 3518 atola
1555 3472 1617 3532 57
1645 3484 1660 3519 τ
1706 3493 1731 3512 ι
1749 3468 1908 3526 Illud,
1956 3469 2094 3532 quod
2147 3479 2307 3518 tecum
2355 3482 2405 3519 et

1378 3564 1541 3597 coram
1559 3585 1573 3608 ,
1611 3560 1659 3598 et
1705 3566 1793 3614 per
1836 3548 2000 3596 literas
2039 3548 2403 3613 dliigeutiasime

1373 3630 1449 3692 egi
1465 3663 1482 3690 ,
1508 3628 1563 3676 id
1593 3640 1641 3678 et
1669 3644 1802 3677 nunc
1826 3627 1967 3674 etiam
1990 3637 2136 3693 atque
2165 3629 2310 3678 etiam
2326 3647 2403 3677 ro-

1374 3723 1493 3771 go».
1537 3710 1600 3758 Et
1640 3708 1730 3757 lib.
1749 3708 1880 3767 vn,
1919 3706 2065 3772 epist.
2103 3709 2212 3756 26:
2254 3731 2279 3750 ι
2302 3710 2405 3757 Lex

1373 3787 1698 3851 sumptuaria,
1720 3801 1830 3850 quae
1857 3787 2055 3835 videtur
2078 3784 2305 3838 λιτότητα
2329 3799 2402 3835 at-

1372 3867 1576 3926 tuliaae,
1608 3882 1663 3914 ea
1686 3864 1809 3912 mihi
1837 3865 2000 3913 fraudi
2021 3866 2114 3913 fuit
2130 3887 2176 3914 n.
2213 3867 2278 3913 Et
2308 3883 2402 3929 pro

1372 3945 1566 3993 Coelio:
1608 3966 1631 3988 ι
1652 3944 2008 4009 Illud-tempus
2048 3944 2206 3992 aetatia
2224 3980 2239 4006 ,
2264 3945 2402 4008 qnod

1372 4025 1534 4087 ipsum
1558 4041 1641 4072 aua
1668 4036 1845 4089 sponte
1872 4022 2120 4072 infirmum
2141 4056 2157 4081 ,
2193 4022 2400 4071 aliorum

1371 4102 1576 4153 libidine
1601 4106 1831 4155 infestum
1859 4114 1961 4166 est,
1991 4102 2045 4151 id
2069 4101 2168 4151 hoc
2194 4101 2309 4151 loeo
2327 4101 2406 4149 de-
2463 4095 2466 4102 ’
