3023 4773
356 457 361 464 Ὠ
466 374 1012 444 EPISTOLAE
1060 375 1197 442 AD
1248 375 1758 456 ATTICUM,
1805 375 1942 458 IV,
1995 372 2059 443 3.
2174 371 2316 458 485

200 498 435 594 gius²²
462 495 953 582 Marcellinus,
987 520 1239 567 omnes
1269 519 1486 566 acres.
1524 495 1855 567 Metellus
1885 496 2241 567 calumnia
2254 494 2319 539 ²³

200 607 485 679 dicendi
552 622 839 704 tempus
888 606 1186 692 exemit,
1252 603 1637 700 adjuvante
1688 609 1929 704 Oppio
1946 607 2037 690 ²⁴,
2106 605 2323 675 etiam

200 718 492 789 hercule
549 716 875 788 familiari
912 714 1123 787 tuo²⁵
1145 744 1168 806 ;
1223 715 1319 787 de
1363 715 1571 809 cujus
1620 718 2022 787 constantia
2039 710 2132 801 ²⁶,
2185 717 2327 786 vir-

199 840 354 898 tute
382 845 522 898 tuae
540 829 919 898 verissimae
952 826 1190 900 literae.
1218 828 1500 897 Sextius
1530 824 1876 897 furere²⁷.
1895 826 2021 896 Ille
2038 822 2102 868 ²⁸
2123 839 2323 924 post-

199 962 317 1025 ea,
374 942 434 1008 si
492 939 779 1008 comitia
834 949 1041 1009 sua²9
1088 962 1238 1007 non
1281 936 1580 1022 fierent,
1616 935 1799 1009 Urbi
1834 937 2112 1006 minari.
2153 941 2326 1006 Pro-

196 1047 434 1144 posita
485 1047 879 1118 Marcellini
919 1047 1304 1132 sententia,
1357 1071 1580 1142 quam
1633 1045 1756 1138 ille
1797 1044 1889 1117 de
1927 1047 2194 1143 scripto
2229 1045 2329 1116 ita

195 1155 508 1243 dixerat,
531 1170 617 1226 ut
637 1171 861 1227 totam
890 1170 1211 1227 nostram
1236 1179 1524 1227 causam
1551 1178 1767 1242 areae,
1792 1152 2330 1242 incendiorum,

193 1265 499 1362 periculi
535 1268 712 1354 mei,
741 1267 1017 1361 judicio
1033 1262 1100 1312 3⁰
1135 1265 1739 1362 complecteretur
1760 1318 1780 1351 ,
1819 1289 2050 1362 eaque
2086 1266 2331 1335 omnia

194 1377 506 1445 comitiis
546 1372 1008 1448 anteferret³¹
1054 1403 1070 1446 :
1110 1375 1565 1474 proscripsit,
1597 1396 1672 1443 se
1718 1397 1849 1470 per
1888 1397 2145 1444 omnes
2179 1373 2334 1445 dies

193 1486 592 1558 comitiales
622 1484 715 1557 de
749 1486 922 1557 caelo
957 1501 1427 1559 servaturum.
1461 1483 1869 1557 Conciones
1898 1482 2330 1555 turbulentae

189 1591 502 1681 Metelli,
545 1594 934 1666 temerariae
979 1596 1227 1691 Appii,
1262 1591 1742 1668 furiosissimae
1776 1589 2118 1663 Publii32.
2162 1599 2330 1706 H²¹3⁰

187 1773 302 1822 idns
321 1776 377 1822 in
394 1787 566 1823 senatu
584 1788 787 1840 questus
808 1790 880 1827 est
902 1778 963 1827 de
986 1779 1061 1836 vi,
1082 1779 1220 1842 quod

184 1853 403 1902 Clodius
449 1855 650 1902 domum
699 1857 856 1920 ipsius
900 1867 1218 1921 occupasset3

181 1932 402 1980 Clodius
416 1932 520 1996 ipse
533 1933 668 1982 domi
680 1951 729 1982 se
742 1934 1002 1984 continuit.
1019 1938 1220 1984 Ponu-

262 2027 354 2059 22.
384 2011 631 2077 Egregius.
666 2012 979 2061 Marcellinus
1002 2030 1104 2060 cos.
1132 2013 1218 2060 de-

176 2090 419 2153 signatus
453 2107 504 2138 se
542 2091 699 2139 virum
734 2093 980 2156 egregium
1014 2091 1221 2156 praebuit

176 2168 435 2216 adversm
457 2169 711 2229 Clodium
735 2186 903 2218 omnes
924 2171 1066 2218 etiarn
1088 2185 1223 2218 sena-

176 2259 321 2296 tores
340 2264 483 2296 acres
500 2250 550 2296 in
573 2250 710 2297 illum
727 2251 938 2297 suerunt.
958 2252 1111 2298 lusu.

253 2328 354 2377 23.
391 2327 676 2379 calumnia.
710 2331 879 2393 Quum-
906 2331 1076 2376 astutia
1116 2339 1221 2377 ute-

174 2420 350 2468 retur,
379 2409 632 2473 multaque
662 2411 934 2458 malitiosus
966 2409 1185 2468 injiceret
1202 2443 1219 2470 ,

171 2500 233 2537 nt
260 2488 478 2536 dicendi
502 2500 691 2551 tempus
711 2491 944 2537 eximeret
958 2522 975 2545 ,
998 2504 1060 2535 ne
1080 2504 1219 2535 sena·

175 2568 559 2616 tusconsultum
610 2580 779 2616 contra
828 2567 1061 2619 Clodium
1111 2566 1219 2615 fieri

170 2659 371 2713 posset.
396 2649 625 2697 Mamur.

247 2737 335 2783 24.
372 2725 558 2791 Oppio.
598 2727 767 2775 Potius
792 2725 1035 2774 crederem
1058 2725 1220 2789 legen·

171 2806 329 2866 dnm,
370 2806 581 2871 Appio:
615 2807 701 2870 qui
727 2806 911 2853 eratin
939 2817 1139 2864 senatu,
1170 2816 1220 2854 et

167 2888 326 2935 frater
363 2885 572 2943 Clodii,
610 2895 667 2933 ut
699 2885 926 2948 adjuvare
960 2885 1131 2944 vellet;
1169 2895 1220 2934 et

166 2978 391 3030 pretor,
448 2977 517 3013 ut
563 2964 704 3012 facile
746 2976 927 3029 posset.
969 2966 1119 3013 lusu.
1148 2990 1219 3002 —

167 3047 383 3110 Oppius
394 3060 541 3093 anno
554 3043 806 3106 superiore
818 3056 1030 3108 qnaestor
1046 3044 1217 3094 suerat.

168 3127 314 3190 Pigh.
336 3126 406 3175 ad
426 3140 553 3173 ann.
574 3138 694 3183 701.
724 3124 816 3171 En.

240 3207 337 3255 25.
364 3202 645 3254 familiari
666 3214 767 3250 tuo.
787 3201 1100 3251 Hortensium
1128 3216 1216 3248 no·

169 3296 270 3345 tat,
297 3285 392 3350 qui
422 3283 580 3333 valde
616 3282 709 3330 suit
746 3280 990 3328 familiaris
1016 3280 1214 3339 Attico,

167 3375 225 3412 ut
252 3366 409 3413 refert
440 3360 712 3413 Cornelius
736 3361 904 3422 Nepos
929 3359 980 3406 in
1008 3357 1104 3405 vita
1132 3366 1220 3409 At-

167 3449 273 3496 tici.
310 3439 677 3494 Constantiam
696 3453 857 3489 autem
878 3440 1072 3502 scripsit
1089 3437 1219 3505 εἰρω-

163 3531 311 3582 νικῶς
328 3562 345 3585 ,
372 3539 543 3590 quum
573 3521 677 3582 ejus
694 3521 940 3571 levitatem
965 3530 1220 3581 argueret:

163 3607 401 3672 queritur
431 3604 577 3653 enim
604 3599 702 3648 alio
730 3600 842 3648 loco
869 3615 919 3646 se
950 3614 1133 3649 summa
1157 3596 1222 3643 si-

164 3686 452 3734 mulatione
493 3680 684 3730 amoris
731 3678 1094 3729 insidiosissime
1132 3687 1223 3729 traf

165 3777 360 3815 etatum
382 3764 550 3813 fuisse
578 3759 642 3807 ab
670 3758 775 3808 illo.
801 3760 998 3806 Bostus.

241 3848 332 3893 26.
378 3839 717 3892 Constantia,
754 3838 948 3888 virtute.
985 3836 1101 3887 Sine
1135 3850 1223 3882 co-

159 3924 312 3990 pula,
337 3923 564 3975 usitate,
585 3928 640 3964 nt
661 3916 741 3963 hic
767 3916 909 3979 epist.
933 3931 993 3978 9,
1019 3914 1105 3962 lib.
1125 3916 1227 3975 XI,

162 4016 213 4055 et
245 4004 314 4051 ad
343 4004 468 4050 Div.
503 3996 657 4063 epist.
691 4003 752 4051 24
789 4007 838 4043 et
866 3996 931 4042 28
963 3994 1050 4042 lib.
1085 3996 1226 4041 XIII.

162 4085 395 4143 Μμυτ.
438 4106 517 4118 --
568 4078 780 4121 Faernus
833 4090 1004 4123 vocem
1044 4072 1229 4122 vir-mee

1306 1780 1522 1827 mutabat
1540 1779 1592 1827 in
1608 1778 1709 1827 viri
1724 1790 1846 1834 teeae,
1868 1777 2156 1844 lugebatque
2179 1793 2331 1830 trans-

1306 1858 1402 1905 lata
1431 1858 1857 1924 interpunctione,
1888 1880 1915 1900 α
1934 1858 1996 1907 de
2032 1860 2172 1920 cujus
2207 1878 2330 1909 con·

1308 1940 1481 1985 stantia
1517 1940 1636 1997 viri,
1673 1949 1770 1986 tuae
1791 1939 2069 1987 'verissimae
2101 1938 2255 1988 litere
2279 1962 2325 1991 ι.

1310 2015 1633 2077 Pantagathus
1660 2026 1817 2063 autem
1846 2033 1938 2081 pro
1963 2016 2145 2065 virtute
2170 2019 2331 2066 corri-

1308 2094 1448 2156 gebat
1469 2105 1701 2153 metante,
1730 2106 1779 2142 et
1803 2096 1996 2144 Sextius
2021 2113 2202 2144 nomen
2226 2093 2334 2146 nin·

1308 2172 1440 2220 tabat
1454 2173 1504 2219 in
1519 2188 1688 2222 vocem
1692 2173 1872 2237 fratris
1888 2192 1907 2221 .·
1926 2185 2072 2239 atque
2089 2177 2154 2223 ita
2170 2187 2331 2225 totum

1307 2250 1472 2298 locum
1498 2251 1721 2315 legebat:
1751 2274 1776 2293 ιι
1795 2254 1869 2300 De
1895 2256 2033 2314 cujus
2056 2258 2330 2304 constantia

1308 2341 1513 2378 nutante
1543 2330 1803 2378 verissimas
1836 2331 1989 2380 literas
2023 2333 2198 2384 fratris.
2234 2339 2327 2383 Fu-

1307 2426 1413 2457 rere
1439 2409 1521 2457 ille
1548 2420 1714 2472 postea
1730 2432 1776 2459 a.
1809 2412 2048 2460 Una-uus.

1377 2503 1462 2548 27.
1480 2490 1675 2537 Furere.
1697 2489 1859 2536 Homo
1877 2489 2138 2539 iracundus
2149 2525 2165 2549 ,
2181 2510 2328 2556 quem

1306 2568 1449 2615 etiam
1478 2577 1618 2615 notat
1643 2568 1938 2617 morositatis
1961 2570 2084 2619 vitio
2108 2572 2160 2619 in
2181 2572 2326 2636 epist.

1305 2646 1517 2710 quadam
1550 2645 1614 2694 ad
1650 2646 1716 2708 Q.
1759 2648 1970 2696 fratrem.
2014 2652 2103 2706 Et,
2125 2650 2326 2715 fieret-e,

1304 2724 1441 2843 {fed
1470 2742 1498 2772 a
1535 2721 1739 2773 Metello
1773 2726 1902 2775 diem
1937 2728 2086 2776 eximi
2121 2729 2326 2780 videret.

1364 2810 1454 2844 aa.

1379 2883 1462 2929 28.
1485 2879 1594 2930 ΙΙΙο.
1618 2882 1673 2931 Ρ.
1696 2882 1915 2931 Clodius.
1940 2885 2092 2934 Inus.

1377 2976 1462 3022 ²9·
1490 2962 1607 3009 Sua.
1635 2961 1830 3024 Quibus
1853 2961 2129 3011 aedilitatem
2149 2966 2329 3029 petitu·

1305 3057 1389 3089 rus
1403 3051 1505 3089 erat
1517 3074 1532 3099 ,
1551 3056 1701 3104 quum
1715 3039 2000 3088 candidatus
2013 3054 2154 3091 esset.
2173 3045 2325 3095 Inna.

1378 3119 1458 3167 30.
1493 3118 1706 3167 Iudicio.
1737 3118 1889 3182 Quod
1915 3119 1977 3167 de
2013 3121 2061 3167 vi
2091 3121 2327 3173 Clodiam

1304 3197 1705 3249 constituendum
1727 3210 1868 3248 esset.
1892 3198 2050 3247 Cosa.

1379 3282 1462 3327 31.
1492 3278 1708 3327 Cominii:
1739 3277 2014 3344 anteferret.
2049 3283 2213 3343 Quum
2247 3284 2326 3333 di-

1306 3369 1436 3407 ceret
1447 3358 1688 3419 judicium
1710 3357 1770 3406 de
1797 3359 1847 3404 vi
1872 3359 2008 3422 prius
2029 3376 2132 3408 esse
2150 3361 2326 3410 iacIen-

1308 3438 1423 3486 dum
1435 3472 1450 3495 ‚
1472 3454 1619 3502 quam
1637 3438 1833 3486 comitia
1851 3437 2171 3489 haberentur:
2190 3442 2330 3505 qnod

1307 3527 1466 3571 tamen
1486 3518 1665 3571 factum
1688 3533 1788 3570 non
1808 3529 1880 3569 est
1900 3532 1914 3567 τ
1940 3520 2102 3583 itaque
2126 3522 2330 3571 Clodius

1303 3596 1548 3657 judicium
1562 3597 1758 3661 effugit,
1779 3598 1988 3653 comitiis
2003 3611 2193 3653 creatus
2212 3601 2330 3649 aedi-

1307 3677 1383 3729 lis.
1417 3680 1556 3733 Mus,
1583 3703 1651 3714 -—-
1676 3678 1981 3745 Proser-ipsit..
2019 3682 2125 3735 Hoc
2153 3681 2329 3729 intelli-

1309 3755 1521 3820 gentlum
1537 3754 1599 3802 de
1612 3757 1797 3816 Sestio,
1809 3756 1892 3810 vel
1899 3756 2103 3828 Milone.
2119 3761 2332 3824 Uterque

1310 3836 1441 3882 enim
1467 3835 1694 3897 tribunus
1724 3845 1840 3889 erat.
1879 3837 2067 3893 Manat.
2103 3839 2333 3904 intelligit

1313 3914 1374 3962 de
1405 3914 1599 3973 Sexti03
1626 3915 1675 3963 J.
1706 3916 1769 3962 V.
1804 3917 1857 3963 L.
1890 3914 2178 3977 deminum,
2199 3920 2334 3983 quod

1316 3994 1460 4042 malo.
1488 3996 1580 4044 En.
1625 4018 1631 4045 ι
2231 4018 2238 4027 ·

1391 4075 1473 4122 32.
1500 4073 1678 4124 Publii.
1706 4072 1888 4137 Clodii,
