3023 4773
769 344 1321 425 EPISTOLAE,
1383 345 1616 425 XVI,
1680 368 1787 413 12.
2226 346 2356 416 183

230 462 417 562 quod
436 462 698 534 domos
712 476 1019 547 nostraS,
1043 473 1117 534 et
1140 464 1441 561 patriam
1464 466 1692 562 ipsam
1711 465 1825 538 vel
1846 465 2353 566 diripiendam,

231 574 331 646 vel
365 572 953 644 inflammandam
989 573 1437 672 reliquimus.
1474 579 1560 645 In
1593 600 1762 646 eum
1789 575 2035 648 locum
2072 602 2189 650 res
2231 577 2357 650 de·

228 683 437 755 ducta
469 696 617 771 est,
642 697 759 770 ut,
801 685 935 754 nisi
972 685 1102 780 qui
1124 695 1144 727 ¹
1182 683 1396 771 deus,
1426 684 1541 754 vel
1573 709 1778 757 casus
1806 686 2063 784 aliquis
2096 688 2353 761 subve-

226 797 450 882 nerit,
491 795 665 867 salvi
691 819 844 866 esse
885 820 1349 892 nequeamus.
1390 795 1746 891 Equidem
1777 812 1860 867 ut
1895 800 2060 868 veni
2087 798 2177 871 ad
2215 805 2354 870 Ur·

226 902 428 992 bem,
475 928 630 975 non
675 902 916 976 destiti
956 908 1202 974 omnia
1238 920 1311 976 et
1354 907 1654 994 sentire,
1707 920 1782 977 et
1830 906 2103 993 dicere,
2145 923 2219 979 et
2259 908 2360 980 fa·

226 1038 381 1086 cere
415 1068 437 1101 ,
494 1038 656 1112 quae
705 1012 795 1085 ad
852 1014 1320 1087 concordiam
1377 1017 1821 1114 pertinerent
1872 1043 1888 1087 :
1946 1015 2073 1087 sed
2132 1018 2358 1087 mirus

225 1126 583 1196 invaserat
623 1123 825 1195 furor
857 1149 1010 1196 non
1042 1126 1279 1196 solum
1322 1125 1671 1223 improbis
1687 1135 1743 1214 ²,
1787 1125 1909 1198 sed
1953 1127 2167 1197 etiam
2205 1125 2314 1196 his
2337 1179 2357 1213 ,

225 1236 342 1331 qui
396 1233 583 1306 boni
616 1234 1027 1322 habentur,
1078 1250 1164 1306 ut
1215 1259 1538 1334 pugnare
1590 1250 1981 1335 cuperent,
2036 1260 2157 1307 me
2207 1237 2353 1308 cla-

226 1360 505 1432 mante,
547 1344 729 1416 nihil
765 1369 920 1418 esse
961 1343 1159 1417 bello
1196 1347 1386 1417 civili
1427 1350 1775 1420 miserius.
1829 1353 2088 1444 Itaque
2124 1371 2354 1444 quum

224 1460 457 1528 Caesar
500 1458 811 1528 amentia
847 1456 1161 1554 quadam
1197 1472 1594 1555 raperetur,
1624 1471 1698 1528 et
1731 1455 2002 1527 oblitus
2043 1458 2360 1529 nominis

223 1580 443 1665 atque
480 1565 849 1638 honorum
876 1590 1209 1654 suorum,
1232 1568 1667 1652 Ariminum,
1690 1569 2097 1652 Pisaurum,
2128 1571 2363 1638 Anco-

224 1701 421 1764 nam,
443 1680 807 1748 Arretium
829 1677 1344 1776 occupavisset,
1363 1675 1638 1749 Urbem
1652 1676 2110 1773 reliquimus:
2139 1701 2361 1773 quam

224 1789 614 1886 sapienter,
657 1802 783 1858 aut
830 1812 1050 1885 quam
1094 1786 1398 1876 fortiter,
1442 1785 1625 1860 nihil
1667 1790 1924 1859 attinet
1968 1786 2358 1885 disputare.

228 1900 398 1992 Quo
441 1897 742 1994 quidem
783 1902 861 1968 in
902 1924 1073 1970 casu
1108 1902 1366 1986 simus,
1407 1899 1630 1971 vides.
1665 1905 2027 1970 Feruntur
2057 1899 2360 1969 omnino

225 2008 683 2079 conditiones
717 2007 810 2080 ab
846 2008 1006 2096 illo,
1049 2023 1133 2079 ut
1176 2012 1561 2108 Pompeius
1598 2024 1713 2080 eat
1747 2011 1822 2079 in
1859 2009 2275 2104 Hispaniam
2299 2003 2362 2095 ³3

227 2117 710 2214 delectu5,qui
729 2134 897 2190 sunt
912 2117 1161 2206 habiti,
1178 2134 1252 2190 et
1270 2119 1598 2217 proesidia
1617 2132 1860 2189 nostra
1876 2116 2363 2202 dimittantur3

224 2251 295 2300 se
334 2228 769 2300 ulteriorem
814 2228 1121 2301 Galliam
1165 2231 1528 2315 Domitio,
1572 2231 1978 2300 citeriorem
2019 2225 2364 2297 Considio

224 2340 601 2410 Noniano⁴
625 2337 768 2434 (his
786 2339 980 2410 enim
1008 2337 1459 2435 obtigerunt)
1476 2337 1909 2410 traditurum
1931 2363 1950 2425 ;
1981 2335 2071 2408 ad
2096 2360 2359 2408 consu-

224 2449 414 2520 latus
446 2450 878 2547 petitionem
913 2473 989 2521 se
1006 2463 1430 2536 venturum3
1460 2472 1700 2545 neque
1730 2470 1805 2519 se
1832 2447 1983 2544 jam
2011 2445 2359 2537 velle,ab·

223 2573 429 2631 sente
466 2584 581 2648 se,
611 2562 967 2631 rationem
995 2559 1245 2630 haberi
1281 2561 1394 2630 sui
1414 2556 1442 2603 ⁵
1461 2585 1482 2648 ;
1520 2583 1595 2630 se
1633 2571 2060 2657 proesentem
2088 2560 2361 2628 trinum

223 2666 678 2742 nundinum⁶
692 2671 1111 2769 petiturum.
1140 2670 1568 2767 Accepimus
1587 2666 2067 2739 conditiones:
2091 2665 2218 2737 sed
2241 2668 2364 2753 ita,

296 2915 617 2968 1.Al.oodd.
645 2918 966 2982 cnisiqnisn.
988 2920 1123 2968 J.v.
1152 2920 1211 2971 1..

290 3014 347 3047 ς.
383 2996 638 3061 Improba}-
680 2997 761 3045 Sic
800 2996 935 3062 apud
971 2998 1251 3047 Medioeun

226 3078 478 3135 codicem,
505 3087 553 3124 et
592 3076 740 3124 alium
782 3078 897 3124 item
934 3077 1118 3125 bonum
1141 3095 1152 3125 :
1202 3088 1252 3125 et

226 3157 395 3221 paullo
412 3165 527 3221 post
551 3152 721 3203 eadem
746 3156 934 3203 ratione
962 3153 1055 3204 Itis.
1080 3156 1252 3204 Animae

224 3237 527 3285 navemn·
540 3236 757 3299 optimos
777 3234 971 3283 codices
990 3235 1059 3282 itn
1075 3234 1251 3299 loquu-

227 3328 304 3364 ω·
350 3332 473 3364 ωε.
516 3314 709 3364 citatur
749 3314 1077 3361 testimonium
1112 3312 1252 3360 Accii

225 3395 508 3458 texaga-o,
526 3409 556 3440 ι
573 3392 741 3441 Nonio
768 3391 1042 3440 Marcello
1027 3407 1080 3440 m
1098 3392 1254 3439 vasti-

228 3475 347 3536 εἰει,
373 3475 540 3535 anae
566 3470 814 3519 vastitudo
842 3470 978 3529 beo,
1012 3480 1097 3518 ant
1123 3470 1255 3518 unde

225 3555 409 3602 invasit
432 3552 583 3601 mihi.
574 3552 627 3593 ²·
649 3554 773 3599 Item
793 3551 1009 3600 Terentii
1020 3552 1256 3599 Varronis

226 3648 256 3680 e
280 3632 505 3680 Nlibro
530 3629 593 3677 de
619 3630 719 3677 vita
743 3629 915 3693 populi
941 3644 1066 3678 rom.
1091 3632 1254 3686 1413:

233 3712 425 3760 orma
444 3726 600 3775 porro
626 3709 806 3756 invasit
833 3708 1074 3773 cupiditas
1100 3707 1258 3756 bono-

229 3806 338 3838 ru-
374 3790 659 3854 plerisqoe‚
699 3797 760 3835 nt
787 3787 861 3833 vel
889 3787 1060 3835 ooelnm
1090 3803 1252 3844 mere,

232 3867 501 3917 (innodo
541 3868 848 3931 magistratus
888 3865 1257 3930 adipiscantur,

230 3958 520 4013 exoptent·-
544 3947 675 3995 Alii·
703 3946 850 3995 otiam
884 3946 938 3993 in
964 3946 1089 3994 locis
1123 3946 1257 4010 apud

233 4027 486 4083 maan,
528 4027 626 4074 nini
663 4027 893 4074 memoria
929 4042 1008 4073 me
1048 4024 1257 4089 decipit,

240 4114 424 4155 veteres
447 4106 713 4172 scriptores
735 4107 802 4154 ita
826 4104 1019 4170 loquuti
1049 4120 1152 4154 om
1184 4121 1260 4152 re-

1336 2912 1623 2980 petinam,
1664 2917 1716 2955 et
1756 2908 1834 2972 (nt
1872 2890 2104 2971 arbitror)
2142 2907 2362 2971 exempla

1336 2990 1518 3059 panim
1553 2995 1892 3043 occurrerent,
1926 2986 2020 3033 nisi
2060 2985 2225 3033 omnia
2255 3001 2366 3048 qun

1338 3080 1508 3119 contra
1526 3075 1678 3114 certas
1695 3062 1925 3128 quasdam
1944 3063 2159 3127 ipsorum
2180 3063 2367 3127 regulas

1338 3150 1576 3209 facerent,
1611 3161 1641 3192 ι
1667 3142 2019 3192 recentioribus
2041 3143 2364 3206 grammaticis

1338 3240 1517 3278 mere
1542 3225 1699 3274 delen
1724 3232 1901 3272 essent.
1924 3224 2078 3269 Vre-r.

1412 3309 1461 3355 3.
1480 3302 1788 3369 Hispaniam.
1806 3301 2025 3365 Pompeii
2043 3301 2362 3365 provinciam.

1340 3385 1489 3450 Quod
1508 3386 1679 3434 Cicero
1692 3417 1708 3442 ,
1728 3381 1914 3429 vitandi
1935 3380 2051 3428 belli
2074 3378 2231 3427 civilis
2252 3397 2365 3433 cau,-

1342 3481 1420 3526 ua,
1440 3465 1652 3513 censuit.
1677 3464 1833 3527 Epist.
1857 3463 1890 3509 6
1913 3461 2000 3509 lib.
2014 3462 2103 3508 Vl.
2125 3461 2280 3532 hun.

1413 3553 1464 3602 4.
1519 3542 1744 3593 considio
1784 3540 2034 3589 Noniano.
2081 3539 2158 3587 Ex
2202 3540 2365 3589 Nouia

1344 3635 1485 3688 geute
1508 3624 1564 3671 in
1588 3621 1871 3673 considium
1897 3618 2152 3682 adoptato.
2176 3621 2226 3666 1⁸
2246 3620 2365 3668 alibi

1346 3722 1372 3752 n
1396 3703 1635 3752 Cicerone
1653 3709 1909 3749 vocatur-
1924 3699 1991 3760 Q.
2013 3698 2274 3748 Considius
2291 3716 2366 3747 κ-

1347 3800 1479 3832 nex-
1489 3781 1590 3841 ,ad
1609 3782 1717 3829 Att.
1737 3781 1811 3839 11,
1844 3785 1929 3834 ²⁴·
1954 3778 2047 3827 En.

1416 3864 1465 3910 ⁵.
1498 3859 1750 3909 Benedict.
1772 3873 1802 3906 ο
1830 3840 1997 3906 multis
2032 3857 2178 3907 codd.
2205 3874 2362 3908 suam.

1343 3946 1392 3992 J.
1412 3942 1475 3989 V.
1501 3942 1556 3990 1..

1416 4022 1466 4069 6.
1502 4019 1696 4068 Tn'num
1714 4016 1997 4066 nundinum.
2024 4018 2108 4065 Al.
2130 4016 2368 4063 erinnnde·

1347 4116 1476 4148 num.
1500 4102 1622 4155 Iaex.
1648 4096 1712 4145 nd
1737 4098 1975 4163 populum
1999 4095 2222 4155 ferenda,
2252 4112 2368 4160 pm·
