3023 4773
525 427 1048 496 EPISTOLAE
1101 427 1240 493 AD
1289 427 1806 508 ATTICUM‚
1856 429 1989 512 IV,
2053 451 2157 521 ¹7·
2264 425 2393 500 531

268 563 483 621 tatur.
521 546 809 639 Quibus
859 548 916 617 si
966 571 1117 617 non
1162 546 1500 632 valuerit,
1543 561 1804 643 putant
1835 545 2006 620 fore
2048 546 2407 645 aliquem,

271 663 401 757 qui
439 660 728 731 comitia
762 661 840 727 in
878 655 1272 727 adventum
1305 660 1598 728 Caesaris
1639 657 2014 746 detrudat,
2047 663 2320 732 Catone
2341 670 2398 703 ¹¹

271 770 661 866 praesertim
715 766 1073 838 absoluto.
1129 765 1239 837 Ab
1292 767 1568 858 Quinto
1620 764 1878 852 fratre,
1928 783 2001 838 et
2052 793 2092 839 a
2136 773 2407 843 Caesare

274 882 518 975 accepi
554 903 614 947 a.
648 876 715 946 d.
758 903 829 946 ιιι
858 874 1143 946 kalend.
1173 874 1553 946 novembr.
1583 877 1858 964 literaS‚
1898 876 2226 958 confecta
2255 882 2407 950 Bri-

274 990 555 1076 tannia,
591 985 966 1059 obsidibus
1002 988 1346 1084 acceptis,
1381 985 1582 1071 nulla
1610 986 1884 1083 praeda,
1934 988 2280 1085 imperata
2311 1005 2409 1059 ta·

272 1124 440 1169 men
493 1098 836 1195 pecunia,
877 1095 1075 1166 datas
1129 1120 1170 1165 a
1225 1095 1563 1167 litoribus
1605 1099 2021 1181 Britanniae,
2070 1098 2404 1194 proximo

276 1235 338 1280 a.
375 1208 444 1278 d.
489 1233 554 1277 vt
590 1205 876 1277 kalend.
919 1202 1199 1276 octobr.
1234 1207 1645 1276 Exercitum
1682 1207 2045 1276 Britannia
2080 1220 2407 1304 reporta-

276 1319 474 1390 bant.
515 1321 601 1409 Q.
634 1316 853 1389 Pilius
877 1327 936 1359 ¹2
984 1330 1136 1386 erat
1161 1317 1306 1411 jam
1341 1314 1431 1385 ad
1457 1319 1802 1386 Caesarem
1842 1313 2237 1412 profectus
2267 1320 2374 1386 Tu
2400 1367 2420 1405 ‚

278 1432 334 1500 si
362 1442 487 1499 aut
518 1452 722 1498 amor
760 1428 834 1496 in
870 1440 943 1498 te
981 1439 1088 1496 est
1123 1427 1358 1496 nostri
1394 1449 1476 1495 ac
1515 1440 1846 1513 tuorum,
1885 1438 2013 1495 aut
2048 1425 2194 1495 ulla
2227 1430 2413 1496 veri-

281 1553 387 1609 tas
404 1536 490 1625 ¹³,
516 1551 642 1608 aut
668 1539 726 1606 si
745 1540 959 1606 etiam
982 1538 1167 1633 sapis
1185 1591 1203 1622 ,
1233 1559 1315 1606 ac
1343 1533 1488 1605 frui
1510 1536 1654 1608 tuis
1674 1533 2076 1605 commodis
2111 1537 2416 1632 cogitaS,

283 1647 664 1719 adventare
697 1661 770 1718 et
799 1670 1028 1744 prope
1069 1644 1313 1717 adesse
1342 1647 1489 1740 jam
1528 1643 1773 1715 debes.
1806 1648 1970 1715 Non
2000 1644 2417 1717 mehercule

280 1783 487 1855 aequo
544 1759 789 1827 animo
839 1770 911 1827 te
965 1780 1197 1827 careo.
1253 1761 1352 1825 Te
1397 1772 1642 1827 autem
1693 1755 1872 1851 quid
1932 1757 2233 1843 mirum,
2288 1759 2417 1853 qui

278 1871 712 1964 Dionysium
758 1881 1139 1965 tantopere
1185 1865 1635 1937 desiderem?
1686 1889 1907 1962 quem
1948 1865 2246 1962 quidem
2288 1865 2417 1936 abs

282 1994 389 2063 te,
423 2002 655 2073 quum
694 1976 846 2047 dies
882 1979 1266 2063 venerit¹⁴‚
1305 1991 1379 2046 et
1422 2000 1595 2073 ego,
1646 1990 1722 2046 et
1760 1976 2012 2047 Cicero
2057 1999 2262 2047 meus
2297 1973 2420 2046 fla-

282 2084 556 2183 gitabit.
589 2084 738 2155 Abs
777 2098 847 2156 te
884 2087 1246 2181 proximas
1276 2085 1516 2156 literas
1543 2082 1907 2155 habebam
1934 2086 2225 2184 Epheso
2249 2109 2310 2155 a.
2345 2085 2416 2156 d.

282 2219 327 2264 v
370 2195 466 2265 id.
506 2208 687 2266 sext.
728 2193 953 2265 datas.

280 2399 469 2465 padano
485 2431 502 2461 ,
550 2400 602 2447 in
646 2414 744 2465 qua
789 2398 1051 2462 Pompeius
1100 2397 1278 2447 Strabo
1294 2430 1309 2457 ,

286 2489 422 2542 pater
446 2477 641 2542 Magni,
672 2478 881 2526 coloniis
915 2480 994 2541 jus
1030 2477 1236 2524 civitatis
1262 2487 1312 2525 et

286 2557 504 2621 suffragii
521 2557 739 2604 dederat.
760 2558 955 2604 Portu.
969 2581 1040 2592 --
1052 2554 1180 2601 Mihi
1198 2555 1314 2601 scri-

288 2636 501 2683 bendum
520 2636 739 2695 videtur,
760 2635 980 2700 Pompeii
991 2633 1178 2699 gratia.
1197 2635 1313 2681 Mu·

292 2731 467 2763 urus.

363 2809 445 2843 ει.
487 2794 684 2843 Catone.
718 2794 883 2856 Quum
920 2794 1067 2850 Cato,
1102 2793 1189 2855 qni
1229 2790 1315 2838 tri-

289 2872 450 2920 bunus
480 2871 637 2936 plebis
670 2870 870 2919 biennio
896 2883 1010 2920 ante
1037 2871 1231 2918 comitia
1261 2871 1315 2917 in

290 2967 472 2998 annum
499 2960 779 3013 sequentem
809 2950 1076 2998 detruserat
1092 2984 1106 3009 ‚
1141 2948 1201 2996 sit
1227 2946 1329 2997 αἱ».

293 3029 502 3148 aflatus.
538 3028 621 3075 Ad
659 3029 725 3090 Q.
780 3031 858 3076 Fr.
896 3045 975 3092 ep.
1018 3028 1079 3085 5,
1113 3026 1199 3075 lib.
1245 3029 1312 3075 11.

356 3114 448 3146 nt.

367 3194 390 3225 ι
403 3193 448 3225 2.
473 3176 637 3225 Pilius.
658 3174 794 3223 Piliae
812 3176 1143 3239 propinquus,
1170 3193 1314 3240 quam

296 3257 487 3306 Atticus
505 3255 714 3304 habebat
730 3255 783 3302 in
804 3254 1131 3302 matrimonio.
1159 3257 1311 3303 Inzu.

370 3339 453 3385 13.
487 3335 696 3384 Veritas.
724 3335 793 3382 Ut
821 3343 1018 3397 praestes
1044 3332 1180 3397 quod
1199 3349 1315 3398 pro-

297 3416 478 3464 misisti.

1475 2407 1558 2455 η.
1600 2401 1764 2462 Quum
1789 2398 1896 2446 dies
1919 2400 2126 2448 vener-ie.
2157 2401 2262 2463 Qui
2290 2399 2426 2448 dies?

1398 2480 1482 2526 An
1515 2478 1742 2543 promissi
1775 2478 2042 2544 Dionysii?
2080 2479 2147 2527 ita
2181 2489 2236 2527 ut
2267 2479 2426 2526 homi·

1399 2572 1509 2602 nem
1536 2572 1699 2603 seeum
1726 2556 1903 2603 habere
1928 2557 2122 2606 Atticus
2147 2557 2209 2605 sd
2236 2568 2423 2606 eertum

1400 2646 1593 2698 tempus
1620 2635 1858 2693 voluerit,
1898 2647 2012 2700 post
2046 2638 2120 2686 Μ.
2153 2637 2316 2685 Tullio
2341 2653 2424 2684 ee·

1401 2713 1514 2761 dere
1533 2713 1555 2758 Ρ
1584 2712 1646 2760 Id
1675 2729 1765 2777 ego
1799 2707 1887 2761 vix
1913 2714 2095 2764 eredo:
2129 2732 2279 2780 quum
2305 2732 2428 2780 prae·

1400 2795 1565 2841 sertim
1613 2794 1837 2856 proxima
1885 2796 2132 2858 superiore
2188 2794 2417 2858 epistola,

1400 2888 1509 2937 quae
1523 2887 1626 2918 non
1643 2872 1797 2919 multo
1813 2882 1922 2919 ante
1936 2872 2117 2935 scripta
2134 2883 2206 2919 est
2218 2906 2234 2930 ,
2253 2872 2427 2921 Cicero

1400 2951 1619 2999 Atticum
1646 2960 1803 3013 roget,
1833 2961 1892 2997 ut
1919 2951 2213 3015 Dionysium
2239 2951 2424 3011 mittat,

1402 3030 1464 3077 de
1483 3040 1616 3077 cem
1640 3028 1718 3076 die
1742 3026 1864 3075 nihil
1883 3028 2030 3075 dicat.
2051 3028 2270 3076 Placet-et
2285 3063 2299 3088 ‚
2321 3030 2425 3090 Quo

1401 3108 1482 3157 die
1497 3107 1711 3156 veneris.
1745 3107 1815 3154 Ut
1837 3105 2066 3153 desiderii
2083 3107 2158 3153 vis
2173 3122 2230 3152 ae
2250 3107 2432 3170 magni-

1402 3187 1524 3235 tudo
1550 3186 1795 3234 indicetur
1829 3201 1998 3234 eornm
2015 3222 2032 3248 ‚
2049 3186 2152 3252 qui
2186 3201 2249 3232 ne
2275 3201 2426 3233 unum

1402 3265 1600 3330 quidem
1611 3301 1626 3325 ,
1641 3277 1726 3313 aut
1737 3264 1943 3314 alterum
1958 3264 2086 3312 diem
2102 3264 2429 3328 exspectaturi

1403 3356 1590 3404 essent,
1623 3344 1710 3393 sed
1736 3344 1906 3393 eodem
1939 3358 2040 3407 quo
2067 3343 2304 3403 venisset,
2335 3342 2426 3397 ho-

1404 3423 1583 3471 minem
1606 3422 1928 3488 efflagitamri.
1957 3424 2177 3473 Msmsr.

2108 4235 2220 4318 34.
