3023 4773
489 438 1001 508 EPISTOLAE
1048 441 1182 507 AD
1233 439 1721 525 ATTICUM‚
1777 443 1939 528 III,
1993 441 2104 512 23.
2214 442 2346 530 461

241 587 531 648 cumn-3
601 585 885 644 Quonvss
941 585 1051 646 131,
1112 586 1235 644 Qui
1298 585 1848 648 PnoMuLcAvrr,
1918 588 2360 652 Aunocnnr,

244 696 651 742 nssnokor
673 726 692 756 ‚
735 694 1170 758 oBROGAV1T‚
1205 695 1294 740 on
1333 696 1484 740 EAM
1519 695 1668 741 lum
1705 695 1972 760 mm,
2008 697 2359 745 mumffivn

243 806 382 868 sir,
416 808 479 851 E.
523 805 592 851 n.
636 805 699 850 L.
742 805 811 851 π.
852 805 922 850 n.

337 895 576 987 Atque
618 890 760 961 hoc
811 893 884 959 in
919 888 1135 959 illis¹⁷
1193 889 1504 962 tribunis
1556 888 1788 988 plebis
1827 916 1980 961 non
2024 892 2358 965 laedebat:

238 1000 393 1097 lege
417 1002 612 1070 enim
631 993 987 1095 collegoe¹⁸
1008 999 1121 1070 sui
1155 1024 1305 1070 non
1335 998 1789 1071 tenebantur.
1811 1002 1979 1090 Quo
2002 1003 2228 1097 major
2254 1016 2361 1073 est

239 1113 551 1207 suspicio
585 1109 867 1179 malitiae
901 1108 1239 1204 alicujus,
1279 1134 1504 1205 quum
1541 1108 1643 1196 id,
1670 1110 1872 1206 quod
1905 1110 1993 1181 ad
2022 1113 2215 1208 ipsos
2251 1113 2366 1182 ni-

241 1219 340 1289 hil
382 1218 830 1317 pertinebat,
892 1234 1043 1288 erat
1088 1233 1329 1289 autern
1374 1234 1625 1290 contra
1667 1244 1818 1306 me,
1880 1223 2358 1318 scripserunt:

240 1345 319 1401 ut
371 1332 543 1402 novi
584 1329 862 1401 tribuni
918 1328 1185 1427 plebis,
1241 1332 1299 1401 si
1348 1345 1585 1402 essent
1637 1330 2071 1418 timidiores»,
2133 1332 2364 1402 multo

238 1443 460 1537 magis
507 1440 643 1511 sibi
697 1466 785 1511 eo
830 1442 1061 1538 capite
1101 1439 1456 1511 utendum
1509 1454 1870 1538 putarent.
1922 1445 2176 1537 Neque
2216 1440 2290 1511 id
2324 1465 2369 1512 a

238 1551 490 1623 Clodio
538 1552 1096 1649 praetermissum
1142 1566 1269 1621 est.
1315 1551 1518 1619 Dixit
1561 1552 1752 1619 enim
1793 1553 1869 1618 in
1913 1553 2263 1620 concione
2299 1574 2361 1619 a.

238 1661 304 1730 d.
346 1679 440 1731 111·
463 1685 631 1730 non.
673 1684 838 1729 nov,
881 1659 1022 1730 hoc
1067 1661 1298 1756 capite
1353 1659 1738 1754 designatis
1776 1657 2083 1746 tribunis
2131 1659 2376 1757 plebis‘

236 1772 732 1867 praescriptum
776 1792 956 1857 esse,
992 1767 1167 1864 quid
1204 1769 1465 1840 liceret.
1503 1772 1812 1857 Tamen,
1847 1770 1923 1838 in
1967 1769 2122 1866 lege
2159 1769 2357 1840 nulla

236 1903 389 1950 esse
441 1877 797 1973 ejusmodi
851 1890 1178 1974 caput19,
1232 1893 1303 1949 te
1361 1883 1508 1947 non
1555 1877 1752 1950 fallit.
1809 1878 2022 1968 Quod
2071 1882 2130 1950 si
2175 1903 2362 1978 opus

236 2004 459 2074 esset,
498 2012 745 2058 omnes
778 1989 853 2056 in
890 1986 1308 2083 abrogando
1343 2002 1744 2059 uterentur.
1779 1994 1877 2060 Ut
1906 1992 2360 2077 Ninniumw,

236 2113 365 2168 aut
399 2112 674 2168 ceteros
717 2098 1009 2193 fugerit,
1041 2098 1490 2193 investiges²¹
1532 2099 1781 2184 velim3
1820 2113 1890 2169 et
1919 2101 2082 2195 quis
2109 2099 2361 2170 attule-

236 2208 371 2294 rit3
403 2221 512 2294 et,
554 2231 779 2303 quare
817 2221 982 2276 octo
1030 2204 1303 2276 tribuni
1346 2205 1577 2304 plebis
1616 2206 1707 2275 ad
1746 2221 2072 2277 senatum
2111 2208 2201 2279 de
2245 2234 2360 2279 me
2437 2235 2444 2240 ’

1342 2446 1529 2477 cavere.
1543 2429 1790 2492 Abrogata
1805 2430 1934 2477 enim
1953 2430 2076 2494 lege,
2090 2432 2361 2481 sanctiones

1343 2524 1444 2555 non
1472 2508 1806 2557 observantur.
1834 2511 1973 2558 Mau.

235 2429 331 2475 hoe
356 2440 456 2487 est,
496 2451 522 2471 α
550 2429 653 2489 ejus
685 2430 773 2477 bac
804 2429 911 2493 lege
939 2429 1145 2477 nihilum
1174 2445 1252 2476 ro-

236 2518 374 2569 gatur
404 2529 449 2556 ιο.
493 2507 619 2556 Vide
674 2509 972 2557 Brissonimn
1027 2508 1088 2556 de
1128 2512 1248 2555 For-

236 2584 395 2633 mulis.

310 2681 330 2711 ι
344 2682 389 2726 7.
412 2667 517 2713 Hoc
542 2666 593 2713 in
618 2666 727 2715 illis.
755 2669 815 2714 In
832 2667 1076 2716 veteribus
1099 2667 1250 2715 tribn-

236 2746 313 2791 nis
339 2744 494 2806 plebis
528 2745 665 2808 quod
700 2743 906 2794 Clodius
936 2746 989 2793 in
1026 2763 1110 2794 sua
1147 2746 1251 2810 lege

236 2833 463 2885 posuerat
478 2858 492 2882 ,
509 2834 564 2870 nt
582 2824 626 2869 ei
646 2840 786 2886 poena
810 2836 935 2872 esset
960 2826 1219 2873 constituta
1235 2860 1248 2881 ,

235 2905 320 2965 qni
363 2902 737 2965 promulgasset,
775 2902 1077 2967 abrogasset,
1114 2904 1252 2952 dero·

234 2991 420 3042 gasset3
460 2997 520 3028 eo
556 2980 754 3045 collegae
792 2983 944 3045 ipsius
976 2999 1079 3030 non
1117 2994 1251 3032 tene·

234 3060 414 3108 bantur
446 3075 460 3109 τ
500 3063 738 3130 siquidem
784 3063 966 3110 tribuni
1005 3063 1163 3126 plebis
1209 3066 1251 3111 ei

232 3156 379 3203 qnam
400 3141 508 3203 quis
524 3157 585 3188 ex
605 3141 812 3203 collegio
832 3157 922 3189 auo
942 3142 1095 3205 legem
1115 3141 1252 3190 tulia-

232 3230 333 3280 set,
355 3236 410 3266 ea
427 3220 532 3283 lege
547 3222 696 3269 soluti
712 3231 862 3268 erant.
881 3224 1076 3283 Itaque,
1102 3238 1252 3285 quum

234 3298 330 3344 hoc
366 3299 560 3346 tertium
597 3310 772 3364 caput,
806 3300 866 3346 de
905 3299 1101 3347 vitanda
1137 3301 1253 3363 legis

234 3378 422 3425 Clodiu:
447 3379 727 3438 sanctione,
755 3395 848 3442 qua
874 3379 971 3443 ipsi
994 3394 1094 3426 non
1122 3389 1253 3426 tene-

235 3458 436 3516 bantur,
460 3459 564 3504 sine
588 3475 727 3506 causa
754 3458 1037 3523 posuer-inu
1065 3474 1254 3516 vereor,

233 3536 397 3598 inquit
414 3570 431 3595 ,
452 3552 511 3584 ex
535 3549 649 3585 octo
669 3538 877 3586 tribunis
893 3537 1051 3601 plebis
1071 3553 1131 3583 ne
1145 3537 1254 3600 quis

234 3615 474 3663 malitiose
506 3617 695 3675 fecerit,
723 3628 778 3664 ut
810 3617 986 3664 deinde
1016 3615 1135 3663 novi
1164 3603 1250 3662 tri-

233 3694 354 3740 buni
383 3694 538 3757 plebis
568 3711 718 3759 quum
752 3699 1067 3760 rogationem.
1088 3694 1149 3742 de
1178 3712 1252 3742 me

232 3773 442 3832 ferrent,
479 3774 634 3823 multo
672 3776 822 3839 magia
864 3792 926 3823 eo
962 3775 1122 3840 capite
1160 3775 1254 3822 eibi

231 3852 472 3900 utendum
500 3865 752 3917 putarent,
777 3870 878 3918 qno
902 3869 1014 3902 usos
1034 3854 1253 3902 viderent

229 3948 319 3978 eoa
334 3966 350 3989 ‚
373 3930 458 3993 qui
486 3944 642 3980 tannen
671 3933 841 3981 Clodia
866 3934 971 3997 lege
994 3950 1097 3982 non
1120 3944 1252 3981 tene-

231 4020 417 4059 rentur.
444 4013 612 4075 Neque
636 4028 749 4059 vero
774 4014 1091 4060 necessarium
1119 4012 1251 4060 vide-

230 4088 403 4145 batur,
441 4107 591 4153 quum
621 4091 703 4143 lex
740 4092 1067 4153 abrogaretur,
1094 4091 1154 4138 ab
1192 4093 1250 4137 iia

229 4170 592 4231 sanctionibus,
617 4186 726 4233 qnae
758 4170 807 4217 in
845 4187 898 4218 ea
930 4171 1036 4233 lege
1065 4182 1248 4231 essent,

1417 2589 1495 2635 18.
1531 2588 1756 2651 Collegoe.
1783 2587 1930 2651 Vulg.
1958 2587 2195 2636 editiones
2214 2589 2358 2637 colle-

1333 2665 1411 2729 gii
1425 2700 1440 2725 ,
1465 2666 1621 2715 male:
1645 2683 1753 2713 nam
1777 2668 1977 2732 collegii
1998 2668 2103 2731 lege
2130 2668 2358 2716 teneban-

1340 2756 1418 2792 tur
1444 2746 1550 2793 sine
1585 2745 1737 2793 dnbio
1773 2745 1986 2805 tribuni,
2012 2758 2069 2794 ut
2104 2756 2232 2794 recte
2272 2747 2359 2795 ad·

1340 2836 1479 2873 notat
1503 2827 1552 2872 J.
1566 2828 1629 2872 V.
1655 2828 1710 2872 L.
1730 2827 1822 2874 En.

1416 2920 1493 2966 19.
1534 2903 1781 2968 Ejusmodi
1817 2914 1985 2967 capue.
2029 2904 2187 2950 Nemo
2228 2905 2357 2952 enim

1337 2983 1431 3031 sibi
1453 2982 1719 3031 cavendum
1745 2984 1936 3046 putavit
1959 2998 1986 3029 a
2015 2983 2266 3030 sanctione
2292 2983 2360 3030 le·

1338 3064 1410 3126 gis
1424 3099 1439 3124 ,
1462 3079 1605 3125 qnam
1625 3062 1898 3123 abrogaret.
1923 3060 2094 3122 Neque
2112 3076 2237 3125 opus
2254 3072 2355 3111 eet:

1340 3158 1448 3189 nam
1469 3142 1511 3189 si
1530 3150 1676 3198 esset,
1697 3155 1865 3187 omues
1884 3139 1936 3185 in
1954 3138 2230 3200 abroganda
2252 3138 2357 3203 lege

1339 3220 1574 3281 ejusmodi
1603 3220 1760 3283 capite
1785 3218 1879 3265 eibi
1906 3226 2147 3264 caverent.
2176 3217 2322 3265 Mu«.

1412 3317 1494 3349 ao.
1552 3300 1806 3348 Ninnium.
1857 3298 1959 3359 Qui
2001 3308 2052 3345 et
2093 3295 2356 3343 Mummius

1339 3380 1634 3444 appellatur:
1662 3378 1777 3425 alibi
1804 3389 1918 3441 post
1944 3377 2046 3425 red.
2064 3378 2114 3423 in
2134 3393 2234 3424 aen.
2267 3392 2358 3439 pro
2461 3422 2462 3431 ,

1341 3459 1508 3505 Sextio
1526 3493 1541 3516 ,
1567 3475 1658 3521 pro
1678 3460 1856 3506 D0m0.
1879 3458 2046 3513 Dioni,
2060 3457 2359 3515 xxxvm,

1342 3537 1520 3584 dicitur
1546 3539 1604 3583 L.
1638 3537 1849 3583 Ninnius
1871 3535 2162 3598 Quadratus.
2190 3536 2284 3582 En.

1414 3634 1496 3664 ax.
1539 3616 1810 3680 Investiges.
1859 3615 2096 3677 Investiga
2112 3648 2127 3672 ,
2172 3614 2357 3678 inquit,

1340 3697 1444 3756 ejus
1462 3696 1634 3759 capitis
1645 3694 1859 3742 addendi
1880 3695 1990 3756 quia
2007 3694 2150 3741 fuerit
2170 3705 2360 3752 auctor,

1340 3786 1388 3823 et
1404 3792 1553 3838 qnare
1566 3785 1681 3822 octo
1701 3772 1882 3820 tribuni
1897 3772 2054 3836 plebis
2067 3771 2130 3820 ad
2142 3784 2360 3820 senatum

1341 3853 1401 3901 de
1418 3870 1493 3901 me
1515 3854 1690 3900 referre
1707 3868 1812 3899 non
1836 3851 2126 3901 dubitarint.
2160 3852 2208 3899 Si
2230 3854 2361 3899 enim

1338 3933 1527 3981 idcirco
1552 3948 1654 3978 non
1681 3930 1991 3988 dubitarunt,
2024 3929 2160 3994 quod
2191 3930 2359 3978 obser-

1340 4012 1552 4059 vandum
1597 4010 1719 4057 illud
1762 4020 1908 4073 caput
1945 4026 2047 4057 non
2077 4011 2329 4073 -putabant
2347 4048 2362 4072 ,

1339 4108 1439 4155 quo
1454 4091 1662 4139 Clodius
1676 4101 1899 4137 sanxerat
1909 4123 1923 4145 ‚
1940 4107 2001 4136 ne
2016 4090 2075 4137 de
2089 4105 2166 4136 me
2180 4089 2365 4145 referri,

1338 4187 1460 4218 neve
1498 4169 1598 4217 dici
1633 4169 1798 4217 liceret
1827 4185 1841 4218 :
1886 4169 2031 4216 iidem
2068 4179 2234 4231 postea
2275 4177 2374 4213 tam
