3023 4773
739 443 814 512 T.
859 443 1382 513 PoMPoNu
1439 447 1808 517 ATTICI.
2136 432 2142 437 ’
2201 450 2337 520 225

221 566 506 637 illorum
553 566 988 662 temporum.
1043 568 1172 636 Sic.
1206 567 1400 636 enim
1451 571 1694 637 omnia
1729 569 1819 638 de
1852 569 2105 643 studiis
2140 576 2340 671 prin—

219 682 488 773 cipum,
537 677 725 745 vitiis
770 672 1071 762 ducum,
1117 677 1648 748 mutationibus
1700 679 2113 776 reipublicae
2172 708 2339 782 per·

213 788 474 884 scripta
519 800 727 872 sunt,
778 799 864 856 ut
906 786 1086 855 nihil
1135 787 1210 854 in
1249 784 1363 856 his
1401 811 1552 856 non
1590 805 1968 884 appareat3
2010 807 2084 862 et
2139 792 2340 866 facile

211 898 591 968 existimari
638 896 903 993 possit,
955 893 1414 993 prudentiam
1457 893 2000 992 quodammodo
2036 924 2188 971 esse
2230 901 2344 972 di-

210 1008 669 1077 vinationem.
708 1009 874 1076 Non
913 1009 1107 1075 enim
1142 1006 1391 1076 Cicero
1426 1030 1509 1076 ea
1547 1005 1785 1077 solum
1808 1062 1827 1095 ,
1869 1033 2031 1104 quoe
2067 1010 2228 1082 vivo
2263 1037 2339 1083 se

208 1116 663 1203 acciderunt,
690 1112 932 1185 futura
960 1114 1290 1212 praedixit
1309 1169 1328 1203 ,
1355 1114 1481 1185 sed
1514 1115 1762 1204 etiam,
1797 1140 1956 1212 quae
1978 1142 2174 1190 nunc
2205 1145 2338 1192 usu

206 1229 547 1313 veniunt,
579 1228 868 1309 cecinit,
908 1239 991 1296 ut
1033 1240 1248 1297 vates.

295 1342 523 1408 XVII.
570 1341 678 1408 De
717 1337 982 1434 pietate
1018 1348 1255 1407 autem
1292 1337 1508 1407 Attici
1562 1337 1741 1433 quid
1784 1339 1989 1435 plura
2024 1364 2335 1413 comme·

206 1447 525 1520 morem?
543 1470 775 1543 quum
801 1446 943 1517 hoc
963 1449 1198 1545 ipsum
1222 1471 1392 1517 vere
1427 1447 1856 1542 gloriantem
1893 1448 2243 1521 audierim
2262 1453 2333 1522 in

207 1557 458 1630 funere
483 1559 734 1627 matris
771 1581 948 1642 suae,
987 1581 1205 1653 quam
1240 1556 1495 1626 extulit
1526 1581 1886 1645 annorum
1920 1563 2338 1657 nonaginta,

208 1692 433 1764 quum
489 1680 678 1737 esset
719 1680 995 1762 septem
1035 1680 1108 1736 et
1150 1670 1546 1761 sexaginta,
1591 1691 1665 1737 se
1706 1692 2109 1764 numquam
2174 1695 2341 1742 cum

207 1793 428 1848 matre
456 1782 531 1846 in
559 1777 855 1873 gratiam
878 1773 1197 1862 rediisse,
1223 1788 1625 1871 numquam
1655 1799 1821 1845 cum
1850 1801 2097 1849 sorore
2121 1776 2341 1853 fuisse

204 1890 272 1958 in
294 1888 695 1973 simultate,
720 1910 939 1982 quam
969 1890 1198 1983 prope
1234 1885 1583 1982 aequalem
1617 1883 1952 1956 habebat.
1986 1887 2203 1978 Quod
2234 1903 2340 1960 est

204 2002 487 2094 signum
508 2050 530 2083 ,
566 2011 690 2065 aut
725 1995 1001 2066 nullam
1040 2017 1386 2091 umquam
1419 1996 1610 2065 inter
1645 2019 1770 2065 eos
1807 1999 2339 2091 querimoniam

203 2106 687 2178 intercessisse
708 2160 728 2192 ,
761 2118 887 2174 aut
921 2104 1122 2175 hunc
1156 2129 1238 2174 ea
1273 2102 1492 2174 fuisse
1536 2105 1614 2174 in
1651 2129 1821 2175 suos
1853 2105 2339 2203 indulgentia,

204 2232 312 2299 ut,
353 2241 547 2312 quos
580 2238 817 2285 amare
846 2211 1177 2297 deberet,
1220 2214 1425 2305 irasci
1458 2214 1560 2283 eis
1591 2211 1793 2284 nefas
1833 2212 2150 2289 duceret.
2189 2222 2338 2290 Ne-

204 2352 341 2424 que
381 2325 456 2397 id
500 2323 668 2396 fecit
703 2338 959 2395 natura
996 2323 1265 2411 solum,
1300 2348 1743 2421 quamquam
1795 2349 2048 2399 omnes
2098 2331 2164 2400 ei
2214 2355 2341 2429 pa·
2384 2320 2387 2323 ’

202 2460 479 2522 remus3
520 2433 646 2507 sed
683 2436 898 2505 etiam
933 2432 1295 2518 doctrina;
1332 2459 1513 2504 nam.
1539 2449 1609 2505 et
1648 2436 2062 2534 principum
2096 2440 2338 2538 philo-

206 2546 604 2645 sophorum
656 2546 751 2614 ita
809 2558 1150 2642 percepta
1204 2541 1458 2614 habuit
1501 2560 1903 2644 praecepta,
1962 2562 2045 2618 ut
2074 2551 2185 2621 ,iis
2244 2551 2334 2622 ad

205 2661 412 2728 vitam
459 2653 846 2752 agendam,
885 2680 1036 2725 non
1075 2652 1165 2725 ad
1205 2658 1799 2743 ostentationem,
1837 2671 2185 2730 uteretur.

292 2770 554 2838 XVIII.
594 2765 816 2833 Moris
840 2766 1055 2835 etiam
1084 2764 1446 2858 majorum
1475 2788 1803 2837 summus
1827 2769 2145 2840 imitator
2167 2768 2340 2859 fuit,

206 2879 792 2976 antiquitatisque
826 2890 1104 2948 amator
1134 2903 1150 2945 ε
1189 2899 1410 2972 quam
1456 2874 1638 2945 adeo
1666 2874 2050 2972 diligenter
2078 2879 2335 2950 habuit

207 2991 607 3088 cognitam,
644 3000 729 3057 ut
764 3011 919 3056 eam
959 2999 1184 3056 totam
1226 2988 1304 3055 in
1339 3009 1426 3055 eo
1472 2985 1841 3056 volumine
1887 2992 2338 3084 exposuerit,

205 3124 343 3195 quo
377 3098 837 3194 magistratus
872 3094 1247 3166 ordinavit.
1268 3095 1480 3167 Nulla
1510 3096 1704 3165 enim
1742 3094 1876 3180 lex,
1893 3120 2132 3192 neque
2163 3122 2331 3193 pax,

204 3235 435 3309 neque
471 3207 788 3288 bellum,
823 3231 1063 3304 neque
1107 3230 1222 3277 res
1259 3206 1552 3298 illustris
1586 3218 1694 3276 est
1726 3204 1981 3302 populi
2021 3210 2335 3294 romani,

201 3346 347 3417 quae
406 3346 562 3391 non
609 3320 686 3389 in
728 3343 850 3406 e0,
892 3342 1024 3388 suo
1068 3331 1440 3412 tempore,
1488 3319 1578 3386 sit
1622 3329 1916 3387 notata:
1957 3330 2065 3402 et,
2131 3317 2333 3413 quod

205 3432 698 3504 difficillimum
728 3427 863 3498 fuit
883 3482 902 3515 ,
935 3430 1036 3499 sic
1064 3425 1492 3497 familiarum
1530 3428 1883 3522 originem
1922 3425 2292 3497 subtexuit
2313 3482 2338 3517 ,

205 3560 273 3615 ut
311 3570 406 3616 ex
446 3567 538 3613 eo
584 3540 944 3611 clarorum
983 3541 1306 3607 virorum
1345 3537 1779 3633 propagines
1816 3536 2173 3632 possimus
2210 3560 2333 3608 co·-

205 3676 562 3747 gnoscere.
593 3652 800 3720 Fecit
830 3648 972 3719 hoc
1008 3646 1201 3717 idem
1238 3645 1623 3742 separatim
1661 3646 1735 3714 in
1773 3643 1925 3715 aliis
1961 3643 2163 3715 libris
2189 3700 2208 3733 ,
2250 3662 2335 3719 ut

199 3767 290 3834 M.
332 3763 535 3835 Bruti
577 3773 867 3856 rogatu,
908 3755 1582 3829 Juniam.familiam
1636 3780 1677 3824 a
1720 3757 1941 3851 stirpe
1999 3755 2090 3824 ad
2139 3756 2335 3829 hanc

200 3889 470 3946 aetatem
503 3870 760 3944 ordine
784 3870 1312 3941 enumeraverit
1329 3920 1348 3951 ,
1376 3879 1671 3951 notanS,
1687 3864 1845 3960 qui,
1870 3887 1909 3933 a
1930 3889 2080 3961 quo
2103 3879 2333 3955 ortus,

201 4009 380 4079 quos
415 3985 773 4067 honoreS,
808 3978 1228 4078 quibusque
1275 3973 1726 4073 temporibus
1769 3979 2077 4072 cepisset
2116 4004 2145 4048 :ff
2175 3979 2335 4074 pari

207 4092 451 4180 modo,
480 4090 800 4163 Marcelli
828 4087 1144 4178 Claudii,
1188 4085 1736 4171 Marcellorum;
1770 4087 2121 4184 Scipionis
2151 4090 2335 4157 Cor-

388 4222 479 4289 ῙῙ.
536 4235 631 4281 Cic.
656 4247 774 4296 pare
795 4239 972 4294 quarta.
2006 4234 2025 4278 Ι
2048 4205 2087 4276 5
