3023 4773
575 414 663 486 32
1110 476 1119 485 .
1220 414 1319 481 M.
1369 413 1448 479 T.
1501 411 2063 481 CICERONIS

1637 600 1728 620 m
2097 596 2480 620 mm*-
2485 598 2709 621 m„

567 602 1086 626 mmm
1091 601 1175 622 Μ

1204 777 1820 858 EPISTOLA
1876 778 2060 857 XX.

650 941 1042 1021 Asclaponem
1077 937 1368 998 medicum
1395 933 1779 995 commendat.
1810 934 2062 1015 (Romae,
2095 954 2250 994 anno
2275 939 2351 996 U.
2379 938 2442 996 C.
2469 941 2626 1011 707.)

1249 1116 1565 1183 CICERO
1609 1116 1919 1182 SERVIO
1963 1115 2028 1182 S.

667 1262 1088 1331 Aseniponn
1127 1256 1478 1340 Patrensi,
1525 1254 1810 1326 medico
1838 1263 1889 1342 ¹,
1934 1268 2107 1327 utor
2151 1251 2359 1324 valde
2400 1249 2707 1324 familia-

567 1373 769 1455 riter,
825 1365 1129 1462 ejusque
1173 1388 1400 1461 quum
1446 1362 1899 1435 consuetudo
1946 1363 2125 1434 mihi
2165 1362 2488 1459 jucunda
2529 1360 2711 1453 fuit,

573 1493 730 1549 tum
791 1499 907 1546 ars
969 1477 1222 1563 etiam,
1280 1498 1501 1571 quam
1569 1498 1732 1544 sum
1795 1487 2136 1572 expertus
2183 1474 2261 1543 in
2307 1472 2711 1546 valitudine

570 1594 973 1657 meorum².
1008 1586 1097 1653 In
1123 1607 1267 1681 qua
1294 1582 1473 1653 mihi
1500 1608 1732 1681 quum
1766 1587 1921 1682 ipsa
1947 1583 2275 1670 scientia,
2303 1596 2459 1654 tum
2488 1588 2712 1654 etiam

571 1693 917 1766 fidelitate
957 1692 1597 1790 benivolentiaque
1647 1690 2007 1764 satisfecit.
2055 1697 2265 1765 Hunc
2313 1695 2534 1791 igitur
2570 1693 2712 1766 tibi

572 1802 1049 1892 commendo,
1086 1816 1161 1874 et
1197 1829 1238 1875 a
1282 1817 1353 1874 te
1397 1818 1600 1901 pete,
1644 1801 1771 1876 des
1814 1828 2104 1902 operam
2131 1858 2150 1890 ‚
2193 1817 2276 1875 ut
2313 1802 2711 1902 intelligat,

569 1916 951 2013 diligenter
994 1939 1110 1985 me
1146 1915 1509 2012 scripsisse
1547 1913 1637 1986 de
1677 1938 1870 2003 sese,
1911 1939 2293 2012 meamque
2331 1939 2711 1987 commen-

567 2026 935 2098 dationem
981 2028 1145 2096 usui
1189 2048 1451 2123 magno
1495 2023 1633 2095 sibi
1671 2020 1912 2096 fuisse.
1961 2024 2112 2097 Erit
2155 2022 2231 2095 id
2272 2024 2451 2095 mihi
2484 2024 2712 2097 vehe-

572 2152 854 2235 menter
897 2150 1203 2234 gratum.

646 2344 690 2379 1.
712 2327 921 2376 Medico.
940 2324 1238 2374 Medicinam
1258 2326 1430 2373 Roma
1456 2324 1594 2390 inge·
1751 2339 1805 2374 ο.
1830 2327 2073 2375 Hennam.
2096 2324 2321 2384 Tironis,
2348 2341 2493 2391 quem
2510 2341 2571 2373 ex
2589 2324 2718 2374 Cili-

567 2411 656 2460 nui
688 2408 937 2469 homines,
979 2416 1036 2453 ut
1078 2416 1231 2454 artem
1271 2404 1557 2453 illiberalem
1577 2438 1594 2465 ,
1679 2403 1756 2452 cia
1795 2404 2033 2454 decedens
2060 2422 2239 2469 aegmm
2278 2405 2433 2454 Patrio
2469 2405 2672 2471 requnit
2694 2441 2714 2468 ,

570 2505 674 2537 non
697 2486 940 2535 colebant.
966 2486 1118 2534 Mu«.
1680 2484 1827 2549 epist.
1850 2499 1894 2545 1,
1921 2486 1982 2544 6,
2001 2500 2034 2548 9
2056 2484 2141 2533 lib.
2163 2485 2305 2536 XVI.

532 2683 833 2716 *m
2212 2682 2715 2704 mmm

1199 2842 1780 2923 EPISTOLA
1834 2845 2068 2924 XXI.

567 3021 653 3076 M.
680 3012 899 3076 AEmilii
927 3031 1051 3071 rem
1097 3011 1470 3084 familiarem,
1520 3024 1578 3070 et
1613 3012 1672 3069 in
1709 3014 1913 3092 primis
1951 3011 2227 3073 libertum
2266 3013 2389 3092 ejus
2430 3018 2717 3075 Hammo·

924 3110 1085 3168 nium
1110 3106 1496 3169 commendat.
1537 3110 1792 3186 (Romae,
1834 3131 1985 3169 anno
2015 3115 2088 3173 U.
2112 3113 2179 3171 C.
2205 3111 2341 3190 70⁴7)

962 3280 1057 3345 M.
1082 3279 1163 3344 T.
1198 3281 1269 3345 C.
1304 3279 1544 3345 SERV.
1576 3279 1970 3372 SULPICIO
2013 3282 2078 3347 S.
2114 3282 2187 3346 P.
2223 3282 2304 3346 D.

670 3425 768 3491 M.
806 3403 1138 3489 AEmn'ms
1190 3421 1509 3488 Awms
1563 3415 1655 3488 ab
1716 3419 2012 3490 ineunte
2060 3417 2540 3491 adolescentia
2581 3444 2711 3494 me

569 3530 973 3604 observavit
992 3583 1012 3614 ‚
1044 3550 1474 3628 semperque
1505 3525 1792 3616 dilexit,
1829 3531 1940 3598 vir
1971 3552 2202 3625 quum
2229 3527 2504 3618 bonus,
2541 3543 2711 3602 tum

567 3638 1092 3742 perhumanuS,
1139 3652 1214 3710 et
1262 3641 1340 3709 in
1393 3638 1592 3708 omni
1632 3662 1896 3735 genere
1950 3636 2170 3710 officii
2209 3637 2613 3747 diligendus
2652 3651 2708 3712 ¹.

643 3841 689 3874 ι.
726 3825 789 3871 In
826 3820 963 3871 omni
996 3837 1176 3886 genere
1206 3821 1361 3892 ffeu‘i
1382 3820 1587 3888 diligute-
1668 3823 1871 3889 gendo,
1897 3822 2015 3873 sen-i
2033 3835 2213 3889 potest,
2231 3834 2281 3873 et
2298 3841 2359 3873 eo
2376 3824 2545 3889 magis,
2556 3825 2709 3888 quod

566 3905 673 3953 dm.
714 3904 831 3953 Non
872 3901 1088 3950 delector
1123 3904 1418 3964 mutatione,
1458 3904 1588 3951 facio
1674 3918 1844 3950 omnes
1875 3902 1991 3951 libri
2023 3912 2208 3952 vetere·
2234 3904 2576 3952 consentiunt:
2613 3918 2707 3954 ve-

567 3995 727 4031 tamen
753 3981 983 4044 libenter,
1022 3992 1077 4030 ut
1115 3982 1169 4030 in
1201 3982 1322 4032 locis
1358 3982 1588 4032 mendum
1675 3991 1945 4031 mmtamen
1963 4015 1980 4042 ,
2009 3983 2121 4047 quie
2142 3983 2347 4048 diligens
2363 3993 2413 4032 et
2427 3982 2709 4049 diligendus

565 4060 898 4110 redolentibus
990 4059 1221 4110 testificer
1301 4064 1587 4112 sententiam
1675 4077 1778 4109 non
1809 4060 2075 4110 admodum
2112 4062 2301 4111 ‹livet-u
2335 4074 2483 4112 eunt:
2523 4064 2706 4127 scripsi

561 4157 737 4191 meam.
778 4143 841 4189 In
885 4140 1021 4190 οηυιί
1059 4157 1240 4208 genere
1281 4138 1439 4210 officii
1477 4141 1588 4192 diei·
1676 4141 1795 4191 olim
1814 4176 1831 4202 ,
1870 4141 1994 4192 nihil
2032 4153 2191 4192 umen
2223 4140 2500 4204 affirmans,
2542 4142 2702 4206 magis
