3023 4773
773 411 907 487 562

1418 418 1516 485 M.
1560 419 1640 485 T.
1693 420 2249 490 CICERONIS

762 541 1338 637 quingentesimo
1376 552 1540 635 post
1581 563 1895 637 pugnam
1941 541 2342 612 Bovillam¹.
2379 546 2792 641 Navigavimus

760 655 913 722 sine
936 649 1194 720 timore
1225 662 1299 719 et
1314 650 1465 720 sine
1487 673 1793 735 nausea;
1820 648 1947 721 sed
1967 651 2271 738 tardius,
2302 666 2580 750 propter
2600 652 2790 751 aphra·

764 775 1047 831 ctorum
1079 756 1531 830 Rhodiorum
1564 757 2148 832 imbecillitatem.
2179 764 2287 833 De
2325 761 2646 833 concursu
2664 764 2794 861 lega-

763 871 1081 955 tionum,
1137 868 1626 965 privatorum,
1680 883 1755 940 et
1805 869 1894 941 de
1935 871 2340 942 incredibili
2382 871 2794 958 multitudine,

762 1003 925 1076 quae
950 978 1126 1049 mihi
1159 978 1307 1074 jam
1336 980 1564 1066 Sami,
1600 978 1726 1050 sed
1762 979 2155 1051 mirabilem
2184 982 2260 1051 in
2296 980 2577 1051 modum
2601 979 2795 1078 Ephesi

752 1104 1011 1188 praesto
1065 1086 1235 1174 fuit,
1299 1101 1424 1158 aut
1480 1088 1764 1161 audisse
1808 1104 1881 1162 te
1920 1105 2129 1188 puto,
2184 1106 2308 1162 aut
2358 1090 2569 1188 quid²
2613 1089 2686 1160 ad
2715 1114 2794 1160 me

756 1200 1067 1271 attinet?
1122 1201 1663 1269 Verumtamen.
1738 1199 2223 1289 Decumani³‚
2285 1226 2366 1273 ac
2419 1203 2477 1272 si
2527 1203 2796 1272 venissem

754 1333 917 1381 cum
973 1308 1323 1403 imperi03
1360 1309 1630 1396 Graeci,
1673 1310 1879 1407 quasi
1926 1311 2242 1408 Ephesio
2293 1314 2570 1410 praetori
2609 1334 2671 1381 se
2700 1309 2795 1379 ala-

754 1442 911 1490 cres
974 1416 1423 1488 obtulerunt.
1493 1422 1599 1488 Ex
1659 1443 1809 1517 quo
1868 1435 1940 1491 te
1999 1421 2398 1520 intelligere
2444 1436 2624 1493 certo
2671 1420 2799 1500 scin,

753 1527 1148 1598 multorum
1186 1550 1546 1598 annorum
1587 1534 2142 1602 ostentationes-‚⁴
2178 1556 2373 1603 meas
2406 1531 2590 1602 nunc
2621 1533 2681 1600 in
2703 1526 2796 1598 dis·

753 1640 1026 1708 crimen
1057 1661 1211 1709 esse
1244 1636 1606 1708 adductaS.
1641 1637 1816 1727 Sed,
1846 1653 1929 1710 ut
1963 1662 2215 1736 spem,
2249 1655 2538 1712 utemur
2556 1664 2627 1710 ea
2650 1635 2801 1735 palae-

749 1761 926 1834 stra,
953 1770 1171 1844 quam
1199 1771 1241 1817 a
1270 1760 1343 1818 te
1371 1747 1796 1835 didicimus3
1827 1749 2322 1847 omnibusque
2347 1747 2803 1830 satisfaciemus;

744 1872 817 1927 et
844 1882 934 1928 eo
971 1855 1286 1942 facilius»,
1325 1854 1530 1952 quod
1560 1858 1632 1926 in
1661 1871 1906 1929 nostra
1942 1860 2315 1956 provincia
2345 1858 2662 1931 confectae
2683 1867 2802 1925 sunt

749 1963 1182 2066 pactiones⁵.
1237 1965 1379 2037 Sed
1423 1966 1821 2057 hactenus,
1874 1971 2262 2066 praesertim
2305 1995 2531 2068 quum
2572 1964 2807 2039 coenanti

827 2179 847 2209 1
857 2143 886 2209 ,Ι
890 2165 1009 2209 Post
1020 2174 1237 2225 pugnam
1251 2157 1509 2208 Bovi11am.
1529 2161 1649 2208 Post
1660 2159 1774 2209 Clo-

749 2242 817 2292 dii
845 2240 1030 2290 cadem
1062 2240 1186 2288 ultra
1215 2238 1444 2286 Bovillas.
1480 2240 1776 2287 Interfectns

747 2334 822 2372 est
859 2321 1093 2378 Clodius,
1118 2331 1174 2367 ut
1208 2319 1353 2367 refert
1380 2317 1656 2376 Asconius,
1675 2333 1773 2366 xm

746 2403 843 2451 kal.
871 2402 1079 2448 februar.
1104 2400 1200 2447 Cn.
1226 2400 1460 2461 Pompeio
1485 2414 1549 2445 xxx
1574 2397 1775 2445 consule

745 2484 849 2530 sine
894 2479 1099 2541 collega.
1144 2482 1262 2527 Hac
1311 2476 1558 2525 scribebat
1600 2476 1773 2524 Cicero

745 2576 876 2611 anno
898 2559 1118 2623 proxime
1136 2558 1387 2619 sequenti,
1404 2558 1508 2605 Ser.
1524 2554 1738 2620 sulpitio
1751 2590 1768 2615 ,

744 2642 816 2688 M.
836 2635 1072 2687 Marcello
1093 2651 1222 2683 coss.
1241 2635 1323 2683 Ab
1337 2651 1397 2683 eo
1410 2652 1527 2683 vero
1547 2634 1649 2693 die,
1668 2650 1771 2697 qno

744 2734 894 2767 causus
936 2726 1007 2763 est
1054 2714 1281 2771 Clodius,
1325 2730 1479 2777 usque
1524 2713 1587 2771 ad
1625 2729 1766 2773 eum,

741 2814 843 2863 quo
878 2797 1053 2847 Cicero
1086 2794 1220 2841 venit
1256 2793 1527 2858 Ephesum,
1561 2794 1647 2856 qui
1675 2794 1767 2840 fuit

740 2895 797 2925 xx
828 2874 926 2923 kal.
973 2884 1101 2923 sext.
1141 2872 1243 2921 dies
1280 2883 1396 2922 sunt
1425 2872 1682 2937 quingenti
1718 2884 1769 2922 et

743 2956 991 3017 sexaginta
1010 2968 1024 3001 :
1046 2969 1190 3016 quam
1212 2968 1447 2999 summam
1466 2952 1704 3015 reperies,
1724 2951 1768 2998 si

740 3035 845 3081 duo
865 3044 914 3080 et
933 3032 1107 3095 viginti
1130 3031 1231 3078 dies
1248 3064 1265 3090 ,
1287 3030 1373 3094 qui
1392 3046 1451 3078 eo
1470 3029 1671 3078 biennio
1690 3030 1769 3077 in-

743 3113 962 3162 tercalati
981 3114 1178 3159 fuerunt
1194 3146 1209 3172 ,
1229 3111 1402 3158 ceteris
1420 3109 1592 3157 diebus
1608 3125 1766 3156 annn-

742 3210 928 3250 meres,
957 3203 1007 3240 et
1040 3207 1103 3238 ex
1128 3188 1384 3237 Macrobio
1414 3198 1462 3233 et
1494 3186 1766 3236 Censorino

743 3286 923 3321 statuas
951 3283 1054 3318 tum
1075 3284 1259 3316 menses
1275 3267 1372 3314 hoc
1390 3265 1580 3314 dierum
1598 3283 1766 3314 nume-

747 3369 803 3398 ro
843 3347 1150 3405 constitisse,
1196 3344 1471 3408 januarium
1503 3361 1665 3406 xxxx,
1699 3346 1769 3393 fe-

742 3430 992 3478 bruarium
1011 3441 1183 3473 xxvrxx
1196 3458 1211 3483 ,
1228 3423 1454 3472 martium
1473 3440 1624 3483 xxxx,
1644 3425 1771 3489 epri-

747 3509 841 3557 lem
864 3524 991 3557 xxxx
1007 3539 1023 3565 ,
1042 3504 1219 3552 maium
1242 3518 1362 3551 xxxx
1378 3503 1599 3564 ,junium
1618 3519 1769 3564 xxxx,

745 3588 1000 3652 quintilem
1038 3598 1160 3632 xxxx
1182 3617 1199 3643 ,
1239 3581 1459 3630 sextilem
1495 3598 1621 3631 xxxx
1640 3617 1658 3642 ,
1695 3600 1767 3631 se·

748 3666 1015 3731 ptembrem
1039 3678 1186 3711 xxvxx
1201 3697 1216 3721 ,
1235 3661 1487 3710 octobrem
1506 3678 1656 3722 xxxx,
1679 3679 1769 3710 no-

752 3745 992 3793 vembrem
1021 3759 1175 3802 xxxx,
1203 3753 1254 3791 et
1280 3742 1582 3790 decembrem
1628 3758 1769 3790 xxxx.

746 3828 919 3872 Annus
950 3823 1079 3870 enim
1097 3855 1114 3882 ,
1150 3831 1406 3886 antequam
1436 3822 1596 3870 Cesar
1620 3822 1767 3869 fastos

743 3901 1047 3958 emendaret,
1078 3912 1179 3949 erat
1212 3911 1401 3948 tantum
1441 3910 1765 3949 trecentorum

738 3992 787 4028 et
810 3979 1163 4043 qninquaginta
1183 3981 1400 4043 quinque
1424 3978 1629 4028 dierum.
1650 3981 1765 4033 Bos,

738 4087 806 4096 —
824 4060 875 4106 J.
891 4057 956 4104 V.
980 4058 1031 4104 L.
1057 4057 1107 4104 in
1130 4059 1265 4105 notis
1288 4073 1435 4106 vanas
1455 4058 1765 4124 supputatio·

731 4155 817 4187 nes
852 4134 1178 4201 quorumdam
1214 4146 1422 4185 enarrat.
1460 4138 1674 4202 Propius
1698 4137 1761 4185 nd

1861 2160 2146 2209 Ciceronem
2165 2161 2371 2210 accessit
2390 2159 2658 2218 Pontedera,
2669 2156 2737 2219 qui
2749 2154 2811 2201 ΔΙ·

1861 2239 2023 2303 tiqnit.
2061 2240 2145 2288 ist.
2173 2255 2535 2304 graecernmqne
2567 2232 2811 2286 Emmtiou.

1860 2336 1915 2384 p.
1932 2321 2053 2378 321,
2072 2321 2274 2381 conjicit
2293 2322 2398 2369 dies
2419 2321 2565 2368 DLv.
2587 2317 2668 2365 En.

1932 2416 1981 2450 a.
2005 2400 2332 2449 Scribendum
2358 2400 2564 2456 videtur,
2580 2394 2687 2462 qnid
2698 2392 2755 2442 ad
2768 2402 2812 2438 ee·

1861 2483 1894 2530 J
1901 2515 1916 2529 .
1943 2481 2007 2527 V.
2031 2481 2088 2528 L.

1932 2560 1980 2608 3.
1999 2558 2128 2608 Edd.
2145 2575 2223 2622 pr.
2243 2581 2269 2601 «ι
2285 2557 2582 2609 Decumanis
2597 2552 2817 2603 venisseno.

1858 2638 1944 2688 Al.
1980 2639 2141 2688 «Deo.
2174 2639 2216 2686 si
2250 2642 2550 2688 venissem».
2580 2629 2809 2684 Adduxit-

1856 2733 1972 2765 vero
2005 2734 2098 2780 ac,
2126 2718 2262 2781 quod
2287 2735 2383 2782 pro
2416 2729 2549 2768 certo
2567 2717 2657 2777 jem
2677 2705 2812 2771 ηοφῖῑ

1855 2797 2091 2845 Gravius.
2120 2799 2170 2846 J.
2197 2799 2264 2847 V.
2301 2800 2358 2847 L.
2385 2825 2457 2835 —
2480 2790 2812 2844 Daemonium

1853 2875 2104 2939 publicani
2139 2877 2227 2939 qni
2265 2876 2494 2926 decumus
2525 2877 2576 2923 in
2603 2872 2702 2921 Asin
2728 2879 2812 2916 αΙ·

1855 2954 2109 3005 duxerunt.
2138 2958 2256 3006 Scn.

1926 3042 1978 3090 k.
2012 3035 2387 3085 Ostentationes.
2409 3037 2592 3082 Horum
2617 3028 2814 3078 verbofflfl

1854 3114 2090 3162 sententia
2107 3115 2212 3162 haec
2234 3126 2338 3163 est:
2359 3117 2421 3163 Et
2445 3119 2690 3162 ostentam
2704 3121 2744 3152 se
2759 3100 2815 3150 Ci-

1854 3208 1968 3240 cero
1996 3208 2184 3257 semper
2215 3194 2561 3241 amicissimum
2594 3185 2733 3237 ord?¹²1
2752 3195 2816 3245 1²⁰·

1853 3270 2194 3331 blicanorum,
2233 3283 2282 3320 et
2314 3290 2509 3336 semper
2546 3271 2651 3319 item
2686 3261 2816 3311 ⁸⁶⁰4ss

1853 3350 2127 3398 instituerat
2169 3352 2547 3416 provincialium
2586 3338 2819 3396 commodi·-

1856 3429 2001 3476 Nnnc
2029 3445 2180 3493 quum
2206 3430 2335 3478 inter
2361 3431 2650 3478 decumanos
2672 3433 2711 3470 et
2731 3432 2818 3484 ΡΝ·

1855 3507 2085 3555 vinciales
2112 3508 2234 3555 male
2262 3509 2580 3565 conveniret,
2606 3498 2821 3571 pericnlum

1853 3596 1984 3645 erat,
2006 3586 2246 3652 quidquid
2269 3587 2400 3635 inter
2420 3604 2506 3636 eos
2527 3575 2824 3634 decrevissetiu

1854 3667 2108 3730 provincis
2131 3683 2242 3725 sua,
2271 3683 2332 3715 ne
2359 3667 2415 3714 in
2441 3667 2689 3714 alterorum
2705 3655 2823 3706 offe*

1856 3746 2041 3792 sionem
2070 3746 2350 3794 incurreret.
2382 3748 2476 3795 Ait
2501 3746 2658 3810 igitur,
2682 3756 2725 3788 se
2744 3749 2827 3784 m·

1853 3839 1962 3871 rum
2002 3840 2057 3871 ea
2100 3824 2322 3888 palestra
2343 3860 2363 3885 ,
2414 3842 2560 3890 quam
2605 3822 2661 3870 ab
2700 3815 2824 3866 Atfioe

1854 3901 2110 3953 didicerat.
2133 3905 2471 3954 mosny-r.
2486 3906 2616 3953 Lect-
2633 3898 2753 3956 XIV,
2772 3909 2826 3940 ¹¹·

1924 3981 1976 4030 5.
2017 3981 2284 4031 Paceiones.
2316 3986 2458 4031 Inter
2484 3982 2770 4048 publicanos.
2793 3981 2826 4015 θ’

1849 4061 2174 4123 provinciales
2202 4060 2263 4110 de
2274 4062 2629 4111 exactionibus.
2654 4060 2735 4120 Ep.
2752 4064 2825 4111 seq-

1851 4139 2010 4187 Coun.
