3023 4773
619 385 1159 455 EPISTOLAE
1210 387 1347 453 AD
1398 384 1897 469 ATTICUM‚
1947 385 2067 467 11,
2130 408 2188 452 1.
2321 382 2450 453 361

342 506 573 603 perit?
624 506 921 576 Censuit
971 504 1113 575 hoc
1163 508 1343 577 Cato
1382 533 1398 575 ε
1448 507 1747 578 assensit
1804 519 2111 576 senatus.
2169 494 2466 600 Eqnites

343 618 553 686 curiae
592 613 865 685 bellum
887 609 976 698 ³⁶,
1038 640 1185 686 non
1230 615 1449 699 mihi;
1500 639 1666 686 nam
1728 638 1861 710 ego
1903 612 2221 684 dissensi.
2270 610 2463 704 Quid

345 725 832 821 impudentius
856 722 1254 821 publicanis
1276 720 1933 796 renuntiantibus³⁷
1954 722 1983 791 P
2007 726 2165 792 Fuit
2194 737 2469 809 tamen,

345 835 699 905 retinendi
755 829 1107 904 ordinis38
1158 859 1404 922 causa,
1457 833 1783 907 facienda
1823 835 2121 928 jactura.
2178 832 2467 904 Restitit

346 958 417 1013 et
451 945 756 1040 pervicit
800 947 998 1014 Cato.
1037 948 1287 1040 Itaque
1327 969 1559 1031 nunc,
1602 943 1898 1014 consule
1935 945 2009 1012 in
2049 966 2331 1014 carcere
2363 942 2470 1010 in-

341 1052 542 1124 cluso
559 1050 649 1139 3⁹,
680 1075 863 1149 saepe
899 1054 1071 1122 item
1091 1053 1441 1124 seditione
1470 1066 1863 1139 commota,
1885 1053 2220 1153 aspiravit
2250 1074 2467 1122 nemo

343 1185 594 1231 eorum
615 1215 634 1248 ‚
662 1185 979 1256 quorum
1008 1186 1142 1258 ego
1166 1186 1561 1248 concursu,
1591 1164 1910 1259 itemque
1940 1162 2272 1234 consules
2290 1215 2309 1249 ‚
2343 1162 2470 1259 qui

342 1285 510 1368 post
561 1292 674 1340 me
727 1268 1053 1357 suerunt,
1101 1273 1614 1369 rempublicam
1671 1270 2060 1343 defendere
2116 1269 2467 1343 solebant.

344 1379 539 1470 Quid
579 1380 800 1475 ergo?
842 1381 1051 1467 istos,
1091 1384 1414 1477 inquies,
1455 1381 1791 1453 mercede
1828 1381 2308 1453 conductos4⁰
2346 1381 2473 1452 ha-

342 1487 724 1559 bebimus?
757 1489 952 1580 Quid
984 1488 1361 1580 faciemns,
1407 1493 1468 1562 si
1501 1491 1708 1562 aliter
1735 1516 1883 1562 non
1915 1492 2344 1589 possumus?
2378 1514 2472 1560 an

347 1595 728 1687 libertinis,
769 1614 986 1696 atque
1020 1604 1232 1672 etiam
1259 1604 1478 1675 servis
1501 1603 2024 1674 serviemus⁴¹P
2057 1601 2193 1673 Sed
2218 1655 2238 1688 ‚
2274 1615 2357 1672 ut
2387 1614 2470 1670 tu

343 1705 480 1791 πίε,
524 1707 659 1787 ἅλις
689 1702 1059 1788 σπουδῆςμ.

442 1819 797 1886 Favonius
865 1840 1094 1888 meam
1163 1817 1436 1889 tribum
1491 1820 1656 1891 tulit
1716 1820 2091 1890 honestius
2106 1813 2197 1900 ⁴³,
2253 1840 2471 1911 quam

343 1949 589 2010 suam3
628 1930 917 1995 Lucceii
956 1926 1267 2023 perdidit
1283 1929 1371 2000 ⁴⁴.
1408 1927 1859 2001 Accusavit&
1897 1928 2226 1999 Nasicam
2260 1925 2471 1996 inho-

341 2048 576 2119 neste,
610 2057 693 2103 ac
722 2031 1045 2105 modeste
1058 2032 1128 2086 ⁴⁶
1153 2050 1394 2107 tamen
1425 2036 1596 2108 dicit
1628 2066 1643 2108 :
1677 2042 1774 2109 ita
1808 2054 1892 2109 ut
1918 2035 2155 2107 Rhodi
2193 2034 2473 2106 videre-

418 2268 505 2316 36.
526 2267 1365 2327 curia-bellum.1ndixernnt,mb-
1453 2270 1655 2321 Tribum
1693 2271 1819 2318 ferre
1852 2268 2048 2327 dicitur,
2084 2268 2165 2315 cui
2204 2266 2360 2314 tribus
2395 2266 2474 2313 vel

343 2346 477 2396 audi.
503 2348 565 2395 Et
587 2347 770 2396 curiam
790 2347 957 2413 accipe
977 2363 1070 2413 pro
1086 2359 1257 2396 senatu
1271 2382 1286 2407 ,
1309 2358 1364 2396 ut

346 2428 410 2475 sit
429 2427 689 2476 continens
707 2444 800 2491 pro
820 2437 1074 2476 contento.
1091 2429 1237 2475 Mau.

416 2507 500 2563 37.
530 2507 940 2555 Renunet'aneibus.
965 2507 1247 2555 Petentibus
1266 2539 1283 2567 ‚
1308 2518 1364 2555 ut

345 2585 524 2634 locatio
553 2587 845 2634 Asianorum
876 2586 1185 2650 vectigalium
1219 2586 1362 2633 indu-

346 2676 551 2714 ceretur.
577 2665 683 2714 Lib.
705 2668 756 2724 1,
781 2666 924 2730 epist.
953 2665 1032 2714 15.
1053 2668 1203 2713 lons.

416 2746 500 2791 38.
549 2744 758 2794 Ordinis.
799 2746 1064 2810 Equestris.
1108 2744 1364 2793 Publiceni

349 2823 475 2870 enim
495 2825 681 2887 equites
702 2825 904 2873 romani.
933 2827 1082 2872 loen.

420 2904 501 2965 39.
559 2905 759 2952 Consule
813 2904 863 2950 in
915 2917 1108 2952 carcero
1161 2901 1360 2949 incluso.

349 2982 403 3027 1..
432 2982 620 3032 flavius
653 2982 879 3030 tribunus
914 2981 1073 3045 plebis
1109 2980 1363 3029 Metellum

350 3061 595 3108 consulem
637 3063 691 3107 iu
733 3076 923 3108 carcere
969 3059 1164 3107 inclusit
1181 3095 1196 3116 ,
1249 3059 1364 3123 quia

347 3139 498 3202 legem
527 3141 760 3204 agrariam
791 3138 992 3203 perferri
1026 3154 1129 3185 non
1164 3139 1361 3186 sineret.

348 3218 471 3266 Aliis
494 3230 652 3267 tamen
676 3219 883 3267 tribunis
906 3233 1053 3280 opem
1071 3216 1333 3264 serentibus
1347 3252 1362 3276 ,

350 3308 396 3345 et
424 3299 654 3362 Pompeio
685 3298 1004 3360 suffragante,
1040 3296 1230 3359 aliquot
1252 3307 1366 3359 post

349 3376 482 3424 boris
504 3377 676 3425 exivit.
702 3378 820 3434 Dio,
839 3376 1090 3423 xxxva
1105 3409 1121 3433 ,
1151 3391 1194 3422 1.
1214 3375 1364 3422 Inus.

419 3462 502 3509 4ο.
529 3455 749 3502 Mercede
767 3455 1044 3502 conductos.
1073 3453 1366 3516 Equitumne

349 3549 663 3582 romanorum
687 3534 902 3582 studium
923 3535 977 3581 iu
993 3548 1146 3597 remp.
1164 3531 1254 3579 erit
1271 3530 1366 3578 lar-

243 3673 252 3679 ,
351 3613 617 3674 gitionibus
647 3623 696 3661 et
726 3613 933 3677 pecunia
965 3610 1366 3661 conciliandum?

351 3695 525 3742 Guaev.

425 3781 510 3827 [ιι.
539 3772 667 3829 Ani,
688 3771 964 3819 serviamus.
988 3773 1038 3819 J.
1064 3771 1129 3818 V.
1155 3771 1209 3816 L.

425 3860 509 3907 42.
547 3836 651 3906 hic
678 3845 906 3906 σπουδῆς.
931 3850 1015 3898 Set
1040 3848 1188 3898 studii
1211 3863 1224 3897 ε
1251 3848 1362 3896 sub·

347 3930 492 3992 audi,
523 3931 735 3994 positum
764 3940 837 3979 est
865 3946 891 3977 a
924 3929 1068 3977 nobis
1101 3928 1151 3976 in
1186 3927 1364 3976 tuenda

352 4008 578 4057 ordinum
598 4008 878 4058 concordia.
903 4010 1117 4057 ΜΛιυτ.

432 4089 508 4141 43.
554 4090 714 4136 Meam
750 4089 923 4137 tribum
961 4088 1069 4136 tulit
1104 4087 1363 4136 honestius.

1452 2349 1783 2414 magistratum
1812 2348 2025 2414 petenti,
2055 2347 2132 2395 vel
2161 2345 2472 2396 commodum

1450 2430 1653 2493 aliquod
1670 2430 1914 2493 suffragiis
1932 2430 2102 2478 defert.
2119 2429 2296 2477 Tribus
2311 2439 2471 2476 autem

1451 2510 1703 2558 Ciceronis
1764 2509 1956 2557 videtur
2012 2507 2237 2557 Cornelia
2295 2508 2472 2567 fuisse3

1450 2605 1633 2653 quum,
1660 2590 1714 2636 in
1741 2605 1794 2636 ea
1826 2589 2007 2636 censeri
2040 2588 2212 2637 solitos
2245 2604 2349 2635 esse
2380 2587 2474 2634 Ar-

1450 2668 1666 2732 pinates,
1693 2668 1797 2715 Liv.
1812 2671 2103 2726 xxxvln,
2127 2665 2383 2731 significet.
2396 2668 2476 2712 In.

1523 2755 1609 2804 44.
1650 2748 1843 2795 Lucceii
1864 2747 2099 2812 perdidit.
2134 2748 2239 2795 Nec
2271 2748 2467 2801 mirum,

1448 2826 1719 2891 perdidisse
1774 2826 1967 2874 Lucceii
2015 2826 2200 2874 tribum
2222 2860 2238 2882 ,
2288 2826 2473 2887 quippe

1451 2923 1601 2970 quum
1628 2906 1862 2954 Lucceius
1889 2907 2110 2966 Cauris,
2131 2905 2370 2951 Favonius
2383 2903 2472 2951 c·-

1450 2987 1581 3034 tonis
1594 2984 1987 3033 familiarissimus
2001 2995 2124 3031 esset
2138 3017 2152 3039 ‚
2170 2987 2294 3033 Cato
2312 2992 2470 3028 autem

1451 3076 1501 3113 et
1518 3067 1677 3114 Cesar
1692 3079 1844 3127 quum
1859 3074 2030 3110 natura
2044 3097 2060 3122 ,
2078 3074 2183 3110 tum
2204 3063 2317 3109 vitae
2336 3061 2473 3108 instin

1451 3154 1562 3193 tuto
1589 3143 1893 3192 dissidentes.
1916 3145 2071 3189 Inus.

1526 3225 1616 3279 45.
1637 3222 1911 3271 Accusavit.
1931 3221 2158 3269 Ambitus
2176 3221 2400 3277 sortasse,
2420 3227 2477 3266 nt

1454 3304 1657 3363 conjicit
1675 3303 1954 3367 Mongaule.
1980 3303 2069 3350 En.

1527 3375 1611 3429 46.
1632 3376 1707 3420 Ac
1718 3373 1943 3422 modeste.
1964 3374 2182 3436 Pugnare
2200 3369 2303 3417 haec
2322 3384 2476 3433 prope

1455 3451 1680 3499 videntur
1707 3466 1721 3500 z
1750 3463 1913 3500 tamen
1936 3468 1997 3499 eo
2028 3452 2138 3513 ipso
2174 3448 2335 3512 lepida
2362 3459 2475 3496 suut

1453 3541 1503 3577 et
1530 3530 1874 3595 inexspectata.
1908 3530 2132 3578 Modeste
2158 3527 2286 3575 enim
2314 3527 2475 3575 dicere

1452 3607 1645 3656 laudem
1658 3609 1843 3657 nouam
1854 3608 2002 3656 habet
2013 3609 2066 3655 in
2082 3617 2297 3655 oratore:
2316 3606 2479 3656 minus

1455 3689 1506 3733 in
1552 3698 1831 3736 accusatore
1849 3722 1865 3748 ,
1917 3703 2062 3750 quem
2116 3685 2476 3745 velameutem,

1457 3783 1639 3825 acrem,
1684 3778 1901 3815 exertum
1953 3776 2004 3813 et
2050 3780 2316 3829 pugnacem
2373 3781 2477 3812 esse

1456 3857 1668 3911 oportet.
1699 3846 1858 3895 Nasus
1888 3845 2032 3909 igitur
2053 3845 2301 3893 modestiae
2324 3846 2477 3892 verbo

1455 3926 1649 3984 subest,
1697 3942 1806 3973 cum
1856 3924 2064 3988 quadam
2116 3936 2275 3972 tamen
2325 3921 2481 3971 laudis

1454 4004 1787 4062 simulatione,
1828 4003 1965 4068 quod
2005 4004 2239 4052 modestia
2286 4004 2339 4051 in
2386 4003 2480 4049 ho·

1454 4085 1640 4134 minum
1668 4084 1764 4132 vita
1792 4082 1926 4133 laudi
1968 4083 2190 4132 ducatur.
2232 4079 2479 4145 Significat
