3023 4773
660 461 794 508 100
1279 435 1375 502 M.
1427 437 1504 502 T.
1556 433 2142 503 CICERONIS

652 580 841 653 opus
883 568 993 625 est
1039 552 1318 649 reliqua
1363 551 1696 644 scribere.
1764 556 1868 622 Ex
1903 550 2155 650 primis
2185 603 2206 637 ‚
2249 562 2375 620 aut
2417 572 2788 620 summum

648 662 983 736 secundis
1010 661 1234 733 literis
1253 665 1396 733 tuis
1410 710 1429 748 ‚
1450 664 1892 734 constituere
1917 662 2347 759 poterimuS‚
2370 658 2548 755 quid
2569 657 2793 730 nobis

647 771 1058 843 faciendum
1098 773 1211 841 sit.
1248 775 1357 841 Tu
1401 770 1623 842 modo
1667 770 1757 843 ad
1800 796 1918 843 me
1953 770 2168 842 velim
2208 771 2454 841 omnia
2485 769 2794 866 diligen-

647 884 915 955 tissime
954 879 1388 981 perscribas:
1423 886 1555 952 etsi
1588 886 1813 979 magis
1841 883 1991 977 jam
2023 905 2217 968 rem,
2249 904 2470 976 quam
2507 880 2792 967 litera5‚

652 992 885 1065 debeo
925 1004 1355 1089 exspectare.
1379 995 1570 1062 Cura
1587 1015 1610 1077 ‚‘
1650 1006 1733 1062 ut
1773 992 2042 1080 valeas,
2087 1004 2159 1061 et
2192 990 2288 1060 ita
2326 987 2459 1059 tibi
2497 1012 2794 1086 persua-

649 1103 855 1191 deas,
896 1102 1074 1172 mihi
1111 1116 1183 1172 te
1220 1103 1452 1174 carius
1495 1101 1679 1172 nihil
1723 1126 1920 1188 esse,
1973 1125 2109 1172 nec
2131 1122 2502 1196 -umquam
2544 1095 2789 1169 fuisse.

648 1215 857 1297 Vale,
898 1236 1057 1283 mea
1097 1213 1463 1299 Terentia,
1510 1237 1730 1308 quam
1772 1236 1906 1308 ego
1943 1210 2190 1282 videre
2225 1210 2502 1295 videor,
2544 1211 2794 1305 itaque

653 1322 997 1394 debilitor
1034 1322 1385 1418 lacrymis.
1415 1322 1612 1392 Vale.
1647 1322 1884 1393 Pridie
1910 1319 2253 1392 kalendas
2277 1315 2644 1390 decembr.

664 1537 754 1556 m
760 1535 1125 1555 mmmm
1130 1531 1869 1555 mmmmmmmm
1877 1532 2518 1554 mmmmm

1311 1699 1924 1778 EPISTOLA
1987 1699 2136 1777 IV.

654 1870 996 1949 Respondet
1028 1868 1102 1927 ad
1134 1868 1292 1926 varia
1313 1868 1603 1927 Terentiae
1626 1887 1744 1926 non
1783 1868 1971 1926 solum
2003 1866 2289 1938 dolenter,
2320 1866 2423 1925 sed
2445 1866 2620 1925 etiam
2644 1867 2801 1925 mol-

736 1968 914 2039 liore,
945 1986 1119 2043 quam
1147 1966 1328 2023 virum
1353 1964 1630 2039 decebat,
1659 1966 1874 2024 animo.
1905 1963 2249 2043 (Brundisii,
2279 1983 2435 2022 anno
2456 1968 2530 2024 U.
2557 1967 2624 2023 C.
2645 1964 2800 2041 695,

739 2084 937 2124 mense
968 2063 1183 2143 aprili.)

873 2249 1232 2314 TULLIUS
1275 2249 1747 2314 TERENTIAE
1793 2249 1906 2312 ET
1954 2247 2411 2313 TULLIOLAE
2457 2240 2571 2313 ET

1245 2354 1650 2420 CICERONI
1697 2355 1879 2420 SUlS
1923 2354 1988 2419 S.
2028 2354 2100 2419 P.
2141 2354 2217 2418 D.

756 2517 913 2584 Eco
948 2515 1189 2583 minus
1225 2535 1411 2609 saepe
1442 2510 1538 2583 ad
1575 2536 1700 2582 vos
1738 2511 1834 2582 do
1875 2511 2114 2582 literas
2136 2565 2155 2598 ‚
2203 2536 2424 2608 quam
2461 2535 2804 2609 possum,

662 2638 1047 2721 propterea
1086 2621 1280 2719 quod
1326 2647 1554 2719 quum
1593 2625 1836 2693 omnia
1881 2621 2060 2692 mihi
2098 2636 2428 2720 tempora
2464 2638 2636 2694 sunt
2666 2625 2809 2694 mi-

662 2759 852 2822 sera,
893 2748 1048 2803 tum
1092 2757 1264 2804 vero
1306 2757 1535 2829 quum
1582 2747 1707 2802 aut
1748 2730 1990 2803 scribo
2028 2731 2117 2802 ad
2166 2757 2334 2819 vos,
2373 2747 2497 2803 aut
2530 2748 2809 2804 vestras

660 2844 854 2940 legn,
883 2841 1231 2915 conficior
1258 2843 1593 2940 lacrymis
1621 2844 1743 2930 sic,
1767 2857 1849 2912 ut
1874 2841 2064 2913 ferre
2088 2868 2237 2913 non
2268 2847 2558 2941 possim.
2581 2844 2811 2934 Quod

661 2957 945 3024 utinam
972 2963 990 2995 ¹
1020 2953 1260 3023 minus
1287 2956 1448 3022 vitae
1477 2951 1723 3049 cupidi
1754 2950 2173 3023 fuissemus!
2211 2967 2405 3024 certe
2434 2952 2616 3023 nihil
2635 3007 2654 3041 ,
2681 2969 2810 3025 aut

665 3090 818 3136 non
853 3063 1167 3133 multum
1205 3066 1284 3133 in
1321 3064 1465 3132 vita
1502 3060 1673 3131 mali
1714 3061 2159 3134 vidissemus.
2193 3063 2413 3152 Quod
2450 3066 2508 3134 si
2545 3089 2679 3135 nos
2715 3064 2809 3135 ad

667 3175 981 3272 aliquam
1003 3175 1212 3268 alicuj
1222 3198 1305 3243 us
1321 3172 1688 3243 commodi
1702 3173 2092 3269 aliquando
2106 3173 2586 3272 recuperandi
2603 3199 2811 3272 spem

667 3282 959 3355 fortuna
985 3283 1375 3354 reservavit
1394 3336 1413 3371 ,
1437 3285 1684 3353 minus
1708 3298 1816 3356 est
1840 3299 2155 3355 erratum
2176 3309 2215 3354 a
2238 3283 2451 3356 nobis
2480 3310 2497 3352 z
2525 3288 2636 3355 sin
2657 3284 2813 3356 haec

672 3394 856 3463 mala
886 3391 1029 3463 fixa
1066 3405 1272 3474 sunt;
1304 3415 1441 3488 ego
1477 3417 1654 3463 vero
1687 3408 1756 3464 te
1790 3418 2006 3491 quam
2038 3397 2395 3492 primum,
2435 3420 2593 3465 mea
2621 3398 2808 3485 vita,

673 3504 890 3599 cupio
925 3501 1206 3588 videre,
1239 3516 1313 3573 et
1344 3502 1418 3572 in
1458 3516 1589 3574 tuo
1628 3504 2014 3603 complexu
2043 3506 2269 3575 emori
2304 3532 2319 3575 ε
2352 3504 2650 3602 quando
2680 3531 2818 3576 ne-

675 3637 821 3708 que
852 3611 991 3703 dii,
1024 3637 1212 3711 quos
1247 3626 1326 3682 tu
1367 3616 1759 3685 castissime
1797 3615 2081 3685 coluisti
2102 3669 2121 3702 ,
2156 3639 2396 3711 neque
2438 3615 2815 3703 homineS,

751 3829 793 3861 ι.
838 3812 986 3874 Quod
1016 3813 1218 3864 mittam.
1262 3816 1411 3878 Quod
1442 3831 1534 3879 pro
1570 3814 1661 3863 sed
1675 3832 1695 3862 .·
1787 3824 1835 3862 et
1861 3825 2135 3880 respectum
2162 3815 2543 3880 pulcherrimum
2560 3851 2578 3879 ,
2617 3827 2666 3865 et
2689 3833 2823 3881 prn-

675 3905 732 3942 ut
759 3893 899 3957 epist.
926 3901 987 3948 14
1013 3890 1262 3967 lib.vm:
1283 3895 1466 3958 «Quod
1485 3911 1589 3943 non
1608 3894 1698 3942 du·
1786 3894 1964 3941 sidium
1998 3893 2326 3941 firmissimum
2361 3895 2532 3949 adimit
2574 3896 2822 3961 reipubli-

677 3973 782 4020 bito
798 4005 813 4031 ,
846 3972 968 4034 quin
992 3982 1040 4018 te
1061 3987 1257 4035 qnoque
1282 3973 1388 4022 haec
1412 3974 1698 4023 deliberatio
1786 3988 1857 4021 cae
1878 3994 1921 4020 ι.
1963 3975 2023 4020 Et
2049 3974 2101 4020 in
2132 3974 2271 4021 Verr.
2300 3973 2387 4022 lib.
2416 3977 2440 4021 Ι
2464 3990 2477 4023 :
2513 3975 2701 4038 «Quod
2727 3992 2824 4025 voe

674 4053 736 4099 sit
785 4049 1122 4115 perturbatura
1150 4072 1194 4098 n.
1243 4053 1304 4099 Et
1355 4053 1573 4118 Philipp.
1616 4056 1699 4102 X:
1787 4050 1969 4101 oblitos
1989 4070 2094 4101 non
2112 4053 2340 4111 arbitror,
2353 4070 2462 4117 quae
2481 4054 2749 4104 multitudo
2770 4072 2826 4105 se

672 4153 697 4171 ..
713 4130 866 4194 Quod
889 4128 976 4194 qui
993 4128 1055 4177 ab
1079 4128 1168 4179 illo
1194 4129 1395 4180 abducit
1417 4133 1698 4194 exercitum,
1787 4135 1947 4198 ipsum
1985 4144 2218 4196 accusat,
2254 4134 2341 4199 qui
2381 4134 2633 4183 Clodianis
2672 4136 2827 4184 armis
