3023 4773
636 430 1148 498 EPISTOLAE
1198 432 1330 499 An
1380 433 1879 519 ΑΤΤιουΜ,
1923 437 1997 520 1,
2051 433 2154 504 13.
2311 437 2439 507 301

279 624 288 633 ,
330 564 515 620 stum
540 547 631 637 ³²,
676 549 851 620 nihil
890 548 1205 637 illustre,
1242 549 1422 621 nihil
1459 550 1678 639 forte,
1716 553 1894 624 nihil
1942 554 2272 628 liberum.
2313 560 2453 630 Sed

332 659 479 730 baec
513 659 598 730 ad
640 674 712 730 te
753 658 1061 730 scribam
1105 660 1272 731 alias
1315 659 1671 733 subtilius.
1723 666 1905 733 Nam
1944 691 2183 763 neque
2214 668 2452 740 adhuc

327 770 500 840 mihi
535 773 701 841 satis
746 784 917 840 nota
960 784 1166 856 sunt3
1211 785 1284 842 et
1332 770 1503 841 huic
1539 785 1746 842 terroe
1781 770 1967 860 filio,
2008 777 2250 847 nescio
2296 782 2453 863 cui,

323 886 779 954 committere
807 882 1182 979 epistolam
1211 885 1424 953 tantis
1456 881 1547 954 de
1581 881 1800 954 rebus
1829 909 1977 953 non
2007 884 2261 957 audeo.
2289 892 2455 959 Pro·

324 993 593 1064 vincias
613 988 1020 1090 praetores³³
1043 992 1371 1063 nondum
1410 994 1641 1064 sortiti
1679 1007 1870 1063 sunt.
1891 991 2030 1065 Res
2055 995 2311 1066 eodem
2349 1012 2457 1068 est

325 1109 466 1181 loci
484 1164 502 1197 ,
540 1135 688 1206 quo
717 1108 1089 1205 reliquisti.
1119 1102 1810 1205 'romoecifflfiquam
1837 1110 2181 1206 postulas,
2199 1113 2456 1181 Miseni

324 1234 398 1291 et
435 1219 934 1303 Puteolorum,
964 1216 1328 1287 includam
1363 1218 1671 1288 orationi
1706 1242 1907 1289 meae.
1946 1224 2025 1288 A.
2071 1218 2142 1289 d.
2176 1244 2254 1289 111
2284 1245 2453 1289 non.

319 1324 728 1400 decemb.³⁵
743 1325 1088 1398 mendose
1114 1325 1331 1397 fuisse
1348 1327 2196 1417 animadverteram.Quae
2214 1328 2458 1399 laudas

324 1462 412 1508 ex
441 1436 888 1508 orationibus
910 1490 928 1521 ‚
957 1436 1134 1505 mihi
1163 1436 1376 1507 crede
1397 1491 1416 1523 ‚
1444 1436 1649 1507 valde
1674 1437 1851 1506 mihi
1879 1436 2255 1535 placebant
2279 1466 2297 1527 ;
2330 1438 2456 1510 sed

323 1573 474 1619 non
529 1545 882 1617 audebam
939 1560 1145 1616 antea
1202 1546 1465 1617 dicere.
1526 1550 1738 1617 Nunc
1792 1571 2002 1632 ver0,
2047 1548 2247 1643 quod
2297 1574 2337 1619 a
2386 1565 2457 1620 te

323 1662 624 1761 probata
652 1676 843 1747 sunt,
859 1654 1092 1732 multo
1115 1661 1293 1732 mihi
1320 1657 1780 1756 ιιὶϊί·ι>ιιί>τερα36
1796 1660 2244 1732 videnturJn
2263 1662 2455 1733 illam

321 1779 723 1845 orationem
738 1769 1244 1843 Metellinam³⁷
1264 1770 1503 1841 addidi
1524 1771 1872 1869 quaedam.
1893 1770 2111 1842 Liber
2142 1771 2272 1842 tibi
2298 1775 2458 1843 mit-

319 1880 889 1976 tetur‚quoniam
918 1893 986 1947 te
1015 1901 1216 1946 amor
1241 1874 2459 1973 uostriqnxopvstopoewreddidit.Novi

321 1988 457 2060 tibi
483 1986 836 2084 quidnam
862 1985 1212 2057 scribam?
1239 1985 1461 2083 quid?
1493 1988 1730 2058 etiam.
1756 1983 2167 2059 Messalla³⁹
2201 1987 2458 2059 consul

317 2250 496 2309 blicis,
524 2260 574 2296 et
598 2248 661 2295 ad
690 2246 929 2312 rempubl.
954 2246 1349 2295 accommodatis.

394 2332 482 2377 32.
524 2328 808 2375 Honestum.
835 2323 899 2375 Τὸ
939 2325 1103 2374 καλόν.
1131 2325 1343 2389 Quintil.

321 2414 389 2470 11,
406 2411 436 2458 5
454 2424 467 2458 :
490 2429 515 2449 κ
535 2409 641 2456 Nos
659 2409 857 2468 justum,
872 2406 1024 2470 pium,
1048 2405 1344 2470 religiosum,

320 2502 578 2552 cetenque
596 2487 672 2535 his
697 2486 871 2534 similia
903 2486 1111 2533 honesto
1131 2485 1341 2549 comple·

320 2571 502 2616 etimnr
518 2589 559 2615 a.
595 2569 687 2615 En.

395 2648 477 2695 33.
514 2649 762 2700 Prmores.
790 2644 922 2694 Anni
957 2623 1250 2709 superioris}
1285 2644 1338 2691 in

321 2728 383 2774 iis
408 2727 470 2789 Q.
494 2725 693 2782 Cicero,
711 2725 790 2772 cni
814 2723 990 2771 deinde
1011 2723 1185 2786 obtigit
1202 2724 1334 2772 Asia.

324 2808 462 2853 Hanc
489 2805 791 2853 sortitionem
816 2804 1093 2866 coniuratio
1116 2802 1340 2851 Catilina

321 2883 709 2932 distulerat.Vid.
726 2885 874 2931 Dion.
897 2885 1148 2931 xxxvll
1165 2883 1335 2944 ;Oros.

320 2966 420 3020 vl,
445 2963 494 3013 6.
521 2964 611 3010 En.

393 3043 477 3098 34.
525 3038 826 3090 Τῡποθισὶαν.
887 3040 1008 3088 Loci
1052 3039 1339 3104 descriptio·

321 3137 449 3173 nem.

391 3204 476 3250 35.
505 3206 567 3252 A.
600 3202 650 3249 d.
671 3217 735 3249 ιιι
753 3215 868 3247 non.
893 3197 1106 3244 decemb.
1125 3198 1344 3260 Apparet

319 3283 509 3346 lapsum
544 3282 832 3330 Ciceronem
869 3279 917 3324 in
953 3276 1119 3338 aliquo
1155 3276 1340 3339 scripto

319 3377 435 3420 suo,
459 3360 545 3408 nbi
573 3361 676 3409 haec
699 3358 845 3406 verbe
868 3367 1123 3422 posuer-u
1148 3355 1210 3403 de
1237 3370 1337 3419 quo

319 3457 481 3487 errore
524 3439 587 3487 ab
633 3439 802 3487 Attico
845 3436 1123 3484 admonitus
1165 3435 1335 3481 fuerat.

320 3520 542 3568 Cissus.

391 3599 477 3647 36.
506 3585 826 3662 Ᾱπυιώτιρα.
849 3596 1008 3658 Magis
1023 3592 1186 3641 Attica
1204 3627 1218 3650 ,
1243 3592 1336 3639 ele-

322 3679 510 3741 gantius
532 3677 694 3725 dicte:
727 3674 859 3722 nude
879 3670 1152 3738 ἀπαισμὸς
1165 3688 1244 3735 ep.
1274 3673 1336 3720 ιδ

319 3758 402 3808 lib.
420 3760 519 3819 1v;
550 3757 620 3804 sic
641 3751 948 3805 ἀτταῶτατα.
970 3769 1049 3817 ep.
1074 3767 1093 3799 1
1117 3750 1204 3798 lib.
1222 3750 1337 3798 XV.

318 3840 475 3887 Con.

393 3921 473 3979 37.
506 3915 787 3964 Orationem
814 3914 1131 3962 Metellinam.
1153 3915 1209 3960 ln
1227 3913 1335 3960 Me·

319 3998 487 4046 tellum
509 3997 778 4059 Nepotem,
797 3993 976 4043 Celeris
996 3988 1204 4040 fratreni.
1227 3992 1335 4038 Hu-

318 4079 395 4135 jus
428 4076 697 4135 orationis,
723 4090 867 4138 quem
893 4072 1093 4121 landent
1120 4074 1185 4120 A.
1215 4069 1347 4119 Gel·.

317 4156 408 4203 lius
445 4168 494 4204 et
531 4154 864 4217 Quintilianus
884 4186 898 4210 ,
941 4161 1099 4200 exstat
1144 4160 1332 4202 tantum

1441 2246 1627 2303 titulus,
1650 2245 1830 2292 Contra
1850 2246 2127 2294 concionem
2158 2250 2219 2312 Q.
2242 2250 2425 2298 Metelli
2432 2285 2447 2308 ,

1435 2335 1485 2372 et
1514 2325 1773 2389 fragmenta
1801 2341 1969 2389 panca.
1989 2324 2070 2373 Ad
2089 2327 2201 2376 Div.
2217 2330 2281 2385 V,
2309 2344 2328 2376 1
2347 2365 2361 2391 ‚
2384 2346 2412 2377 ο
2433 2344 2449 2390 ;

1432 2405 1559 2454 Gell.
1586 2406 1790 2462 xvnl,
1823 2421 1881 2465 73
1906 2405 2240 2466 Quintil.'IX‚
2269 2411 2319 2457 3.
2354 2410 2448 2459 En.

1501 2485 1583 2531 38.
1606 2480 1916 2550 Φιλορῆτορα.
1941 2486 2221 2534 studiosum
2244 2488 2360 2536 artis
2385 2489 2455 2538 di-

1427 2563 1591 2611 cendi.
1617 2562 1764 2626 Quod
1791 2565 2012 2627 seqnitur
2027 2587 2050 2606 a
2065 2566 2182 2613 novi
2203 2566 2309 2626 tibi,
2324 2579 2451 2617 etc.-

1429 2652 1500 2688 est
1529 2658 1678 2705 genus
1708 2643 1956 2707 quoddam
1996 2644 2297 2694 familiariter
2332 2649 2451 2694 scri-

1426 2719 1578 2768 bendi
1593 2756 1608 2781 ‚
1628 2738 1754 2786 saepe
1778 2723 1830 2770 in
1848 2723 2060 2771 extrema
2080 2724 2285 2787 epistola
2306 2741 2446 2773 usur-

1428 2812 1594 2864 petum
1619 2835 1633 2858 ,
1677 2811 1738 2848 nt·
1760 2818 1837 2866 ep.
1856 2802 1918 2849 ad
1944 2806 2050 2851 Au.
2078 2807 2124 2860 Ι,
2156 2819 2217 2865 19
2241 2820 2255 2852 ε
2283 2826 2307 2845 0·
2326 2804 2445 2867 qnid

1425 2880 1594 2928 alind?
1633 2881 1755 2946 qnid
1772 2881 1796 2928 i·
1862 2881 1957 2929 hoc
2010 2883 2192 2946 opinor
2212 2898 2264 2940 ις
2313 2882 2446 2931 unde

1427 2957 1625 3007 Schiitz.
1643 2959 1841 3019 conjicit
1879 2960 2002 3024 quid
2022 2960 2168 3007 aliud
2187 2976 2281 3024 pro
2310 2962 2447 3025 quid-

1427 3055 1561 3087 nam.
1585 3039 1678 3087 En.

1507 3120 1592 3180 39.
1613 3116 1863 3165 Messalla.
1885 3117 2093 3164 Perinde
2105 3118 2212 3166 haec
2228 3130 2343 3167 sunt
2369 3136 2450 3169 nc-

1432 3197 1654 3260 cipienda
1690 3212 1749 3244 ec
1786 3196 1827 3242 si
1855 3196 2065 3255 diceret,
2092 3197 2410 3246 Meministin’
2428 3235 2444 3261 ,

1431 3277 1494 3322 mi
1521 3275 1706 3336 Attice,
1740 3275 1888 3322 fnisse
1913 3291 2064 3339 quum
2092 3276 2233 3324 multi
2270 3294 2346 3324 me
2372 3294 2447 3326 re-

1428 3354 1785 3418 prehenderent
1804 3388 1818 3410 ,
1840 3371 1993 3419 quum
2048 3355 2246 3403 domum
2294 3373 2444 3406 meam

1425 3449 1656 3490 emerem,
1679 3435 1887 3497 primum
1912 3433 2050 3495 quod
2070 3444 2166 3481 tam
2185 3450 2298 3482 caro
2319 3452 2446 3485 eme-

1426 3528 1528 3558 rem
1546 3529 1559 3571 ;
1581 3512 1755 3559 deinde
1775 3513 1911 3575 qnod
1936 3513 2140 3575 pecunia
2166 3513 2338 3564 aliena.
2358 3520 2448 3565 At-

1426 3593 1511 3654 qui
1519 3590 1675 3637 habeo
1688 3607 1820 3638 nunc
1834 3590 1970 3653 quod
1987 3591 2084 3637 illis
2099 3594 2413 3656 respondeam
2427 3611 2442 3644 ε

1425 3686 1537 3717 mm
1560 3681 1608 3717 et
1629 3670 1788 3717 carius
1805 3671 1919 3716 emit
1927 3671 2147 3718 Messalla
2162 3688 2306 3735 quam
2320 3691 2442 3738 ego:

1425 3759 1474 3796 et
1493 3750 1761 3796 amicorum
1780 3748 1982 3811 opibus,
2002 3765 2102 3796 non
2120 3753 2277 3801 minus
2298 3770 2443 3817 qnam

1425 3844 1519 3893 ego
1559 3843 1677 3875 usus
1719 3843 1847 3875 sum.
1888 3827 2077 3876 Deinde
2116 3841 2165 3878 et
2208 3849 2349 3880 snum
2387 3845 2436 3881 et

1423 3907 1663 3956 Messanae
1690 3903 2157 3957 sactum'desendens
2182 3912 2278 3970 sit,
2316 3913 2438 3960 nihil

1422 3999 1585 4036 vetare
1620 3986 1741 4050 quin
1776 3986 1935 4034 bonus
1968 4004 2025 4035 sc
2062 3990 2276 4052 prudens
2320 3992 2444 4039 civis

1421 4068 1580 4117 amico
1586 4084 1692 4116 rum
1703 4066 2010 4116 facultatibus
2019 4069 2068 4117 in
2079 4070 2279 4119 emenda
2295 4070 2444 4118 domo

1420 4147 1484 4195 ad
1502 4146 1783 4211 dignitatem
1793 4146 2002 4210 aliquam
2012 4149 2281 4212 perveniat.
2296 4150 2453 4197 ΜΛΝ.-
