3023 4773
690 363 835 448 480
1337 369 1432 435 M.
1485 369 1564 436 T.
1618 369 2174 438 CICERONIS

685 487 920 582 gentis
960 485 1317 572 millibus,
1362 488 1822 558 Formianum
1875 493 2025 558 H-S
2070 486 2399 557 (lucentis
2452 486 2813 582 quinqua·-

685 600 883 691 ginta
925 592 1265 666 millibus.
1299 600 1476 686 Quae
1508 598 1883 669 :estimatio
1914 622 2064 667 non
2094 594 2313 667 modo
2351 592 2815 664 vehementer

683 705 777 774 ab
820 706 1097 803 optimo
1128 729 1464 802 quoque,
1508 704 1637 777 sed
1674 711 1889 778 etiam
1927 731 1967 776 a
1999 703 2210 803 plebe
2236 703 2809 803 reprehenditur.

685 818 931 900 l)iceS‚
983 812 1162 910 quid
1214 816 1436 912 igitur
1481 839 1712 885 causae
1761 814 1943 886 fuit?
1998 819 2267 886 Dicunt
2318 814 2419 885 illi
2475 813 2810 910 quidem,

680 924 1039 1021 pudorem
1078 948 1358 1011 meum,
1400 923 1600 1019 quod
1641 949 1882 1022 neque
1915 925 2233 1021 negarim
2256 979 2276 1010 ,
2320 946 2559 1019 neque
2591 922 2807 992 vehe-

674 1034 991 1104 mentius
1023 1033 1467 1129 postularim.
1507 1031 1646 1104 Sed
1676 1059 1831 1104 non
1859 1048 1967 1105 est
1994 1033 2068 1103 id
2099 1061 2115 1102 :
2151 1058 2317 1103 nam
2348 1031 2490 1102 hoc
2516 1031 2805 1128 quidem

676 1145 891 1214 etiam
927 1139 1614 1238 profuisset.Verum
1637 1141 1891 1230 iidem,
1923 1146 2021 1212 mi
2045 1146 2126 1212 T.
2157 1140 2804 1240 Pomponi,iidem,

673 1255 1012 1348 iuquam,
1048 1251 1151 1320 illi
1183 1261 1245 1306 ²⁷
1267 1306 1288 1340 ,
1316 1276 1502 1348 quos
1532 1277 1625 1323 ne
1654 1267 1736 1323 tu
1769 1252 2069 1350 quidem
2103 1252 2424 1348 ignoras,
2463 1255 2591 1348 qui
2627 1251 2806 1320 mihi

673 1385 947 1456 pennas
989 1357 1433 1450 inciderant,
1495 1361 1761 1432 nolunt
1813 1361 2101 1433 easdem
2160 1361 2457 1431 renasci.
2511 1359 2684 1447 Sed,
2721 1376 2805 1431 ut

670 1494 916 1567 spero,
948 1468 1095 1565 jam
1134 1485 1635 1560 renascuntur.
1675 1476 1781 1541 Tu
1817 1472 2039 1543 modo
2071 1471 2159 1542 ad
2193 1496 2330 1542 nos
2355 1474 2519 1541 veni
2551 1499 2567 1539 ε
2602 1471 2804 1567 quod

668 1604 924 1651 vereor
958 1605 1051 1651 ne
1101 1580 1375 1653 tardius
1424 1585 1839 1652 interventu
1888 1585 2231 1653 Varronis
2278 1583 2385 1653 tui
2425 1584 2800 1678 nostrique

667 1688 900 1760 facias,

765 1802 1128 1890 Quoniam
1178 1814 1335 1869 acta
1369 1823 1532 1896 quae
1568 1803 1748 1887 sint,
1801 1799 2061 1886 habeS,
2111 1798 2203 1871 de
2240 1799 2518 1896 reliqua
2552 1814 2796 1869 nostra

664 1912 1099 2007 cogitatione
1141 1933 1518 2005 cognosce.
1579 1915 1731 2006 Ego
1774 1934 1892 1981 me
1944 1933 1981 1979 a
2030 1910 2373 2007 Pompeio
2429 1908 2650 2005 legari
2703 1909 2794 1977 ita

660 2045 820 2091 sum
859 2043 1146 2115 passuS,
1195 2033 1277 2088 ut
1316 2018 1516 2089 nulla
1552 2045 1628 2091 re
1661 2019 2086 2118 impedirer,
2131 2018 2332 2117 quod
2376 2045 2504 2106 ne,
2545 2020 2606 2089 si
2646 2018 2793 2090 vel-

656 2123 903 2215 lem28,
938 2127 1117 2197 mihi
1148 2142 1338 2199 esset
1365 2132 1771 2225 integrum,
1799 2143 1958 2213 aut,
1998 2130 2053 2198 si
2094 2129 2377 2199 comitia
2407 2153 2788 2199 censorum

658 2240 973 2336 proximi
1009 2240 1340 2311 consules
1378 2238 1769 2327 haberent,
1804 2253 2049 2337 petere
2080 2236 2323 2335 [posse
2341 2236 2433 2335 ²9]
2456 2293 2474 2323 ‚
2510 2254 2634 2309 aut
2663 2263 2787 2306 vo·

657 2353 874 2420 tivam
887 2346 953 2393 ³0
972 2350 1401 2445 legationem
1418 2374 1576 2421 sum
1589 2351 1806 2447 psisse
1837 2373 2064 2448 prope
2081 2350 2406 2419 omnium
2423 2346 2756 2419 fanorum
2770 2404 2790 2435 ,

656 2461 1009 2532 lucorum.
1056 2462 1170 2533 Sic
1213 2450 1409 2531 enim
1454 2476 1720 2532 nostrae
1763 2463 2078 2530 rationes
2127 2458 2612 2556 postulabant.
2652 2459 2789 2530 Sed

653 2571 850 2641 volui
894 2595 1131 2642 meam
1169 2586 1600 2668 potestatem
1635 2596 1788 2643 esse
1825 2571 1938 2641 vel
1974 2570 2306 2668 petendi,
2345 2570 2459 2640 vel
2490 2575 2790 2642 ineunte

651 2694 889 2752 aestate
928 2681 1239 2751 exeundi
1275 2708 1289 2750 :
1327 2698 1399 2752 et
1438 2684 1712 2753 interea
1752 2705 1867 2751 me
1901 2684 2057 2751 'esse
2100 2682 2173 2750 in
2218 2680 2445 2751 oeulis
2487 2682 2786 2767 civium,

650 2792 895 2867 deme
941 2791 1213 2887 optime
1250 2793 1713 2879 meritorum,
1755 2815 1904 2861 non
1942 2790 2252 2861 alienum
2296 2791 2562 2888 putavi.

647 2990 912 3037 aestimante
951 2992 1021 3039 A.
1067 2991 1305 3036 Len-otum
1343 2996 1560 3046 400,οω
1604 2987 1665 3036 fr.

647 3072 763 3117 naec
802 3066 966 3116 omnin
1004 3068 1122 3115 ntis
1160 3077 1326 3115 exacte
1367 3065 1670 3128 computavit

646 3148 866 3203 Ρνένωε,
904 3146 957 3193 in
986 3146 1086 3193 vita
1113 3146 1363 3194 Ciceronis
1393 3161 1420 3191 a
1456 3134 1670 3191 Middle-

648 3237 769 3273 tono
808 3223 1068 3272 translata:
1100 3223 1299 3270 domum
1325 3238 1500 3285 nempe
1526 3220 1666 3269 Cice·

642 3306 776 3351 ronis
794 3306 964 3351 Romae
982 3300 1264 3348 estimatum
1283 3317 1310 3347 a
1331 3311 1503 3348 senatu
1521 3301 1668 3348 suisne

644 3384 863 3440 300,ωο
875 3380 962 3428 lib.
972 3379 1302 3427 Tusculanum
1313 3413 1327 3437 ,
1350 3396 1369 3426 1
1380 3380 1563 3438 50‚ooo
1575 3378 1662 3428 lib.

640 3464 977 3519 Formianum,
1001 3474 1217 3521 100,ooo
1232 3458 1321 3507 lib.
1343 3458 1456 3507 vid.
1478 3461 1547 3507 A.
1575 3462 1663 3506 Le·

641 3552 840 3597 cronno,
870 3540 953 3587 des
979 3537 1225 3586 monnaies
1246 3554 1478 3603 gmcques
1506 3549 1554 3586 ce
1579 3555 1662 3585 ro-

641 3620 857 3675 maines,
903 3613 1050 3691 in·4⁰,
1100 3619 1250 3679 1817,
1287 3617 1420 3682 apud
1465 3617 1659 3665 Fit-min.

642 3698 813 3746 Didot.
839 3699 932 3745 En.

710 3791 796 3841 27.
840 3776 1018 3825 Iidem.
1041 3810 1053 3823 .
1076 3812 1089 3825 .
1110 3812 1123 3824 .
1168 3776 1259 3824 illi.
1302 3776 1480 3839 Tangit
1514 3776 1658 3823 Pom-

633 3855 798 3918 peium
818 3866 869 3904 ct
891 3857 1146 3904 lentulum
1167 3855 1433 3903 consulem.
1456 3856 1549 3903 En.

705 3936 788 3981 28.
819 3934 946 3992 Am,
980 3945 1180 3983 auctore
1210 3935 1470 3995 manatio,
1503 3932 1652 3997 quin,

631 4012 675 4061 si
690 4011 885 4060 vellem.
905 4014 1090 4061 Ernest.
1111 4012 1370 4076 legendum
1390 4023 1528 4078 putat
1541 4048 1557 4074 ,
1576 4012 1651 4059 vel

630 4090 750 4156 quin
767 4088 814 4138 si
821 4124 837 4150 ‚
854 4105 882 4136 c
903 4090 1118 4154 vestigiis
1130 4091 1212 4139 cd.
1233 4094 1436 4140 Jenson.
1458 4090 1538 4140 vel
1555 4108 1650 4154 quo

1757 3002 1848 3044 ne,
1875 3002 1967 3051 pro
1994 3003 2090 3050 quo
2120 2986 2304 3042 minus,
2344 2986 2476 3033 unde
2508 2986 2692 3033 sactum
2720 2987 2791 3035 sit

1756 3064 1894 3128 quod
1914 3079 1990 3112 ne.
2017 3063 2187 3112 Eidem
2205 3080 2351 3129 posse
2373 3082 2402 3111 a
2426 3064 2585 3128 glossa
2613 3077 2788 3113 natum

1756 3142 1969 3191 videtur.
1998 3146 2050 3192 J.
2075 3146 2138 3192 V.
2159 3146 2214 3190 L.

1829 3237 1915 3282 29.
1947 3225 2115 3270 Petere
2142 3238 2301 3283 posse.
2342 3222 2474 3284 Ego,
2504 3223 2697 3286 inquit,
2729 3223 2786 3270 in

1755 3300 2036 3363 quindecim
2087 3301 2257 3364 legatis
2276 3335 2291 3359 ‚
2343 3318 2466 3364 quos
2519 3305 2789 3367 Pompeius

1754 3381 2020 3444 postulavit
2049 3382 2116 3427 rei
2137 3381 2468 3429 .srumentariae
2497 3399 2641 3429 causa
2657 3417 2672 3439 ,
2699 3399 2788 3429 me

1753 3458 1900 3523 legari
1918 3476 2024 3507 sum
2043 3475 2227 3523 passus,
2241 3469 2297 3506 ut
2313 3459 2434 3506 mihi
2450 3462 2514 3507 sit
2535 3462 2786 3523 integrum

1749 3549 1834 3586 aut
1870 3550 2032 3602 petere
2065 3555 2344 3596 censuram,
2383 3540 2424 3585 si
2459 3541 2787 3587 Marcellinus

1749 3628 1798 3666 ct
1826 3618 2081 3682 Philippus
2107 3633 2234 3666 coss.
2262 3618 2499 3681 designati
2526 3619 2573 3664 in
2605 3620 2786 3682 proxi·

1747 3713 1879 3745 mum
1908 3712 2087 3744 annum
2115 3697 2313 3744 comitia
2340 3681 2598 3744 censorum
2621 3696 2782 3745 habc-

1746 3776 1902 3833 hunt,
1935 3787 2020 3823 aut
2055 3775 2298 3839 suscipere
2327 3776 2538 3822 votivam
2571 3777 2784 3840 legatio-

1740 3871 1852 3901 nem
1893 3866 1941 3901 et
1979 3854 2180 3902 liberam
2217 3856 2323 3901 voti
2362 3854 2587 3902 solvendi
2628 3871 2782 3904 causa

1740 3932 1799 3979 ad
1819 3934 1981 3980 omnia
2003 3935 2112 3981 sana
2133 3945 2182 3981 et
2204 3934 2358 3983 lucos.
2379 3937 2580 3983 Portu.

1811 4012 1893 4061 30.
1921 4012 1964 4053 V
1962 4011 2156 4059 otivam.
2182 4012 2347 4061 Genus
2371 4013 2536 4062 libera:
2565 4013 2775 4077 legatio·

1738 4091 1829 4139 nis.
1853 4090 1980 4139 Vide
2005 4092 2162 4154 legem
2187 4093 2219 4140 J
2222 4092 2368 4141 uliam
2389 4116 2413 4136 ιι
2429 4093 2490 4143 dc
2512 4094 2776 4158 legationi·
