3023 4773
586 417 727 488 268

1211 425 1305 489 M.
1359 424 1434 490 T.
1489 424 2071 493 CICERONIS

585 539 809 610 videri
845 546 1083 638 possit.
1127 544 1421 611 Prensat
1456 566 1648 614 unus
1699 547 1774 613 P.
1810 541 2082 613 Galba²
2118 569 2133 609 ε
2181 544 2335 612 sine
2373 541 2540 614 fuco
2564 542 2594 587 ³
2630 570 2717 615 ac

582 647 911 737 fallaciiS,
949 674 1149 721 more
1179 650 1538 745 majorum
1562 707 1581 739 ‚
1622 667 1946 749 negatur.
1997 656 2096 723 Ut
2129 651 2379 748 opinio
2423 668 2531 724 est
2573 653 2714 725 ho-

577 761 886 847 minum,
915 786 1067 832 non
1104 760 1335 832 aliena
1361 762 1624 831 rationi
1663 775 1924 832 nostrae
1960 758 2097 831 fuit
2125 760 2317 832 illius
2343 760 2492 832 baec
2521 786 2711 860 prae-

573 894 884 968 propera
918 871 1282 968 prensatio
1310 898 1326 939 :
1355 894 1523 939 nam
1551 870 1651 940 illi
1689 872 1789 942 ita
1816 884 2080 966 negant
2113 869 2330 966 vulgo
2360 925 2379 951 ‚
2411 885 2492 940 ut
2524 870 2709 941 mihi

575 1004 652 1050 se
695 978 960 1051 debere
997 980 1260 1062 dicant.
1318 985 1424 1050 Ita
1463 979 1862 1076 quiddam‘*
1909 1003 2124 1077 spero
2164 977 2379 1050 nobis
2412 979 2709 1078 profici,

574 1117 802 1189 quum
838 1092 977 1162 hoc
1007 1090 1528 1188 percrebrescit
1549 1145 1568 1178 ,
1605 1091 1957 1189 plurimos
1985 1105 2274 1162 nostros
2309 1096 2574 1170 amicos
2601 1093 2709 1160 in-

573 1203 821 1272 veniri.
841 1206 988 1273 Nos
1007 1216 1247 1272 autem
1265 1202 1547 1271 initium
1565 1199 1955 1298 prensandi
1979 1198 2213 1271 facere
2232 1201 2710 1297 cogitaramus

574 1339 664 1384 eo
705 1314 865 1410 ipso
902 1327 1231 1411 tempore
1254 1365 1274 1399 ,
1323 1337 1473 1409 quo
1511 1327 1719 1382 tuum
1764 1334 2077 1409 puerum
2115 1334 2284 1380 cum
2322 1309 2434 1380 his
2483 1308 2711 1379 literis

567 1423 923 1522 proficisci
973 1424 1267 1494 Cincius
1300 1422 1622 1508 dicebat,
1657 1424 1732 1491 in
1782 1444 2076 1518 campo,
2117 1419 2426 1491 comitiis
2470 1419 2705 1490 tribu-

568 1536 793 1622 nitiis,
824 1559 888 1605 a.
922 1533 994 1603 d.
1027 1558 1146 1603 xv1
1167 1529 1196 1576 ⁵
1230 1530 1517 1603 kalend.
1550 1544 1727 1602 sext.
1763 1530 2331 1627 CompetitoreS,
2363 1530 2489 1625 qui
2528 1530 2703 1598 certi

568 1668 721 1715 esse
762 1638 1208 1727 videantur-⁶,
1247 1639 1517 1728 Galba,
1564 1655 1636 1710 et
1676 1639 2038 1710 Antonius
2057 1650 2110 1725 ⁷,
2148 1653 2221 1708 et
2264 1642 2351 1728 Q.
2392 1636 2701 1708 Cornifi-

566 1757 719 1824 cius
738 1748 792 1823 8.
842 1755 1025 1823 Puto
1070 1766 1140 1821 te
1179 1756 1253 1820 in
1290 1750 1430 1821 hoc
1466 1762 1592 1832 aut
1634 1749 1906 1836 risisse,
1951 1762 2076 1818 aut
2115 1748 2565 1845 ingemuisse.
2608 1754 2705 1819 Ut

635 1946 689 1976 2.
716 1932 774 1977 Ρ.
811 1926 989 1975 Galba.
1030 1928 1087 1974 Ρ.
1121 1925 1358 1990 Sulpitius
1392 1924 1582 1973 Galba:

565 2010 625 2057 de
663 2023 764 2071 quo
809 2008 874 2069 Q.
918 2007 1023 2055 Cic.
1065 2006 1118 2054 in
1163 2005 1401 2068 petitione
1445 2020 1584 2051 cons.

561 2089 795 2136 Consu).
830 2113 902 2123 —
932 2086 1013 2135 Ab
1039 2086 1136 2133 hoc
1175 2085 1349 2135 Cicero
1379 2083 1448 2132 ait
1479 2099 1585 2130 mo-

559 2167 830 2215 destissimo
855 2177 1002 2230 atque
1024 2165 1214 2229 optimo
1236 2165 1342 2211 viro
1363 2180 1413 2212 se
1433 2162 1586 2227 gratia

553 2263 655 2295 esse
682 2247 885 2296 victum.
913 2248 1009 2293 Pro
1036 2247 1168 2295 Mur.
1189 2260 1299 2309 cap.
1322 2246 1371 2291 8.

629 2327 681 2372 3.
699 2325 811 2372 Sine
811 2325 955 2391 fimo.
984 2328 1054 2372 lta
1073 2323 1460 2388 interpunximus
1478 2322 1583 2369 haec

559 2405 703 2454 verba
719 2440 735 2465 ‚
785 2416 840 2453 ut
884 2406 1078 2453 monuit
1126 2404 1393 2468 malaspina
1428 2419 1441 2452 :
1495 2414 1582 2462 ut,

556 2488 698 2532 «sine
731 2485 847 2532 suco
880 2499 939 2531 ac
972 2483 1234 2544 fallaciis»,
1259 2484 1492 2531 referatur
1518 2483 1580 2530 ad

556 2564 921 2627 denegationem
944 2563 1317 2625 suffragatorum
1332 2597 1347 2620 ‚
1385 2578 1488 2610 non
1518 2563 1580 2611 ad

553 2643 974 2707 presentationem
1027 2641 1213 2691 Galbae.
1269 2643 1465 2689 Bosms.
1507 2668 1580 2678 —

555 2721 634 2769 Sic
656 2721 800 2769 etiam
822 2722 1067 2778 Muretus,
1084 2723 1197 2768 Var.
1213 2722 1348 2771 Lect.
1371 2724 1445 2769 lx
1461 2758 1475 2783 ,
1499 2736 1578 2769 xo.

554 2827 624 2836 —
638 2798 949 2864 Significatur
964 2800 1187 2848 homines
1207 2801 1377 2849 Galbae
1395 2812 1575 2865 aperte,

552 2879 687 2943 quod
714 2879 798 2927 ille
816 2891 1032 2944 rogaret,
1049 2896 1243 2944 negasse
1258 2914 1272 2939 ,
1290 2896 1392 2927 non
1409 2882 1575 2928 fucose

551 2969 636 3007 aut
661 2960 895 3007 fallaciter
920 2959 964 3006 ei
988 2960 1280 3023 promisisse.
1305 2963 1420 3007 Seu.

629 3046 678 3095 4.
705 3043 790 3087 Ita
817 3039 1069 3103 quiddam.
1100 3040 1282 3092 Creber
1302 3039 1385 3087 ille
1407 3055 1575 3089 rumor

554 3119 614 3167 de
629 3119 894 3167 multorum
906 3133 1017 3183 erga
1036 3109 1128 3166 nos
1145 3135 1385 3184 propensa
1401 3119 1478 3165 vol
1485 3136 1575 3166 un-

553 3208 648 3245 tate
659 3197 803 3245 nobis
821 3197 1072 3255 nonnihil,
1096 3208 1150 3244 ut
1166 3213 1309 3261 spero
1322 3232 1335 3254 ‚
1351 3197 1573 3261 proderit

551 3276 612 3324 ad
631 3275 892 3325 obtinenda
915 3276 1088 3340 populi
1110 3276 1354 3339 suffragia.
1374 3277 1569 3326 Bosws.

623 3356 675 3404 5.
699 3361 761 3405 A.
783 3355 836 3404 d.
866 3357 1003 3402 XVI.
1032 3357 1093 3402 In
1128 3354 1257 3402 notis
1291 3356 1572 3420 scripsimus

549 3450 602 3483 a.
624 3435 676 3483 d.
697 3450 826 3494 non,
844 3444 900 3481 nt
916 3444 1017 3482 erat
1032 3434 1333 3498 invulgafis,
1353 3436 1439 3493 ad,
1458 3453 1569 3500 quoe

547 3514 830 3578 prepositio
861 3514 976 3562 huic
1011 3514 1125 3562 loco
1167 3514 1427 3562 convenius
1466 3532 1568 3564 non

552 3601 729 3656 potest.
760 3595 887 3641 Nam
911 3593 974 3641 ad
1001 3592 1242 3642 decimum
1274 3604 1463 3643 sextum
1488 3596 1570 3644 ka·

550 3669 718 3718 lendas
744 3683 868 3720 esset
893 3673 1086 3722 circiter
1109 3672 1347 3721 decimum
1375 3686 1567 3723 sextum

548 3749 742 3798 kalend.
783 3750 805 3814 (
814 3752 865 3798 id
891 3753 1019 3800 enim
1054 3752 1129 3800 ad
1154 3752 1366 3801 declarat
1397 3755 1449 3800 in
1476 3754 1567 3802 bu·

543 3829 760 3891 jusmodi
798 3830 1070 3896 locutione)
1103 3848 1205 3897 quo
1242 3832 1380 3882 dicto
1408 3844 1566 3881 certus

545 3908 649 3956 dies
669 3923 767 3955 non
795 3910 1204 3971 praestitueretur:
1233 3928 1378 3976 quem
1409 3923 1567 3960 tamen

542 3989 622 4035 hic
637 3987 899 4051 praefinisse
911 3991 1194 4040 Ciceronem
1208 3992 1398 4055 liquido
1413 4004 1567 4040 osten·

543 4069 669 4116 dunt
687 4068 791 4115 haec
813 4067 957 4115 verba
976 4091 1000 4110 ‹-
1014 4072 1224 4118 comitiis
1247 4072 1513 4120 tribunitiis
1522 4094 1561 4117 ιο.

543 4149 665 4197 Nam
692 4149 740 4197 in
769 4149 1004 4197 incertum
1027 4149 1153 4198 diem
1180 4151 1333 4200 indici
1368 4153 1564 4200 comitia

1672 1948 1776 1978 non
1801 1931 2037 1979 solebant.
2055 1933 2184 1979 Hinc
2201 1941 2363 1978 statuo
2381 1928 2462 1976 hic
2486 1929 2702 1978 scriben-

1672 2011 1791 2057 dum
1810 2027 1937 2069 esse,
1962 2020 2017 2057 ut
2035 2008 2156 2068 dixi,
2173 2026 2255 2057 «a.
2269 2009 2323 2057 d.
2339 2025 2428 2056 1v1
2437 2030 2479 2056 υ.
2493 2009 2704 2058 Concise

1672 2099 1829 2136 autem
1870 2088 2098 2137 dicebant
2135 2111 2160 2130 α
2180 2098 2291 2136 ante
2333 2088 2530 2148 diem»,
2583 2104 2701 2152 pro,

1672 2180 1784 2215 ante
1824 2168 1953 2215 diem
1992 2165 2185 2215 finitum
2199 2203 2215 2227 ,
2248 2167 2555 2233 proindeque
2588 2168 2702 2233 ipso

1673 2246 1768 2297 die.
1793 2247 1916 2296 Inde
1934 2247 2109 2296 Paulus
2122 2246 2498 2308 jurisconsultus
2520 2247 2607 2295 lib.
2626 2251 2703 2296 111

1670 2326 1737 2375 ad
1770 2327 1925 2392 legem
1968 2327 2164 2392 Papiam
2204 2336 2254 2373 et
2299 2326 2517 2386 saliam,
2545 2343 2699 2390 quum

1671 2407 1846 2455 docere
1880 2405 2028 2455 vellet
2061 2406 2137 2453 his
2172 2405 2357 2465 verbis,
2382 2416 2534 2453 «ante
2567 2405 2700 2454 diem

1672 2485 1911 2534 decimum
1920 2485 2211 2543 kalendas-0,
2232 2496 2281 2532 et
2297 2507 2323 2526 κ
2336 2496 2447 2549 post
2467 2485 2596 2533 diem
2615 2485 2703 2532 de·

1668 2567 1846 2613 cimum
1864 2564 2131 2613 kalendas·-
2143 2598 2157 2624 ,
2178 2564 2305 2612 diem
2321 2564 2482 2628 ipsum
2501 2563 2699 2611 demum

1666 2644 1894 2709 kalendas
1910 2635 2200 2708 significari,
2214 2643 2284 2690 sic
2304 2643 2527 2707 scripsit:
2549 2653 2703 2691 «ante

1667 2724 1796 2772 diem
1816 2724 2058 2772 decimum
2076 2721 2387 2769 kalendarum
2404 2755 2419 2780 ‚
2434 2733 2549 2785 post
2567 2721 2699 2770 diem

1664 2802 1904 2850 decimum
1915 2801 2227 2849 kalendarum
2241 2814 2255 2850 ε
2270 2812 2443 2848 neutro
2457 2802 2585 2848 enim
2598 2817 2698 2849 ser-

1662 2897 1807 2929 mone
1835 2880 2065 2929 undecim
2091 2878 2194 2928 dies
2219 2878 2556 2943 significantur
2567 2903 2610 2930 ι.
2631 2882 2695 2928 Ιιι

1661 2959 1880 3008 eamdem
1909 2976 2106 3024 quoque
2141 2960 2426 3007 sententiam
2455 2959 2698 3024 Ulpianus

1660 3038 1789 3086 libro
1806 3040 1933 3085 XIX
1960 3037 2024 3084 ad
2049 3037 2265 3085 edictum
2282 3073 2296 3098 ,
2325 3038 2472 3101 «qui,
2500 3038 2695 3100 inquit,

1661 3130 1772 3166 ante
1797 3117 2030 3165 Kalendas
2056 3118 2308 3182 proximas
2326 3117 2602 3180 stipulatur,
2628 3117 2695 3163 si-

1660 3195 1788 3243 milis
1817 3208 1891 3244 est
1920 3196 1990 3254 ei,
2019 3196 2106 3260 qui
2132 3195 2351 3243 kalendis
2376 3195 2632 3259 stipulatur
2643 3218 2688 3241 a.

1661 3274 1781 3321 Haec
1821 3276 1950 3322 enim
1992 3274 2162 3332 verba,
2206 3288 2355 3323 «ante
2391 3272 2655 3321 kalendas-
2672 3309 2689 3331 ,

1659 3353 1731 3400 sic
1756 3353 2039 3418 accipienda
2079 3364 2218 3416 putat
2250 3354 2514 3418 Ulpianus,
2542 3354 2689 3416 quasi

1659 3432 1846 3480 dictum
1875 3444 2000 3482 esset
2043 3444 2196 3480 «ante
2229 3433 2357 3481 diem
2388 3432 2620 3480 kalendas
2643 3455 2691 3481 a.

1658 3510 2023 3560 In.—Comitiis
2034 3510 2472 3561 tribunitiis.Galba
2484 3511 2690 3575 quidem

1657 3603 1768 3641 unte
1797 3593 1960 3640 omnia
1991 3592 2190 3639 comitia
2222 3602 2551 3655 prensaverat.
2593 3593 2693 3639 En.

1728 3675 1779 3721 6.
1802 3672 1931 3731 Alii,
1960 3670 2342 3719 «videbantur».
2377 3672 2426 3718 J.
2446 3673 2508 3717 V.
2536 3671 2591 3718 1..

1731 3767 1776 3810 7.
1794 3751 2056 3798 Antonius.
2076 3751 2170 3797 nic
2187 3749 2239 3797 in
2253 3750 2485 3798 aedilitate
2503 3761 2555 3797 et
2572 3765 2695 3812 pra·

1657 3840 1788 3889 tura,
1811 3830 2061 3879 Ciceronis
2085 3831 2243 3877 fuerat
2266 3829 2475 3891 collega,
2499 3829 2696 3892 fuitque

1657 3919 1769 3971 post
1797 3911 1939 3958 etism
1966 3909 2017 3962 in
2042 3907 2328 3956 consulatu.
2345 3909 2495 3955 Mn«.

1728 3989 1776 4034 8.
1816 3991 1879 4052 Q.
1913 3987 2214 4056 Cornificius.
2259 3988 2358 4049 Qui
2398 3987 2509 4034 trib.
2552 3986 2690 4050 pleb.

1654 4067 1744 4113 fuit
1772 4068 1837 4129 Q.
1858 4068 2125 4115 Hortensio
2161 4079 2210 4114 et
2235 4070 2298 4129 Q.
2316 4066 2520 4115 Metello
2550 4082 2689 4114 coss.

1656 4148 1794 4194 Verr.
1812 4149 1993 4205 Act.1,
2021 4163 2099 4195 ιο.
2125 4149 2349 4196 Consu.
