3023 4773
530 438 671 510 366
1168 442 1262 507 M.
1316 439 1390 504 T.
1447 439 2001 509 CICERONIS

523 619 1069 641 §mm-mmmm

1348 618 2439 639 Μωωωωωῃῶωωωδᾎω
2451 621 2533 641 ΒΜ
2543 621 2632 640 “-

1167 788 1771 867 EPISTOLA
1840 790 2003 867 ΙΙΙ.

521 942 815 1000 Valerium
841 938 1167 997 absolutum
1199 958 1322 996 esse
1346 939 1593 996 nuntiat.
1620 944 2019 998 Fenestrarum
2055 945 2341 1018 angustias
2371 942 2511 999 male
2535 951 2643 999 At·-

606 1040 778 1097 ticum
814 1035 1270 1116 reprehendisse.
1305 1040 1390 1094 De
1429 1035 1681 1093 consiliis
1717 1036 1864 1108 suis,
1901 1038 2169 1116 proximo
2206 1038 2504 1096 consulatu
2541 1058 2635 1095 ca·

599 1134 851 1213 piendi5‚
896 1154 963 1191 ac
1012 1131 1368 1210 potissimum
1412 1130 1486 1189 de
1533 1133 1657 1209 lege
1697 1133 1953 1208 agraria,
2003 1152 2076 1190 an
2114 1134 2535 1213 oppugnanda,
2571 1155 2642 1192 an

602 1229 984 1290 defendenda.
1015 1230 1270 1287 Atticum
1295 1242 1360 1286 ut
1387 1228 1575 1308 pridie
1599 1229 1930 1306 compitalia
1952 1234 2193 1289 Romam
2226 1232 2419 1288 veniat
2448 1245 2630 1307 rogat.

611 1329 835 1406 (Romae
853 1370 871 1395 ‚
901 1345 1053 1384 enno
1073 1330 1146 1386 U.
1165 1328 1228 1384 C.
1256 1324 1372 1401 693
1389 1368 1404 1394 ,
1423 1344 1614 1383 mense
1635 1323 1928 1384 decembri
1942 1325 2013 1404 *.)

1179 1496 1496 1563 CICERO
1549 1492 1869 1564 ATTICO
1914 1500 1977 1564 S.

621 1641 954 1722 Panium,
993 1652 1078 1706 ut
1110 1639 1403 1733 opinor,
1446 1640 1772 1732 εὐαγγέλια
1798 1647 1846 1705 ¹.
1876 1636 2244 1708 Valerius²
2276 1636 2649 1710 absolutus

523 1764 666 1836 est,
715 1749 1099 1818 Hortensio
1155 1742 1609 1815 defendente.
1673 1744 1755 1814 Id
1805 1744 2157 1840 judicium
2215 1752 2297 1816 K.
2356 1746 2646 1817 Attilio³

526 1857 1012 1930 condonatum
1068 1853 1496 1951 putabatur:
1531 1869 1602 1924 et
1646 1855 2095 1951 Epicratem‘*
2159 1858 2514 1953 suspicor,
2572 1874 2650 1927 ut

525 1967 815 2055 scribis,
853 1966 1187 2035 lascivum
1222 1961 1462 2033 fuisse.
1498 1966 1781 2035 Etenim
1824 1967 1997 2035 mihi
2028 1965 2310 2064 caligoe⁵
2347 1968 2538 2063 ejus»,
2569 1985 2649 2039 ut

525 2077 750 2148 fasciae
812 2088 1135 2160 cretatae,
1193 2097 1344 2142 non
1411 2072 1807 2169 placebant.
1866 2075 2058 2165 Quid
2115 2077 2203 2145 sit
2226 2131 2244 2157 ,
2312 2081 2649 2165 sciemus,

523 2211 752 2286 quum
785 2186 1081 2256 veneris.
1116 2188 1617 2255 Fenestrarum
1651 2187 2008 2282 angustias
2036 2186 2235 2283 quod
2268 2189 2648 2285 reprehen-

585 2407 609 2433 *
647 2406 888 2470 Mongslt.
915 2405 1118 2471 putabat
1143 2405 1268 2453 hsnc
1306 2406 1448 2469 epist.
1482 2421 1543 2453 ex

525 2489 635 2536 villa
679 2487 742 2535 ad
780 2487 997 2534 Atticum
1043 2487 1237 2533 missam
1274 2502 1390 2533 esse.
1428 2483 1541 2532 seh.

528 2580 688 2616 sutem
717 2576 855 2630 putet
891 2565 1174 2613 Ciceronem
1205 2564 1301 2624 jam
1336 2565 1543 2612 Romam

529 2647 728 2704 redisse,
751 2655 800 2691 et
817 2643 1033 2690 Atticum
1043 2645 1141 2704 jem
1155 2642 1301 2690 fuisse
1318 2643 1538 2691 initalia.

523 2727 616 2777 Cui
640 2722 900 2772 adsentior.
924 2722 1015 2768 En.

601 2822 644 2853 1.
670 2799 965 2870 Εὐαγγίλια.
996 2798 1119 2847 Boni
1146 2796 1308 2847 nuntii
1331 2800 1543 2864 praemia.

525 2883 776 2932 Manutius
818 2878 1043 2944 supplet,
1082 2877 1225 2925 debes
1263 2876 1398 2925 milei.
1445 2877 1544 2925 Alii

527 2979 642 3012 vero
663 2962 863 3016 melius,
889 2953 1039 3006 debeo
1064 2956 1178 3013 tibi,
1216 2958 1300 3020 qui
1324 2955 1541 3018 jucunda

527 3044 589 3091 ad
614 3055 690 3090 me
713 3039 978 3105 scripseris.

596 3140 648 3172 2.
698 3120 937 3169 Valerius.
980 3119 1053 3165 An
1094 3130 1167 3166 est
1208 3115 1289 3163 ille
1325 3114 1546 3162 Valerius

527 3204 755 3261 Flaccus,
786 3200 874 3263 qui
902 3213 1005 3245 non
1031 3196 1186 3242 multo
1222 3205 1335 3259 post
1369 3192 1546 3239 Bibulo

527 3292 575 3329 et
604 3282 789 3330 Caesare
823 3291 951 3324 coss.
987 3284 1061 3320 est
1095 3284 1370 3327 accusatus,
1400 3280 1447 3318 et
1483 3271 1546 3319 ab

527 3358 789 3411 Hortensio
824 3365 872 3402 et
907 3354 1142 3401 Cicerone
1178 3351 1437 3398 defensus?
1483 3367 1545 3397 au

527 3444 600 3489 M.
632 3435 851 3485 Valerius
888 3429 1143 3488 Messalla,
1177 3431 1262 3493 qui
1297 3429 1546 3492 superiore

526 3533 654 3566 enno
675 3532 773 3563 cos.
795 3513 948 3560 suerat
966 3525 1078 3557 cum
1095 3511 1169 3558 M.
1188 3509 1363 3556 Pisone
1376 3512 1398 3557 Ρ
1416 3509 1548 3556 Neu-

529 3601 652 3644 tru'm
677 3604 829 3659 puto:
857 3591 971 3654 quia
999 3600 1201 3651 uterque
1224 3586 1331 3634 solo
1357 3602 1545 3650 coguo-

527 3667 1178 3737 minenppellstur‚Messnlln
1192 3667 1278 3714 lib.
1294 3669 1334 3724 I,
1345 3668 1547 3714 flaccus

529 3772 607 3819 ep.
627 3754 714 3800 ult.
742 3751 883 3809 hujus
899 3747 1027 3795 libri.
1055 3750 1196 3794 Forte
1221 3756 1292 3792 est
1319 3748 1374 3792 L.
1399 3745 1548 3792 Vele-

533 3836 631 3880 rius
662 3826 1064 3890 jurisconsultus,
1101 3826 1238 3886 cuius
1275 3837 1551 3887 cognomen

531 3912 717 3961 nullum
740 3917 911 3954 exstat.
933 3905 1156 3953 Meminit
1175 3905 1279 3964 ejus
1300 3903 1363 3950 ad
1378 3904 1550 3959 Div.1,

534 3991 710 4054 93111‚
737 4002 779 4044 ι,
801 3997 849 4032 et
871 3984 957 4031 lib.
975 3986 1070 4031 vn
1087 4020 1102 4043 ,
1120 4000 1196 4047 ep.
1223 3999 1279 4030 ια
1297 4018 1311 4042 ,
1331 3995 1386 4031 nt
1407 3983 1550 4056 unius

532 4088 593 4119 ex
611 4067 709 4116 suis
734 4063 1008 4112 domesticis
1035 4074 1180 4125 etque
1206 4063 1386 4109 intimis
1409 4061 1546 4108 fanni-

534 4148 746 4198 liaribus.
778 4142 894 4190 Ideo
923 4141 1002 4188 hic
1030 4141 1125 4200 ait,
1161 4142 1271 4202 quia
1300 4141 1436 4188 illum
1463 4141 1546 4188 ab·

1632 2408 1844 2456 solutum
1861 2405 2115 2472 significat.
2131 2409 2223 2457 sibi
2240 2409 2401 2457 deberi
2416 2409 2650 2457 abAttico

1632 2487 1909 2551 praemium,
1932 2486 2069 2550 quod
2090 2486 2191 2534 dari
2214 2487 2337 2535 solet
2356 2488 2518 2536 laetum
2536 2488 2649 2536 ειπε-

1632 2566 1759 2612 renti
1780 2566 2021 2613 nuntium.
2049 2568 2251 2615 Por-su.
2402 2561 2407 2564 ’

1703 2646 1750 2691 3.
1765 2646 1830 2691 Κ.
1847 2644 2034 2693 Attile‘o.
2056 2644 2116 2692 ld
2133 2656 2231 2704 est,
2248 2645 2439 2693 Caesoni
2462 2645 2649 2694 Attilio.

1632 2723 1742 2770 Fuit
1758 2724 1887 2770 enim
1906 2724 2045 2772 Caeso
2058 2738 2341 2787 prenomen
2354 2725 2653 2772 Attaioi-nm,

1631 2802 1768 2865 quod
1805 2802 1897 2850 hac
1935 2813 2049 2850 note
2082 2805 2145 2850 K.
2177 2802 2321 2850 scribi
2355 2799 2557 2852 solebat.
2595 2807 2652 2851 ln

1634 2871 1768 2928 sn'stis
1798 2881 2089 2945 Capitolinis
2109 2883 2163 2929 L.
2198 2884 2400 2931 Attilins
2431 2883 2653 2931 tribunus

1631 2960 1838 3007 militnm
1854 2955 1982 3007 lilius
2004 2960 2185 3008 dicitur
2199 2964 2263 3009 K.
2279 2962 2454 3010 Attilii.
2467 2959 2653 3011 Bos.—

1632 3039 1779 3102 Vulg.
1798 3040 2083 3105 simpliciter
2105 3063 2130 3081 ι
2154 3041 2331 3089 Attilio
2355 3064 2402 3089 ι.
2434 3043 2528 3089 Pro
2555 3058 2655 3105 quo

1634 3117 1902 3181 Mslnspinn
1920 3119 1967 3165 in
1982 3118 2037 3166 h.
2059 3119 2091 3165 l.
2106 3119 2404 3169 et‘I'unstsll.
2422 3117 2573 3183 Epist.
2590 3121 2655 3167 nd

1636 3196 1932 3246 Middleton.
1963 3213 2072 3262 pag.
2096 3206 2190 3256 ko,
2218 3197 2383 3262 legunt
2409 3197 2652 3260 probabili

1643 3278 1928 3337 conjectura
1948 3312 1962 3335 ‚
1997 3300 2021 3319 «-
2042 3277 2155 3325 Auli
2182 3276 2288 3326 filio
2311 3301 2363 3340 a,
2395 3288 2448 3326 u't
2474 3276 2651 3324 intelli·

1640 3365 1781 3418 gatur
1806 3355 2035 3404 Afranius
2051 3391 2066 3416 ,
2084 3368 2199 3404 tunc
2222 3359 2453 3421 Pompeio
2475 3357 2655 3421 gratio-

1634 3434 1865 3483 sissimus.
1895 3435 2025 3482 Mnle
2051 3445 2123 3482 est
2142 3459 2166 3476 ο-
2182 3437 2313 3484 Areli
2331 3436 2471 3484 fflio-
2502 3436 2553 3483 in
2575 3437 2652 3484 ed.

1635 3513 1921 3562 Seh.'1816.
1937 3514 1985 3562 J.
2000 3516 2063 3562 V.
2083 3516 2136 3561 L.

1710 3602 1756 3649 4.
1776 3592 2072 3656 Epicratem.
2091 3594 2239 3656 Quasi
2256 3606 2501 3658 potentem
2514 3631 2529 3654 ,
2549 3612 2656 3642 om·

1635 3673 1714 3717 nin
1758 3683 1999 3720 tenentem
2043 3673 2113 3726 in*
2142 3673 2314 3735 repub.
2371 3675 2615 3722 Lascivum
2640 3709 2654 3728 .

1635 3760 1920 3813 protervum
1958 3752 2103 3799 fuisse
2133 3752 2416 3815 Pompeium
2451 3753 2500 3799 in
2527 3753 2658 3813 judi-

1637 3827 1777 3875 cibus
1812 3830 2040 3893 nrgendis
2069 3839 2123 3876 nt
2157 3828 2479 3880 absolverent.
2520 3835 2568 3879 J.
2607 3835 2655 3878 F.

1639 3907 1875 3954 Gnouov.
2545 3910 2555 3919 “

1714 3987 1759 4033 5.
1794 3986 1994 4052 Caliga.
2016 3989 2278 4042 Militares,
2300 3988 2478 4051 quibus
2496 3990 2657 4046 domi,

1637 4064 1687 4110 in
1712 4063 1855 4119 urbe,
1877 4066 1925 4112 in
1946 4084 2064 4129 pace
2091 4067 2334 4123 utebatur,
2355 4084 2483 4115 aurae
2503 4085 2661 4132 popu·

1638 4142 1723 4189 lari
1761 4145 1997 4205 serviens,
2035 4155 2086 4192 ut
2128 4145 2211 4192 lib.
2253 4148 2302 4198 1.
2342 4162 2419 4208 ep.
2468 4149 2543 4193 16.
2586 4149 2657 4194 De
