3023 4773
602 434 741 515 244
1124 435 1128 439 ’
1387 426 1937 500 PRAEFATIO

595 572 738 619 tum
772 554 959 617 nobis
994 550 1153 617 illud
1186 552 1611 617 restituerunt
1631 603 1649 635 ,
1681 577 1814 642 quo
1846 552 2022 617 haud
2065 554 2199 618 scio
2235 577 2318 617 an
2351 554 2526 620 aliud
2556 556 2737 621 inve-

595 661 718 724 niri
751 658 956 748 possit
988 657 1193 738 majus
1213 706 1232 739 ‚
1270 658 1402 721 sive
1436 659 1581 746 quis
1617 681 1811 748 pure,
1845 675 2029 748 apte,
2067 660 2458 748 copioseque
2491 659 2731 744 dicere,

589 767 721 830 sive
769 763 1127 853 prudenter
1172 764 1371 828 velit?
1417 763 1583 828 Nam
1635 787 1778 829 mea
1828 765 1933 829 illa
1979 780 2238 852 semper·
2285 767 2506 856 opinio
2559 770 2731 834 fuit:

586 894 793 959 quum
843 869 1103 935 dicendi
1157 870 1353 950 ratio,
1397 885 1539 933 tum
1582 871 1829 953 verbis,
1866 871 2100 959 hisque
2150 873 2252 937 vel
2312 874 2574 962 singulis
2622 876 2728 940 vel

584 977 979 1060 conjunctis,
1019 993 1159 1041 tum
1193 975 1438 1039 rebus
1422 977 1576 1064 ipsis
1605 993 1903 1042 ctonstet
1945 999 2158 1065 neque
2193 1000 2296 1042 res
2330 978 2439 1042 hie
2466 978 2725 1060 deesse,

583 1107 791 1172 quum
824 1082 1134 1147 memoria
1160 1102 1484 1145 annorum
1519 1082 1774 1146 circiter
1806 1082 2064 1171 triginta
2108 1083 2208 1169 (ut
2239 1083 2535 1148 omittam
2572 1086 2724 1154 alias

582 1188 913 1275 utilitates)
949 1189 1051 1252 his
1088 1189 1382 1278 colligata
1413 1189 1596 1254 libris
1624 1191 1745 1254 sit:
1789 1205 1854 1254 et
1884 1190 2292 1255 verborum
2273 1213 2343 1254 ιιι
2398 1193 2580 1256 omni
2614 1216 2728 1282 ge-

525 1334 530 1339 ·
577 1320 730 1361 nere
759 1293 1053 1374 dicendi,
1101 1294 1270 1359 sed
1254 1318 1322 1358 ιιι
1359 1295 1634 1359 fortuito
1672 1317 1748 1359 ac
1788 1294 2084 1361 familiari
2126 1317 2460 1378 sermone,
2493 1298 2725 1386 ingens

576 1403 732 1466 hinc
760 1402 857 1466 vis
886 1417 952 1466 et
978 1401 1165 1489 copia
1193 1416 1515 1489 suppetat.
1540 1402 1624 1491 At
1646 1401 1860 1487 possis
1893 1399 2119 1464 eadem
2149 1423 2225 1465 ex
2258 1402 2397 1465 aliis
2432 1403 2722 1482 ejusdem

577 1507 784 1589 libris,
819 1529 903 1570 ne
934 1506 1018 1570 sit
1049 1521 1304 1570 tantum
1337 1504 1497 1571 boni
1529 1505 1840 1591 temporis
1874 1505 2420 1570 consumendum.
2446 1507 2625 1590 Quid
2667 1512 2723 1573 si

579 1615 664 1677 illi
701 1613 926 1677 itidem
960 1611 1254 1700 corrupti
1283 1610 1462 1674 sint?
1495 1609 1677 1692 Quid
1712 1611 1765 1674 si
1800 1610 1870 1674 in
1904 1611 2004 1674 his
2032 1611 2380 1700 singularia
2419 1613 2715 1700 quaedam

570 1721 733 1802 sint,
769 1742 914 1808 quoe
947 1718 1097 1782 alibi
1133 1739 1266 1780 non
1301 1715 1626 1804 reperias?
1667 1716 1997 1782 Nimirum
2054 1717 2279 1804 putida
2333 1734 2431 1783 est
2475 1719 2612 1783 haec
2657 1738 2726 1784 et

568 1825 792 1889 odiosa
821 1820 1280 1888 sedulitas.·llla
1310 1819 1789 1910 propemodum
1825 1844 1961 1885 non
1990 1822 2250 1904 injusta,
2271 1846 2415 1911 quae
2445 1823 2724 1890 modum

573 1933 638 1995 in
676 1931 779 1994 his
813 1930 1046 2018 quaerit
1065 1977 1083 2010 ,
1109 1944 1174 1992 et
1208 1928 1533 1992 licentiam
1554 1927 1854 2010 cohibet,
1881 1951 2329 2018 novarumque
2356 1931 2714 1996 lectionum

571 2034 1030 2124 cupiditatem,
1069 2055 1196 2121 qua
1234 2032 1476 2096 factum
1511 2034 1630 2115 sit,
1684 2049 1759 2107 ut
1794 2033 2152 2122 legentium
2184 2056 2350 2123 saepe
2391 2038 2719 2101 sententia

572 2140 843 2206 fluctuet
863 2188 882 2222 ,
914 2140 1208 2226 certique
1248 2138 1409 2202 nihil
1444 2138 1693 2202 habeat.

660 2248 797 2312 Nos
846 2263 1060 2310 tamen
1111 2246 1202 2309 sic
1248 2244 1625 2327 statuimus,
1672 2268 1881 2332 quum
1940 2245 2084 2310 duae
2141 2248 2271 2311 sint
2324 2247 2723 2313 emendandi

573 2354 885 2435 rationes,
928 2373 1059 2416 una
1108 2372 1251 2439 quae
1291 2350 1359 2414 in
1396 2366 1691 2415 veterum
1723 2352 2042 2416 librorum
2079 2353 2328 2443 integra
2363 2353 2720 2442 scriptura,

573 2463 767 2560 altera
798 2482 942 2548 quae
971 2460 1038 2522 in
1067 2459 1438 2537 conjectura
1470 2458 1969 2547 suspicioneque
1997 2477 2340 2543 cernatur,
2374 2461 2549 2525 illam
2579 2463 2722 2549 qui-

575 2567 724 2632 ‹lem
762 2584 968 2631 tutam
1003 2559 1174 2646 esse',
1210 2564 1324 2627 sed
1358 2566 1559 2651 quaeri
1595 2566 1938 2654 optatique
1974 2588 2229 2655 saepius,
2243 2590 2440 2655 quam
2462 2570 2720 2656 optanti

573 2672 1019 2761 quaerentique
1053 2691 1430 2751 occurrere,
1464 2693 1539 2733 ac
1566 2693 1633 2734 se
1666 2670 2033 2736 ostendere.
2060 2672 2258 2756 Quod
2291 2674 2378 2737 ita
2411 2696 2570 2755 esse,
2601 2695 2720 2740 eos

575 2779 930 2867 intelligere
962 2792 1140 2842 certo
1178 2776 1342 2856 sci0,
1369 2776 1610 2864 quibus
1648 2775 1940 2841 studium
1975 2778 2099 2842 fuit
2130 2778 2269 2842 hoec
2288 2827 2306 2860 ,
2336 2780 2437 2843 vel
2466 2781 2717 2868 primo-

575 2884 758 2948 ribus
799 2881 1015 2974 digitis
1038 2931 1056 2964 ,
1107 2882 1444 2970 attingere.
1494 2882 1647 2945 Haec
1691 2903 1846 2970 ergo
1894 2883 2155 2948 felicitas
2200 2907 2406 2972 quum
2447 2908 2717 2973 perraro

567 2991 991 3080 contingeret,
1022 2987 1192 3052 hanc
1216 2988 1335 3052 sibi
1365 2987 1620 3051 veniam
1643 2987 1818 3052 docti
1848 2990 2363 3076 postulaverunt,
2402 3008 2477 3055 ut
2510 2993 2715 3057 altera

505 3135 516 3142 -
571 3096 791 3160 liceret
820 3094 956 3175 uti,
992 3114 1136 3182 quae
1176 3094 1246 3156 in
1284 3092 1656 3171 conjectura
1703 3094 1822 3157 sita
1872 3111 2012 3159 est:
2063 3117 2262 3182 quam
2296 3097 2411 3183 qui
2442 3119 2713 3161 omnem

568 3224 833 3288 prorsus
889 3199 1227 3264 exsibilant
1247 3246 1265 3278 ,
1320 3214 1386 3262 et
1438 3198 1622 3284 quasi
1677 3199 2028 3278 majestatis
2082 3198 2448 3264 damnatam
2472 3250 2491 3284 ,
2541 3226 2713 3290 aqua

569 3306 835 3395 ignique
877 3303 1318 3383 interdicunt,
1356 3303 1401 3366 ii
1448 3304 1607 3367 mihi
1643 3305 1805 3369 mala
1839 3307 2090 3370 ratione
2129 3306 2339 3371 facere
2367 3306 2711 3390 videntur;

566 3436 686 3477 nec
708 3414 856 3477 satis
889 3409 1049 3499 quid
1083 3410 1149 3473 in
1182 3432 1442 3498 quaque
1480 3434 1550 3474 re
1583 3403 1684 3489 sit,
1723 3434 1914 3500 posse
1951 3411 2288 3502 dispicere.
2312 3414 2452 3502 Ego
2477 3411 2707 3478 contr'a

562 3518 804 3583 nullam
851 3517 1119 3598 rejicio;
1178 3537 1346 3603 saepe
1403 3518 1577 3580 enim
1629 3516 1710 3581 ad
1755 3518 2091 3583 veritatem
2142 3516 2358 3600 ducit;
2398 3518 2513 3583 sed
2558 3543 2698 3583 non

556 3624 859 3688 omnibus
899 3624 1118 3688 locum
1170 3621 1277 3686 do.
1321 3622 1549 3704 Quum
1602 3624 1774 3686 enim
1826 3625 2216 3704 conjecturae
2266 3625 2431 3689 ratio
2478 3626 2703 3689 multi-

556 3728 706 3818 plex
741 3729 861 3810 sit,
909 3751 984 3793 ex
1026 3728 1422 3810 mutatione,
1470 3727 1882 3810 trajectione,
1935 3729 2298 3809 additione,
2339 3731 2705 3798 mutatione

551 3834 882 3898 literarum
909 3858 924 3898 :
961 3857 1040 3899 ex
1072 3835 1393 3899 sententia
1426 3851 1622 3922 atque
1659 3833 1928 3899 historia
1949 3885 1964 3916 ‚
2000 3837 2261 3925 penitus
2290 3835 2592 3901 damnata
2626 3861 2704 3903 ac

457 4003 466 4008 -
550 3939 883 4028 repudiata
916 3941 1265 4029 scriptura:
1306 3964 1449 4029 quae
1480 3964 1518 4004 a
1551 3941 1886 4029 proposito
1920 3941 2219 4024 declinet,
2254 3966 2480 4030 quaeve
2511 3944 2700 4006 colli-

545 4061 694 4128 neat
714 4094 731 4127 ,
764 4046 864 4109 vel
877 4044 1298 4111 mediocriter
1320 4045 1557 4110 eruditi
1584 4046 1766 4110 facile
1794 4049 2107 4113 sentiunt.
2136 4048 2445 4112 Protinus
2484 4049 2697 4130 enim,

544 4153 597 4216 si
636 4152 806 4218 bona
838 4168 974 4234 est,
1020 4152 1273 4215 animus
1305 4153 1681 4238 acquiescit,
1716 4154 2022 4242 ultroque
2055 4155 2318 4242 arripit:
2351 4155 2447 4218 sin
2476 4155 2697 4218 minus
