3023 4773
556 409 1099 479 EPISTOLAE
1147 411 1286 478 An
1335 409 2051 491 ATTlcUM‚v11‚
2095 431 2159 502 9
2281 387 2419 502 6'67

305 529 647 603 mendum
670 534 919 628 magis,
947 556 1162 628 quam
1191 531 1309 603 ille
1333 530 1609 602 consul.
1638 535 1729 601 At
1756 532 1856 602 sic
1878 529 2094 610 malo,
2121 528 2426 624 inquies,

305 667 524 739 quam
581 668 745 714 cum
795 642 1134 713 exercitu.
1193 647 1423 712 Certe.
1486 639 1627 710 Sed
1681 645 1864 711 istuc
1915 643 2187 737 ipsum,
2232 636 2427 724 dico,

308 777 651 850 magnum
692 749 1010 823 malum⁶
1064 767 1273 850 putet
1302 752 1561 849 aliquis
1593 780 1608 821 :
1647 775 1886 847 neque
1929 752 1996 820 ei
2026 747 2427 820 remedium

304 876 414 933 est
449 863 699 933 ullum.
736 861 1161 933 Cedendum
1200 877 1342 950 est,
1380 863 1440 932 si
1474 860 1549 931 id
1585 861 1796 931 volet.
1835 858 2017 930 Vide
2055 858 2424 930 consulem

303 971 506 1042 illum
540 973 835 1059 iterum,
881 996 1097 1069 quem
1141 971 1380 1041 vidisti
1416 970 1793 1042 consulatu
1827 971 2086 1066 priore.
2137 972 2227 1037 At
2266 982 2425 1037 tum
2515 1055 2522 1066 .

305 1078 705 1151 imbecillus
741 1080 937 1178 plus,
972 1082 1239 1177 inquis,
1275 1081 1529 1166 valuit,
1560 1104 1780 1176 quam
1818 1091 1966 1148 tota
1993 1075 2423 1174 respublica.

304 1187 501 1277 Quid
529 1214 724 1259 nunc
748 1191 998 1287 putas?
1020 1204 1091 1260 et
1119 1214 1207 1259 eo
1235 1186 1565 1276 consule,
1594 1192 1940 1286 Pompeio
1967 1189 2284 1257 certum⁷
2317 1198 2425 1255 est

304 1322 460 1369 esse
492 1300 567 1368 in
592 1303 947 1396 Hispania.
972 1303 1036 1368 O
1070 1323 1225 1370 rem
1265 1297 1636 1371 miseram!
1676 1299 1737 1368 si
1765 1296 2058 1394 quidem
2088 1295 2160 1366 id
2187 1297 2425 1393 ipsum

301 1405 772 1478 deterrimum
814 1422 956 1494 est,
1002 1407 1202 1505 quod
1238 1411 1549 1480 recusari
1593 1433 1743 1479 non
1782 1421 2056 1504 potest;
2102 1421 2174 1476 ct
2224 1402 2426 1502 quod
2501 1483 2504 1486 ,

301 1515 420 1585 ille
454 1515 513 1586 si
537 1513 781 1603 faciat,
820 1517 967 1610 jam
994 1517 1140 1612 jam
1168 1543 1209 1589 a
1235 1517 1451 1590 bouis
1484 1516 1824 1589 omnibus
1852 1540 2206 1588 summam
2234 1520 2426 1586 ineat

304 1628 625 1722 gratiam.
657 1624 1016 1696 Tollamus
1058 1630 1274 1723 igitur
1304 1629 1481 1716 hoc,
1518 1653 1667 1726 quo
1694 1628 1897 1699 illum
1934 1651 2144 1725 posse
2172 1625 2432 1696 adduci

305 1747 616 1829 negant:
647 1732 738 1804 de
776 1733 1072 1830 reliquis
1116 1735 1289 1831 quid
1336 1753 1442 1809 est
1478 1737 1998 1809 deterrimum?
2032 1734 2429 1808 concedere

304 1842 447 1930 illi,
500 1843 739 1939 quod,
786 1859 866 1915 ut
910 1842 1139 1915 idem⁸
1181 1843 1383 1932 dicit,
1428 1847 2045 1946 impudentissime
2090 1846 2425 1945 postulat.

305 1958 489 2024 Nam
526 1953 705 2050 quid
740 1955 1287 2054 impudentius?
1318 1960 1641 2028 Tenuisti
1675 1959 2112 2056 provinciam
2139 1980 2269 2054 per
2303 1955 2428 2025 de-

227 2131 238 2140 ,
307 2086 462 2133 cem
502 2088 762 2152 annos,
802 2090 952 2135 non
992 2064 1122 2135 tibi
1167 2091 1206 2136 a
1243 2081 1529 2152 senatu,
1567 2067 1693 2138 sed
1737 2093 1778 2138 a
1817 2085 1886 2140 te
1925 2070 2083 2166 ipso
2120 2091 2252 2165 per
2286 2068 2427 2135 vim

307 2186 379 2242 et
421 2196 553 2269 per
589 2170 968 2244 factionem
1004 2173 1231 2246 datos.
1279 2179 1624 2247 Praeteriit
1667 2192 1986 2274 tempus,
2024 2203 2173 2249 non
2220 2177 2431 2272 legiS,

307 2282 432 2352 sed
479 2279 793 2353 libidinis
844 2298 983 2354 tuae
1029 2312 1042 2353 :
1093 2283 1203 2356 fac
1255 2299 1535 2369 tamen,
1592 2286 1785 2382 legis,
1839 2290 1938 2357 Ut
1978 2285 2434 2371 succedatur,

307 2391 758 2466 decernitur:
789 2397 1128 2494 impedis3
1158 2413 1230 2468 ct
1263 2398 1399 2483 εἰς,
1428 2396 1628 2470 Habe
1654 2399 1797 2468 mei
1826 2398 2197 2468 rationem.
2231 2393 2431 2465 Habe

308 2518 387 2575 tu
423 2519 778 2576 nostrum.
814 2510 1217 2578 Exercitum
1259 2521 1337 2577 tu
1382 2506 1647 2578 habeas
1684 2506 1990 2595 diutius,
2038 2529 2257 2603 quam
2296 2528 2433 2601 po·-

308 2616 522 2713 pulus
570 2615 815 2709 jussit,
870 2619 1096 2688 invito
1141 2622 1438 2688 senatu?
1478 2623 1867 2714 Depugnes
1915 2630 2237 2715 oportet,
2292 2617 2427 2684 nisi

308 2726 664 2796 concedis.
710 2730 893 2797 Cum
947 2727 1141 2798 bona
1190 2726 1481 2824 quidem
1519 2751 1684 2826 spe,
1728 2743 1810 2799 ut
1860 2730 1957 2798 ait
2001 2727 2265 2809 idem9,
2317 2725 2426 2794 vel

309 2832 680 2921 vincendi,
732 2836 842 2908 vel
887 2839 963 2907 in
1002 2836 1329 2909 libertate
1373 2836 1748 2908 moriendi.
1804 2844 1960 2908 Jam
1997 2840 2052 2908 si
2100 2860 2427 2934 pugnan-

310 2943 486 3013 dum
547 2959 691 3028 est,
731 2969 881 3039 quo
933 2962 1303 3045 tempore,
1359 2947 1432 3015 in
1497 2971 1709 3032 casu3
1764 2972 1913 3042 quo
1956 2945 2296 3027 consilio,
2355 2944 2429 3012 in

312 3051 755 3150 temporibus
792 3057 1009 3127 situm
1046 3072 1171 3127 est.
1213 3061 1465 3155 Itaque
1504 3071 1574 3126 te
1611 3058 1685 3126 in
1726 3080 1810 3126 ea
1852 3057 2244 3152 quaestione
2279 3078 2427 3123 non

312 3188 636 3236 exerceo.
647 3164 787 3235 'Ad
820 3189 938 3250 ea,
979 3190 1139 3262 quae
1171 3166 1355 3254 dixi,
1386 3165 1603 3251 affer,
1635 3166 1696 3236 si
1732 3164 1910 3261 quid
1936 3162 2180 3235 habes.
2216 3164 2429 3260 Equi·

313 3273 480 3346 dem
521 3273 673 3346 dies
704 3290 1102 3373 noctesque
1131 3291 1499 3374 torqueor.

313 3452 550 3500 Referunt
569 3453 698 3501 euim
716 3451 779 3500 ad
798 3453 1106 3516 Pompeium,
1132 3465 1187 3500 ut
1200 3452 1326 3501 infra
1488 3470 1537 3513 7.
1592 3453 1778 3500 Cenum
1828 3463 1915 3499 est.
1966 3450 2292 3498 Deliberatum
2335 3462 2427 3499 est.

314 3554 340 3574 n
365 3543 507 3596 putet
526 3533 703 3597 aliquis
717 3556 742 3575 υ
757 3568 772 3592 ,
793 3532 878 3580 ubi
902 3532 1071 3598 legunt
1091 3544 1268 3598 «putat
1284 3555 1323 3580 n.
1414 3532 1553 3578 Mau.

311 3610 437 3660 LV.
466 3612 521 3658 L.
1485 3611 1534 3657 8.
1561 3609 1716 3656 Idem.
1741 3610 1839 3672 Qui
1870 3606 2077 3658 affirmat
2101 3609 2287 3656 Caesare
2313 3625 2432 3656 con-

383 3680 433 3729 6.
459 3680 560 3728 Sed
575 3681 695 3729 istuc
717 3682 871 3745 ipsum
891 3719 905 3743 ‚
929 3682 1067 3742 dico,
1093 3698 1322 3747 magnum
1412 3688 1516 3735 mle
1532 3706 1583 3736 se
1600 3689 1815 3737 futurum
1831 3691 1886 3736 in
1904 3689 2321 3753 Hispania.‘1ntn.

314 3762 511 3809 malum.
546 3762 692 3826 Vulg.
719 3763 850 3811 «Sed
881 3765 1006 3811 istnc
1033 3763 1193 3828 ipsum
1229 3764 1324 3825 sic,
1480 3785 1535 3829 9.
1577 3766 1731 3817 Idem.
1778 3769 2039 3833 Pompeius
2072 3752 2156 3831 qui
2187 3779 2425 3831 tamquam

314 3856 346 3887 o
361 3857 586 3905 maguum
601 3843 777 3890 malum
792 3866 830 3888 -.
854 3845 1045 3891 Ernest.
1069 3844 1322 3903 conjectu·
1411 3846 1699 3908 optimatum
1725 3848 1951 3913 princeps
1985 3847 2234 3896 inducitur
2259 3846 2310 3894 in
2337 3846 2427 3893 hac

315 3935 412 3967 ram
439 3920 788 3985 amplectimur.
814 3924 864 3973 J.
884 3926 946 3970 V.
965 3927 1017 3971 L.
1414 3940 1490 3987 cp.
1516 3926 1668 3973 lunt.

1030 4088 1703 4118 m
