3023 4773
589 421 726 502 412
1229 420 1323 485 M.
1376 420 1452 485 T.
1506 419 2071 488 CICERONIS

582 615 853 634 mmm
860 613 1034 632 mm
1042 612 1491 632 mnsmmm
1497 614 2137 634 §nmmmm“§
2146 611 2233 631 m
2241 612 2330 630 m
2350 611 2716 632 mmmm-

1179 790 1753 869 EPISTOLA
1819 791 2112 869 XXII.

593 945 682 1001 De
711 941 900 1001 Clodii
928 943 1098 1001 minis
1125 941 1357 1018 suisque
1376 941 1654 1000 adversus
1675 962 1805 1000 eum
1830 942 2135 1021 praesidiis;
2165 942 2239 1000 de
2259 941 2436 999 Attici
2458 941 2709 999 adventu

665 1037 774 1096 sibi
793 1038 914 1115 jam
942 1039 1291 1109 necessat-im
1328 1037 1401 1095 de
1430 1040 1571 1116 reip.
1595 1054 1779 1111 statu,
1821 1040 2161 1117 incertoque
2191 1058 2382 1118 rerum
2413 1038 2599 1108 exitu3
2631 1037 2708 1094 de

663 1134 826 1192 libris
849 1134 1161 1192 Alexandri
1191 1147 1373 1211 poetae
1398 1136 1677 1205 remissis3
1729 1134 1802 1193 de
1828 1134 2109 1194 Numerio
2142 1135 2441 1193 Numestio
2484 1132 2543 1192 in
2581 1134 2712 1191 ami-

666 1231 857 1289 citiam
890 1244 1148 1308 acceptO.
1184 1231 1438 1306 (Romae,
1471 1251 1622 1289 anno
1647 1236 1720 1291 U.
1746 1235 1808 1289 C.
1831 1233 1943 1308 694
1969 1274 1985 1300 ,
2022 1251 2215 1289 mense
2241 1229 2474 1307 sextili.)

1237 1383 1555 1446 CICERO
1600 1383 1920 1446 ATTICO
1964 1383 2030 1447 S.

685 1514 910 1601 Quam
964 1510 1218 1582 vellem
1262 1510 1596 1582 Romae¹l
1638 1514 2017 1583 mansisses
2055 1510 2418 1609 profecte,
2471 1513 2530 1581 si
2569 1510 2716 1581 haec

588 1620 743 1691 fore
781 1635 1247 1717 putassemus,
1287 1626 1467 1692 Nam
1519 1621 1967 1693 Pulchellum
2005 1636 2336 1692 nostrum
2380 1619 2714 1691 facillime

591 1746 1043 1819 teneremus;
1076 1748 1202 1802 aut
1237 1746 1428 1802 certe
1448 1786 1467 1819 ,
1495 1731 1674 1828 quid
1704 1750 1890 1802 esset
1920 1730 2238 1802 facturus
2262 1759 2296 1817 ‚·
2326 1734 2507 1801 scire
2546 1755 2714 1829 pos-

591 1865 852 1912 semus.
901 1845 1114 1912 Nunc
1165 1868 1240 1914 se
1285 1868 1398 1913 res
1452 1845 1553 1913 sic
1590 1842 1812 1914 habet
1858 1871 1874 1912 ε
1922 1843 2209 1926 volitat,
2276 1839 2483 1928 furit,
2536 1842 2715 1911 nihil

594 1950 815 2022 habet
867 1954 1083 2039 certi3
1129 1953 1373 2022 multis
1425 1951 1844 2037 denuntiatr,
1878 1953 2082 2049 quod
2128 1951 2276 2022 fors
2326 1949 2713 2037 obtulerit,

592 2059 665 2131 id
709 2076 1000 2132 acturus
1034 2062 1337 2133 videtur.
1377 2065 1622 2153 Quum
1658 2061 1887 2146 videt,
1928 2087 2079 2158 quo
2113 2063 2204 2130 sit
2242 2061 2315 2129 in
2356 2060 2526 2130 odio
2573 2074 2713 2130 sta-

593 2184 709 2240 tus
765 2171 884 2240 hic
927 2196 1211 2259 rerum,
1260 2174 1335 2241 iu
1381 2195 1540 2257 eos,
1597 2173 1726 2269 qui
1775 2171 1925 2242 haec
1979 2185 2322 2265 egerunt,
2366 2173 2716 2267 impetum

594 2276 914 2350 facturus
971 2279 1270 2350 videtur.
1331 2282 1579 2369 Quum
1628 2295 1870 2351 autem
1919 2305 2170 2350 rursus
2224 2304 2401 2377 opes
2459 2293 2532 2349 et
2572 2278 2713 2347 vim

595 2395 996 2461 exercitus²
1027 2385 1492 2477 recludatur,
1531 2394 1887 2461 convertit
1928 2415 2004 2461 se
2041 2395 2118 2460 in
2157 2416 2313 2460 nos.
2348 2389 2575 2459 Nobis
2599 2413 2714 2458 au-

594 2513 741 2570 tem
787 2502 959 2597 ipsis
1005 2526 1234 2597 quum
1277 2502 1465 2587 vim,
1501 2516 1657 2571 turn
1694 2498 2097 2594 judicium³
2148 2504 2485 2571 minatur.
2536 2502 2712 2569 Cum

594 2609 738 2680 hoc
759 2614 1144 2707 Pompeius
1174 2616 1352 2709 egit,
1381 2626 1487 2697 et,
1523 2627 1608 2681 ut
1635 2610 1725 2681 ad
1754 2636 1871 2682 me
1901 2615 2056 2709 ipse
2082 2609 2441 2682 referebat
2471 2609 2716 2705 (alium

596 2722 790 2790 enim
865 2719 1101 2791 habeo
1173 2723 1539 2793 neminem
1597 2733 1894 2816 testem)
1926 2777 1944 2804 ‚
2015 2722 2481 2792 vehementer
2539 2719 2714 2816 egit,

597 2853 825 2925 quum
870 2828 1177 2918 diceret,
1226 2834 1303 2903 in
1346 2857 1624 2903 summa
1680 2857 1756 2903 se
1802 2832 2116 2929 perfidiae
2169 2848 2242 2904 et
2292 2832 2573 2903 sceleris
2611 2834 2715 2899 in-

596 2938 810 3011 famia
847 2938 1037 3026 fore,
1069 2944 1122 3013 si
1167 2943 1341 3013 mihi
1372 2944 1775 3040 periculum
1813 2934 2178 3014 creat-einr
2214 2941 2305 3013 ab
2338 2967 2464 3028 εο,
2502 2964 2717 3038 quem

596 3052 747 3146 ipse
775 3068 1150 3137 armasset,
1198 3079 1426 3150 quum
1462 3051 1828 3150 plebeium
1865 3052 2023 3124 fieri
2062 3077 2310 3151 passus
2339 3066 2522 3123 esset
2547 3077 2572 3137 3.
2595 3048 2717 3120 sed

595 3159 815 3232 fidem
850 3165 1243 3260 recepisse⁴
1298 3162 1434 3233 sibi
1480 3177 1552 3233 et
1587 3166 1863 3259 ipsum,
1917 3179 1991 3234 et
2028 3158 2390 3261 Appium⁵
2428 3158 2518 3230 de
2563 3183 2718 3245 me3

598 3270 786 3343 hanc
821 3273 879 3342 si
911 3272 1028 3342 ille
1057 3297 1202 3342 non
1240 3286 1586 3357 servaret,
1614 3275 1709 3343 ita
1739 3275 2049 3344 laturum
2070 3329 2088 3360 ‚
2123 3287 2205 3343 ut
2231 3295 2483 3341 omnes
2509 3267 2718 3338 intel-

598 3382 941 3478 ligerem,
994 3383 1173 3452 nihil
1226 3382 1362 3453 sibi
1414 3384 1785 3479 antiquius
1837 3385 2140 3453 amicitia
2183 3394 2426 3451 nostra
2480 3376 2715 3449 fuisse.

598 3497 798 3582 Haec,
831 3508 904 3565 et
941 3495 1017 3563 in
1048 3518 1199 3564 eam
1230 3498 1657 3565 sententiam
1687 3521 1916 3592 quum
1950 3492 2174 3565 multa
2213 3490 2541 3569 dixisset,
2582 3491 2718 3559 aie-

672 3670 717 3701 ι.
750 3654 929 3701 Romae.
961 3653 1168 3718 Supple,
1198 3669 1343 3700 esses.
1372 3653 1539 3700 Lamb.
1571 3665 1618 3700 et
1705 3672 1895 3702 causam
1926 3654 2098 3702 Cicero
2129 3651 2310 3698 diceret
2337 3651 2398 3699 de
2429 3649 2616 3697 civibus
2643 3664 2718 3695 ro·

594 3733 741 3780 Grut.
777 3755 802 3771 ιι
822 3734 994 3780 Romae
1026 3735 1279 3779 annuisses
1315 3745 1327 3778 τ
1365 3732 1617 3779 mansisses
1706 3728 1857 3773 manis
1876 3735 1924 3771 et
1947 3734 2116 3771 contra
2136 3723 2288 3785 leges,
2307 3733 2353 3768 et
2381 3721 2566 3768 indicta
2583 3735 2720 3767 causa

596 3811 845 3875 profecto,
875 3822 969 3859 etc.
990 3832 1015 3852 .-
1705 3820 1892 3852 summo
1915 3803 2159 3867 supplicio
2186 3801 2391 3848 affectis.
2415 3801 2565 3848 Mne.

665 3904 717 3935 α.
748 3889 1021 3936 Exercitus.
1049 3893 1207 3953 Quem
1232 3892 1394 3940 (Στωι-
1417 3889 1618 3938 habebit
1778 3892 1825 3938 4.
1858 3883 2076 3930 Lambin.
2102 3879 2302 3929 dedisse.
2329 3882 2379 3929 J.
2403 3881 2465 3929 V.
2495 3883 2549 3928 1..

595 3967 859 4017 Galliarum
888 3970 1171 4031 proconsul.
1201 3969 1344 4018 ΜΛΝ.
1383 4000 1447 4008 -
1482 3970 1616 4027 Alii,
1778 3964 1829 4010 5.
1862 3963 2088 4027 Appium.
2121 3963 2169 4008 Ρ.
2198 3960 2359 4009 clodii
2390 3960 2608 4015 fratrem,
2639 3960 2723 4020 qni

600 4072 621 4090 .
647 4063 767 4111 opes
791 4061 960 4093 eorum
979 4059 1028 4095 et
1057 4050 1156 4094 vim
1182 4050 1425 4096 exercitus
1444 4070 1483 4095 a.
1523 4051 1613 4099 En.
1704 4059 1832 4092 anno
1859 4041 2080 4107 sequenti
2114 4052 2300 4106 prator
2332 4051 2402 4088 est
2432 4038 2721 4103 designatus.

659 4129 707 4175 3.
722 4123 984 4175 Iudicium.
1004 4127 1182 4189 Populi
1203 4139 1283 4175 :nt
1297 4128 1358 4174 ad
1370 4128 1612 4191 populum
1704 4125 1848 4171 Mau.
