3023 4773
792 441 1349 527 EPISTOLAE‚
1387 440 1629 523 xm,
1671 436 1785 511 25.
2257 437 2347 534 37

1772 632 1952 657 mm
1956 636 2357 658 mmm

214 635 1313 662 mmmmm

850 824 1429 905 EPISTOLA
1479 824 1750 908 XXV.

217 998 638 1074 Hegesaretum
678 991 965 1063 breviter,
1009 990 1112 1050 sed
1144 1003 1410 1051 accurate
1427 1033 1446 1064 ,
1478 989 1862 1051 commendat.
1910 994 2131 1064 (Roma
2146 1034 2164 1065 ,
2204 1012 2356 1055 anno

1022 1130 1027 1135 ,
1106 1092 1183 1148 U.
1211 1091 1278 1151 C.
1308 1085 1471 1167 707.)

904 1259 1214 1326 CICERO
1264 1257 1576 1325 SERVIO
1631 1258 1694 1324 S.

315 1407 839 1473 Excusant-rus
878 1402 1281 1489 Larisseus‚
1319 1401 1598 1498 magnis
1635 1402 1815 1473 meis
1850 1400 2222 1474 beneficiis
2253 1429 2368 1477 or-

221 1528 436 1585 natus
464 1515 543 1583 in
573 1511 954 1584 consulatu
978 1534 1142 1581 meo
1159 1564 1178 1596 ‚
1210 1535 1492 1583 memor
1522 1525 1594 1583 et
1622 1525 1867 1608 gratus
1893 1510 2066 1602 fuit,
2098 1538 2366 1613 meque

222 1638 479 1726 postea
495 1621 1043 1720 diligentissime
1063 1620 1306 1695 coluit.
1341 1624 1527 1695 Eum
1557 1620 1692 1697 tibi
1716 1646 2154 1723 magnopere
2172 1649 2366 1696 com·

229 1733 525 1818 mendo,
549 1747 633 1803 ut
661 1746 734 1803 et
755 1733 1117 1830 hospitem
1139 1756 1384 1803 meum
1409 1746 1482 1803 et
1509 1729 1956 1817 familiarem,
1984 1747 2056 1804 et
2084 1748 2367 1832 gratum

227 1845 604 1921 hominem
621 1898 642 1930 ‚
663 1857 735 1914 et
757 1843 993 1913 virum
1012 1840 1319 1929 bonum,
1340 1856 1412 1913 et
1433 1843 1838 1941 principem
1868 1844 2169 1915 civitatis
2197 1868 2364 1930 suae,

231 1972 303 2029 et
326 1972 453 2027 tua
485 1952 1017 2033 necessitudine
1053 1950 1577 2050 dignissimum.
1615 1946 2033 2052 Pergratum
2062 1954 2240 2024 mihi
2266 1953 2370 2026 fe-

231 2067 450 2154 ceriS‚
483 2066 547 2137 si
584 2063 865 2136 dederis
896 2087 1228 2161 operam,
1274 2077 1357 2135 ut
1394 2067 1453 2135 is
1490 2063 1879 2162 intelligat,
1917 2064 2105 2137 hanc
2134 2090 2366 2137 meam

229 2172 944 2249 commendationem
977 2197 1322 2271 magnum
1354 2171 1551 2273 apud
1584 2187 1655 2244 te
1683 2173 1977 2272 pondus
2004 2173 2364 2249 habuisse.

2073 2385 2348 2407 mm

1245 2380 1610 2404 mmm

797 2593 1400 2675 EPISTOLA
1469 2564 1819 2675 xxvn

231 2765 498 2827 nesm'nii
527 2762 662 2822 Rufi
682 2762 935 2822 Achaica
965 2762 1198 2838 negotia
1224 2760 1612 2821 commendat.
1633 2762 1859 2842 (Roma.-
1873 2806 1890 2836 ‚
1913 2783 2006 2824 an.
2026 2766 2099 2825 U.
2120 2768 2184 2831 C,
2210 2766 2368 2844 707.)

908 2927 1222 2993 CICERO
1266 2926 1582 2993 SERVIO
1621 2929 1689 2993 S.

326 3070 411 3137 L.
449 3069 849 3135 Mescmms
893 3087 978 3135 ea
1019 3087 1310 3134 mecum
1360 3063 1895 3137 necessitudine
1934 3070 2374 3165 conjunctus
2443 3079 2452 3084 ’

239 3192 373 3266 est,
412 3174 623 3274 quod
650 3173 828 3244 mihi
858 3186 1174 3271 quaestor
1198 3171 1355 3245 fuit.
1392 3174 1532 3245 Sed
1561 3175 1751 3248 hanc
1786 3201 2073 3249 causam
2095 3230 2117 3265 ‚
2152 3203 2372 3275 quam

238 3312 405 3384 ‘³8⁰⁹
461 3298 546 3356 ut
598 3308 640 3354 a
689 3282 1085 3379 majoribus
1130 3284 1416 3382 accepi,
1471 3310 1760 3384 semper
1806 3311 2093 3385 gravem
2157 3288 2371 3382 duxi,

236 3397 400 3469 fecit
428 3397 707 3466 virtute
735 3408 806 3465 et
835 3393 1283 3464 humanitate
1303 3418 1430 3464 sua
1454 3396 1859 3491 justiorem.
1884 3402 2139 3494 Itaque
2159 3423 2246 3470 eo
2272 3402 2374 3474 sic

234 3523 430 3595 utor,
457 3521 544 3577 ut
583 3529 719 3575 nec
755 3502 1172 3578 familiarius
1211 3504 1398 3591 ullo,
1440 3529 1575 3575 nec
1603 3506 1965 3584 libentius.
2005 3512 2077 3578 Is
2113 3534 2371 3606 quam-
2489 3589 2494 3594 U

237 3642 457 3716 quam
496 3615 870 3688 confidere
904 3612 1303 3701 videbatur,
1343 3628 1413 3686 te
1452 3640 1583 3686 sua
1607 3640 1843 3702 causa,
1873 3642 2034 3714 quae
2068 3616 2375 3695 honeste

239 3752 529 3826 possm,
576 3724 887 3796 libenter
923 3748 1076 3795 esse
1114 3722 1471 3795 facturum
1495 3777 1515 3809 ,
1553 3748 1896 3822 magnum
1940 3751 2093 3799 esse
2130 3743 2376 3802 tamen

242 3839 559 3938 speravit
596 3834 790 3936 apud
827 3849 900 3906 te
953 3858 1148 3905 meas
1193 3859 1491 3931 quoque
1543 3833 1782 3905 literas
1824 3835 2115 3932 pondus
2169 3837 2380 3910 habi-

241 3965 432 4021 turas
454 3960 506 4019 ¹.
551 3946 636 4018 Id
678 3968 908 4044 quum
942 3944 1094 4043 ipse
1123 3944 1221 4015 ita
1260 3941 1667 4040 judicabat,
1696 3956 1850 4016 tum
1880 3969 2018 4044 pro
2051 3944 2380 4019 familiari

312 4173 360 4206 x.
392 4156 595 4206 Abeunt
623 4154 687 4204 ab
715 4152 919 4219 optimis
941 4151 1090 4202 codd.
1112 4166 1258 4202 voces
1275 4149 1412 4213 dna,
1440 4151 1671 4218 «pondus
1688 4153 1934 4204 habituras
1948 4177 1992 4205 ιν.
2017 4157 2066 4206 J.
2087 4158 2152 4205 V.
2186 4157 2241 4206 L.
