3023 4773
576 398 1120 468 EPISTOLAE
1163 399 1302 463 AD
1352 396 1854 478 ATTICUM‚
1903 397 2043 480 VI,
2096 418 2150 462 1.
2279 395 2414 465 601

307 522 438 593 tibi
465 522 818 618 assignato
846 546 861 588 ε
895 534 965 591 te
989 518 1181 588 enim
1202 544 1469 616 sequor
1494 512 1904 612 σχεδιᾶζοντα
1924 520 2011 585 ⁴⁷.
2042 518 2429 588 Cicerones

308 632 516 728 pueri
564 642 808 699 amant
851 631 1040 698 inter
1091 651 1208 715 se,
1258 627 1582 714 discunt,
1633 642 2104 698 exercentur:
2158 627 2281 698 sed
2329 628 2433 696 al—

308 753 420 811 ter
437 733 527 826 ⁴8,
582 740 689 809 uti
740 736 920 807 dixit
970 742 1316 808 Isocrates
1364 742 1438 808 in
1477 737 1772 834 Ephoro
1810 752 1881 806 et
1917 737 2433 833 Theopomp0,

307 847 527 921 frenis
587 863 790 945 eget,
853 847 1029 918 alter
1088 847 1499 919 calcaribus.
1562 851 1836 939 Quinto
1893 862 2122 943 togam
2177 871 2432 943 puram

307 957 854 1031 Liberalibus-49
891 956 1290 1054 cogitabam
1333 958 1523 1029 dare.
1568 955 1933 1027 Mandavit
1975 959 2168 1025 enim
2208 969 2430 1053 pater.

304 1075 423 1140 Ea*
449 1070 548 1141 sic
588 1067 1021 1157 observab0‚
1079 1071 1285 1165 quasi
1323 1069 1831 1152 ‘intercalatum
1884 1091 2033 1136 non
2089 1066 2200 1135 sit.
2259 1066 2433 1134 Dio-

307 1184 555 1277 nysius
606 1179 785 1249 mihi
838 1178 1130 1275 quidem
1190 1179 1264 1247 in
1314 1176 1682 1249 amoribus
1737 1191 1864 1248 est.
1923 1175 2137 1245 Pueri
2191 1188 2430 1243 autem

307 1291 550 1378 aiunt,
603 1313 769 1359 eum
830 1285 1155 1370 furenter
1209 1289 1433 1359 irasci.
1479 1287 1617 1358 Sed
1661 1286 1882 1357 homo
1925 1310 2078 1355 non
2131 1282 2435 1368 doctior,

305 1423 442 1469 nec
485 1401 800 1469 sanctior
841 1396 1000 1468 fieri
1050 1412 1329 1494 potest,
1375 1422 1510 1469 nec
1560 1398 1666 1467 tui
1720 1397 2007 1491 meique
2055 1395 2431 1463 amantior.

306 1507 701 1578 Thermum
724 1560 743 1593 ,
778 1506 1029 1577 Silium
1048 1503 1112 1551 ⁵⁰
1157 1532 1324 1579 vere
1358 1507 1561 1578 audis
1595 1506 1887 1576 laudari.
1928 1503 2151 1575 Valde
2188 1528 2262 1573 se
2295 1502 2431 1573 ho-

310 1632 511 1688 neste
573 1631 852 1713 gerunt.
914 1615 1113 1687 Adde
1168 1621 1266 1686 M.
1325 1619 1684 1704 Nonium,
1735 1612 2115 1701 Bibulum;
2172 1637 2328 1698 me,
2374 1614 2432 1681 si

307 1727 526 1798 voles.
572 1733 726 1821 Jam
758 1724 1000 1796 Scrofa
1023 1780 1041 1811 ‚
1080 1725 1443 1816 vellem⁵¹‚
1485 1726 1786 1798 haberet
1807 1780 1826 1812 ‚
1857 1722 1987 1794 ubi
2017 1735 2283 1821 posset.
2312 1725 2436 1792 Est

308 1835 504 1904 enim
566 1832 842 1904 lautum
903 1835 1295 1930 negotium.
1369 1835 1605 1904 Ceteri
1669 1830 2034 1901 infirmant
2094 1830 2435 1922 πολίτευμα

309 1945 622 2014 Catonis.
646 1944 1029 2014 Hortensio
1057 1942 1258 2038 quod
1283 1966 1565 2012 causam
1593 1940 1654 1984 ⁵2
1678 1966 1912 2012 meam
1938 1938 2434 2024 commenda5‚

308 2052 514 2122 valde
564 2067 871 2149 gratum.
931 2056 1038 2122 De
1095 2056 1399 2123 Amiano
1422 2048 1510 2139 ⁵³,
1578 2055 1727 2148 spei
1787 2050 1970 2120 nihil
2021 2062 2226 2146 putat
2280 2071 2431 2118 esse

308 2163 713 2258 Dionysius.
753 2162 1068 2232 Terentii
1106 2161 1387 2231 nullum
1428 2163 1801 2258 vestigium
1843 2161 2125 2257 agnovi.
2172 2161 2433 2228 Moera-

308 2295 527 2367 genes
564 2286 755 2342 certe
787 2272 1019 2368 periit.
1056 2272 1217 2341 Feci
1246 2274 1382 2341 iter
1409 2296 1541 2368 per
1574 2270 1635 2363 ej
1648 2295 1729 2340 us
1759 2273 2283 2367 possessionem
2304 2323 2323 2356 ,
2357 2269 2430 2336 in

307 2407 452 2479 qua
504 2381 764 2452 animal
824 2382 1188 2479 reliquum
1248 2380 1532 2452 nullum
1584 2395 1711 2452 est.
1762 2385 1925 2450 Haec
1976 2404 2125 2449 non
2178 2401 2432 2469 noram

379 2602 465 2654 47.
508 2585 839 2657 Σχιδιάζοντα.
873 2592 1097 2640 Fortuito
1114 2626 1128 2650 ,
1153 2607 1323 2654 repen·
1410 2605 1511 2637 non
1538 2601 1635 2637 tam
1663 2589 1799 2653 digni
1823 2599 1960 2647 sunt,
1986 2599 2045 2637 nt
2083 2588 2155 2635 illi
2180 2585 2432 2635 suffician-

307 2684 384 2736 te‚
407 2684 455 2721 et
485 2674 623 2721 nullo
647 2674 820 2722 ordine
839 2672 1144 2720 scribentem.
1164 2671 1322 2719 Coun.

380 2753 466 2809 48.
496 2752 645 2800 Alter.
681 2753 848 2799 Frenis
885 2750 1055 2815 egebat
1083 2751 1324 2811 Quintus,

307 2841 363 2878 nt
388 2831 586 2893 ingenio
606 2831 767 2877 valens
795 2831 907 2894 plns
927 2833 1071 2878 etiam
1090 2846 1233 2894 qnam
1251 2845 1324 2877 sa-

308 2911 371 2958 tis
396 2920 549 2968 esset;
584 2909 850 2957 calcaribus
870 2912 1087 2967 Marcus,
1132 2919 1188 2958 ut
1224 2919 1323 2956 tar-

308 2970 437 3036 diori
466 2989 683 3036 Manu-r.
720 3015 790 3023 —
814 2988 940 3036 Vide
965 2992 1100 3038 Orat.
1128 2991 1227 3048 111,
1252 3005 1284 3050 9
1308 2986 1347 3047 ς’

306 3068 443 3115 Brut.
463 3067 547 3114 56.

380 3155 466 3207 ⁴¹⁸9·
488 3142 806 3192 Liberalibus.
820 3145 919 3191 x11
933 3144 1029 3191 kal.
1043 3145 1183 3208 april.
1205 3147 1328 3208 Ego,

306 3224 493 3288 inquit,
517 3223 752 3272 Liberalia
769 3224 839 3270 sic
859 3223 1129 3271 observabo
1147 3259 1160 3281 ‚
1186 3224 1325 3286 quasi

307 3304 643 3352 intercalatum
678 3318 781 3348 non
799 3301 876 3349 ‘sit
902 3315 916 3349 :
950 3318 1067 3360 suo,
1093 3303 1290 3365 inquam
1306 3335 1321 3360 ‚

308 3382 387 3430 die
406 3419 422 3445 ‚
476 3380 749 3429 observabo
765 3413 781 3439 ‚
833 3381 1031 3443 quando
1083 3381 1203 3428 mibi
1253 3390 1326 3428 est

302 3462 473 3525 ignota
499 3460 818 3510 intercalatio.
841 3460 986 3508 Mur.

381 3542 461 3591 50.
478 3540 578 3588 Alii
593 3576 606 3599 ,
630 3540 868 3587 «Silvium
890 3561 929 3586 ο.
951 3543 1000 3588 J.
1016 3542 1075 3585 V·
1098 3541 1152 3587 L.

382 3622 466 3669 51.
500 3620 694 3668 Vellem.
725 3620 912 3667 Vellem
940 3617 1140 3665 haberet
1156 3617 1324 3665 Scrofa

307 3699 608 3764 provinciam
623 3734 637 3757 ‚
666 3715 811 3763 qnam
850 3700 972 3748 Cato
1022 3696 1322 3761 repudiavit,

307 3790 365 3827 ut
398 3780 566 3842 posset
590 3777 733 3825 edere
766 3778 1011 3841 specimen
1037 3776 1322 3839 integritafis

309 3873 424 3905 suae.
460 3859 544 3904 Est
582 3857 709 3903 euim
743 3857 995 3919 provincia
1040 3856 1225 3903 lantum
1260 3853 1322 3901 nd

308 3936 405 3983 boc
444 3936 706 3998 negotium.
748 3937 872 3984 Nam
900 3936 1073 3993 ceteri,
1103 3935 1187 3997 qui
1223 3950 1324 3981 am-

311 4014 451 4061 biunt
492 4014 625 4061 illam
669 4014 973 4078 provinciam
990 4050 1004 4072 ,
1030 4030 1132 4062 non
1164 4013 1233 4062 sic
1269 4024 1324 4060 ut

310 4094 437 4142 Cato
481 4092 610 4142 illam
652 4092 1038 4144 administrarent
1061 4129 1074 4151 ,
1122 4104 1167 4140 et
1207 4093 1319 4142 ideo

1413 2681 1509 2727 tur,
1544 2686 1692 2732 quam
1712 2669 1995 2716 Tremellius
2032 2661 2216 2715 Scrofa.
2247 2671 2321 2715 De
2340 2666 2430 2713 Ca·

1411 2749 1544 2797 tonis
1566 2750 1901 2812 repudiatione
1928 2748 2195 2813 provinciae
2222 2762 2286 2793 ex
2310 2761 2433 2809 prae·

1413 2838 1523 2875 tura
1577 2828 1752 2876 oblatae
1791 2828 2010 2875 meminit
2047 2825 2336 2873 Plutarchus
2377 2824 2429 2870 in

1372 2942 1377 2946 .
1412 2908 1510 2954 vita
1536 2908 1658 2967 ejus.
1685 2909 1876 2955 Porus.

1486 2984 1573 3037 52.
1603 2987 1827 3035 Causam.
1850 2985 1927 3033 Ne
1948 2986 2162 3047 patiatur
2184 2982 2304 3030 mihi
2323 2997 2434 3045 pro-

1416 3066 1626 3113 vinciam
1654 3064 1924 3129 prorogari.
1952 3064 2107 3125 Epist·
2145 3055 2235 3118 13,
2265 3060 2431 3107 lib.V.

1415 3145 1624 3192 Manu-r.

1484 3224 1570 3271 53.
1594 3226 1667 3270 De
1685 3221 1908 3269 Amiano.
1930 3220 1998 3267 Hi
2015 3229 2139 3274 tres,
2166 3217 2404 3265 Amianus
2419 3251 2432 3274 ,

1411 3303 1691 3358 Terentius,
1710 3307 2035 3363 Moeragenes,
2057 3298 2283 3345 videntur
2302 3297 2434 3342 Atti-

1413 3394 1474 3425 co
1490 3384 1746 3444 pecuniam
1775 3380 2015 3427 debuisse.
2036 3379 2097 3424 Et
2118 3375 2253 3439 quod
2274 3374 2434 3437 sequi-

1415 3468 1509 3517 tur,
1542 3482 1562 3502 ι
1581 3462 1686 3524 spei
1718 3460 1911 3515 nibil»,
1950 3456 2188 3520 explano,
2230 3454 2291 3501 de
2330 3454 2459 3509 eiri-⁴

1416 3538 1570 3600 genda
1601 3540 1819 3603 pecunia.
1848 3541 1996 3585 Intu.
2035 3561 2107 3571 —-
2145 3532 2339 3597 Oblitus
2363 3542 2433 3579 est

1412 3618 1606 3665 Manat.
1636 3620 1733 3678 jam
1772 3617 1915 3681 epist.
1930 3617 1996 3674 V,
2033 3609 2118 3672 15,
2144 3611 2433 3674 Moeragenis
2522 3607 2532 3625 ’

1412 3695 1709 3743 mentionem
1755 3696 1961 3751 factam,
2014 3692 2102 3740 ubi
2148 3692 2253 3754 ipse
2300 3689 2432 3737 hunc

1398 3775 1651 3822 latronum
1674 3775 1848 3823 ducem
1871 3773 2016 3820 fnisse
2031 3771 2327 3831 conjecerat,
2350 3768 2437 3832 qui

1410 3855 1565 3902 Attici
1593 3855 1697 3901 scil.
1729 3868 1921 3900 servum
1944 3851 2022 3899 vel
2049 3850 2289 3913 rapuisset
2305 3883 2320 3907 ,
2359 3847 2437 3894 vel

1410 3934 1669 3997 fugitivum
1701 3932 1830 3997 apud
1874 3948 1926 3980 se
1969 3930 2220 3979 tenuisset.
2267 3930 2437 3989 Itaque

1410 4013 1515 4060 h.1.
1545 4013 1606 4063 de
1633 4013 1838 4076 pecunia
1882 4028 1908 4059 a
1952 4012 2232 4073 Moeragene
2273 4004 2435 4052 debita

1408 4092 1614 4156 intelligi
1636 4091 1821 4155 nequit.
1835 4093 1896 4141 Et
1907 4089 2060 4156 periit
2078 4088 2137 4137 de
2156 4089 2259 4148 ejus
2277 4092 2435 4133 morte
