3023 4773
600 412 736 457 220
1520 384 1773 453 ,VITA

594 512 671 580 in
693 507 1002 594 Italiam,
1047 530 1262 577 nemo
1290 528 1445 576 non
1475 528 1742 600 magno
1781 506 1857 572 in
1892 503 2218 599 periculo
2239 506 2555 576 Atticum
2602 505 2723 577 fu·

595 634 838 690 turum
876 630 1199 715 putarat,
1232 631 1535 713 propter
1568 616 1894 685 intimam
1934 611 2478 686 familiaritatem
2515 618 2721 693 Cice-

590 731 788 799 ronis
853 740 926 798 et
989 729 1208 796 Bruti.
1283 730 1538 822 Itaque
1603 724 1692 796 ad
1752 722 2140 795 adventum
2195 730 2722 824 Imperatorum

591 837 683 907 de
727 834 887 906 foro
930 835 1365 920 decesserat,
1409 836 1671 905 timens
1712 836 2364 933 proscriptionem:
2414 836 2716 909 latebat-

594 970 737 1042 que
773 944 967 1042 apud
998 949 1070 1014 P.
1102 943 1607 1032 Volumnium,
1637 947 1787 1031 cui,
1832 959 1914 1014 ut
1949 944 2436 1028 ostendimus,
2471 948 2715 1045 paullo

592 1070 758 1126 aute
793 1080 1009 1154 opem
1056 1053 1359 1124 tulerat:
1402 1069 1598 1124 tanta
1629 1054 1930 1126 varietas
1970 1057 2055 1125 iis
2094 1056 2543 1153 temporibus
2577 1056 2719 1128 fuit

591 1164 896 1236 fortunae
920 1219 939 1251 ,
997 1177 1078 1234 ut
1129 1163 1348 1234 modo
1401 1164 1511 1252 hi,
1575 1162 1793 1234 modo
1839 1163 1940 1233 illi
1994 1165 2070 1233 in
2129 1189 2415 1236 summo
2481 1183 2720 1238 essent

587 1289 714 1344 aut
741 1271 1058 1369 fastigia,
1094 1288 1218 1344 aut
1253 1274 1622 1371 periculo;
1659 1272 2119 1370 habebatque
2157 1299 2401 1346 secum
2436 1278 2521 1366 Q.
2550 1277 2720 1346 Gel-

587 1383 764 1453 lium
793 1383 1469 1480 Canum,aequalem
1492 1438 1511 1471 ‚
1553 1381 2142 1480 simillimumque
2178 1388 2315 1455 sui.
2355 1392 2510 1457 Hoc
2539 1412 2724 1483 quo-

588 1517 734 1590 que
784 1494 874 1563 sit
935 1495 1142 1563 Attici
1204 1491 1549 1564 bonitatis
1604 1492 2054 1590 exemplum,
2103 1493 2303 1590 quod
2364 1519 2531 1565 cum
2592 1521 2718 1580 e0,

589 1628 806 1700 quem
856 1627 1162 1700 puerum
1217 1607 1289 1672 in
1345 1602 1519 1673 ludo
1563 1617 2040 1700 cognoverat,
2085 1603 2268 1675 adeo
2327 1604 2719 1698 conjuncte

582 1718 783 1801 vixit,
807 1728 888 1784 ut
913 1711 1002 1783 ad
1033 1728 1427 1784 extremam
1456 1727 1735 1783 aetatem
1769 1715 2077 1784 amicitia
2105 1739 2359 1787 eorum
2389 1719 2718 1786 creverit.

585 1827 944 1895 Antonius
975 1838 1254 1909 autem,
1295 1824 1426 1893 etsi
1468 1837 1670 1893 tanto
1713 1821 1883 1892 odio
1922 1820 2288 1893 ferebatur
2325 1827 2401 1892 in
2438 1826 2724 1895 Cicero-

581 1960 755 2006 nem
776 1990 794 2023 ‚
827 1950 1087 2005 utnon
1111 1931 1349 2004 solum
1380 1936 1444 2003 ei
1464 1987 1485 2020 ,
1517 1931 1642 2002 sed
1677 1930 2018 2003 omnibus
2051 1935 2266 2002 etiam
2296 1933 2448 2026 ejus
2474 1937 2723 2005 amicis

585 2059 772 2115 esset
798 2045 1159 2129 inimicus,
1195 2066 1466 2139 eosque
1492 2042 1707 2113 vellet
1737 2040 2224 2139 proscribere;
2266 2044 2508 2113 multis
2541 2044 2723 2115 hor-

583 2154 906 2225 tantibus
932 2169 1172 2224 tamen
1192 2208 1211 2239 ,
1243 2156 1450 2223 Attici
1479 2175 1759 2223 memor
1797 2151 1933 2222 fuit
1963 2149 2181 2222 officii
2208 2180 2223 2221 ε
2252 2167 2327 2223 et
2357 2156 2455 2239 ei,
2486 2179 2719 2250 quum

583 2265 1023 2361 requisisset,
1064 2262 1361 2334 ubinam
1391 2276 1612 2349 esset,
1648 2286 1774 2331 sua
1800 2286 2021 2330 manu
2045 2264 2364 2359 scripsit,
2394 2286 2487 2332 ne
2515 2266 2723 2333 time-

587 2389 734 2458 ret,
782 2377 1170 2470 statimque
1215 2373 1304 2445 ad
1347 2397 1424 2444 se
1461 2375 1780 2444 veniret:
1826 2399 1902 2444 se
1930 2398 2136 2461 eum,
2171 2388 2243 2444 et
2276 2372 2467 2444 illius
2504 2399 2721 2446 causa

585 2482 904 2554 Gellium
937 2488 1214 2553 Canum
1251 2482 1341 2553 de
1378 2488 1951 2581 proscriptorum
1989 2507 2296 2554 numero
2336 2489 2724 2571 exemisse,

586 2617 707 2681 ac,
750 2618 841 2663 ne
880 2594 1082 2690 quod
1122 2594 1199 2662 in
1230 2593 1636 2690 periculum
1670 2592 2292 2689 incideret‚'quod
2324 2608 2550 2664 noctu
2587 2593 2720 2664 fie-

582 2701 741 2789 bat,
774 2703 1188 2801 praesidium
1217 2705 1280 2774 ei
1318 2707 1535 2774 misit.
1580 2706 1692 2774 Sic
1724 2704 2002 2774 Atticus
2028 2705 2100 2773 in
2142 2729 2427 2774 summo
2458 2706 2726 2776 timore

583 2839 738 2884 non
782 2815 1015 2885 solum
1055 2813 1231 2895 sibi,
1268 2814 1644 2884 sedetiam
1680 2817 1787 2900 ei,
1838 2838 2055 2909 quem
2098 2818 2547 2886 carissimum
2585 2815 2719 2886 ha·

584 2923 845 3012 bebat‚
885 2924 1213 3022 praesidio
1251 2922 1421 3011 fuit3
1475 2948 1713 3020 neque
1751 2926 1943 2993 enim
1987 2949 2132 2994 suae
2178 2925 2412 2995 solum
2451 2949 2491 2993 a
2530 2949 2723 3021 quo-

584 3060 803 3131 quam
873 3033 1249 3110 auxilium.
1281 3035 1489 3132 petiit
1550 3032 1797 3104 salutis
1822 3087 1840 3120 ,
1892 3035 2018 3105 sed
2080 3035 2562 3129 conjunctim,
2639 3050 2733 3105 ut

582 3159 962 3242 appareret
982 3144 1253 3214 nullam
1281 3145 1684 3238 sejunctam
1709 3142 1843 3215 sibi
1862 3144 1963 3214 ‘ab
1994 3169 2082 3217 eo
2108 3145 2289 3216 velle
2325 3144 2716 3216 fortunam.

581 3254 798 3343 Quod
831 3257 888 3325 si
917 3253 1361 3350 guberuator
1398 3258 1758 3352 praecipua
1788 3254 1998 3324 laude
2032 3255 2283 3345 fertur,
2312 3258 2435 3353 qui
2463 3278 2720 3325 navem

569 3389 668 3433 -ex
700 3364 962 3451 hieme,
983 3367 1310 3461 marique
1347 3364 1735 3460 scopuloso
1764 3379 2032 3452 servat;
2064 3389 2193 3435 cur
2225 3392 2380 3438 non
2407 3364 2724 3462 siugula-

580 3473 678 3542 ris
707 3475 860 3568 ejus
890 3478 1340 3547 existimetur
1367 3474 1777 3572 prudentia,
1796 3475 1923 3571 qui
1950 3498 2036 3544 ex
2062 3488 2205 3562 tot,
2233 3490 2524 3571 tamque
2551 3501 2723 3570 gra-

584 3580 791 3653 vibus
829 3584 1164 3681 procellis
1203 3584 1540 3655 civilibus
1578 3583 1667 3654 ad
1706 3585 2277 3656 incolumitatem
2308 3586 2679 3682 pervenit?

681 3697 798 3762 XI.
818 3693 1106 3782 Quibus
1136 3721 1223 3766 ex
1248 3694 1450 3765 malis
1477 3709 1557 3764 ut
1582 3719 1657 3764 se
1682 3709 2092 3780 emerserat,
2112 3692 2294 3764 nihil
2325 3694 2519 3765 aliud
2547 3698 2735 3791 egit,

578 3826 800 3899 quam
839 3818 921 3872 ut
953 3804 1308 3902 plurimiS,
1336 3802 1609 3901 quibus
1635 3802 1856 3874 rebus
1890 3819 2172 3902 posset,
2204 3819 2390 3875 esset
2424 3805 2735 3878 auxiliO.

581 3915 826 4000 Quum
864 3916 1306 4010 proscriptos
1352 3917 1663 4011 praemiis
1700 3919 2233 4011 Imperatorum
2259 3912 2519 4009 vulgus
2551 3939 2743 3987 con-

580 4022 934 4118 quireret,
963 4048 1178 4094 nemo
1209 4026 1280 4093 iu
1308 4027 1609 4121 Epirum
1640 4024 1868 4110 veuit,
1900 4026 2016 4094 cui
2058 4049 2171 4095 res
2212 4022 2353 4094 ulla
2383 4020 2739 4099 defuerit.
