<?xml version="1.0" encoding="UTF-8"?>
<!DOCTYPE html PUBLIC "-//W3C//DTD XHTML 1.0 Transitional//EN"
    "http://www.w3.org/TR/xhtml1/DTD/xhtml1-transitional.dtd">
<html xmlns="http://www.w3.org/1999/xhtml" xml:lang="en" lang="en">
 <head>
  <title>
</title>
<meta http-equiv="Content-Type" content="text/html;charset=utf-8" />
  <meta name='ocr-system' content='tesseract 3.04.00' />
  <meta name='ocr-capabilities' content='ocr_page ocr_carea ocr_par ocr_line ocrx_word'/>
</head>
<body>
  <div class='ocr_page' id='page_1' title='image "./mtciceronisquae01bouigoog_0593.png"; bbox 0 0 3023 4773; ppageno 0'>
   <div class='ocr_carea' id='block_1_1' title="bbox 540 480 2385 571">
    <p class='ocr_par' dir='ltr' id='par_1_1' title="bbox 540 480 2385 571">
     <span class='ocr_line' id='line_1_1' title="bbox 540 480 2385 571; baseline -0.002 -16"><span class='ocrx_word' id='word_1_1' title='bbox 540 486 1063 556; x_wconf 84' lang='lat' dir='ltr'><strong>EPISTOLAE</strong></span> <span class='ocrx_word' id='word_1_2' title='bbox 1112 488 1267 555; x_wconf 25' lang='lat' dir='ltr'>AD*</span> <span class='ocrx_word' id='word_1_3' title='bbox 1300 486 1812 571; x_wconf 87' lang='lat' dir='ltr'>ATTICUM,</span> <span class='ocrx_word' id='word_1_4' title='bbox 1856 487 1942 569; x_wconf 90' lang='lat' dir='ltr'>V,</span> <span class='ocrx_word' id='word_1_5' title='bbox 1995 508 2107 552; x_wconf 83' lang='lat'>21.</span> <span class='ocrx_word' id='word_1_6' title='bbox 2249 480 2385 552; x_wconf 82' lang='lat'>583</span> 
     </span>
    </p>
   </div>
   <div class='ocr_carea' id='block_1_2' title="bbox 262 603 2400 3124">
    <p class='ocr_par' dir='ltr' id='par_1_2' title="bbox 262 603 2400 3124">
     <span class='ocr_line' id='line_1_2' title="bbox 262 603 2388 705; baseline -0.002 -26"><span class='ocrx_word' id='word_1_7' title='bbox 262 610 607 695; x_wconf 84' lang='lat' dir='ltr'>vinciam,</span> <span class='ocrx_word' id='word_1_8' title='bbox 650 620 983 705; x_wconf 78' lang='lat' dir='ltr'>sumptus</span> <span class='ocrx_word' id='word_1_9' title='bbox 1022 605 1290 679; x_wconf 87' lang='lat' dir='ltr'>factum</span> <span class='ocrx_word' id='word_1_10' title='bbox 1334 632 1524 696; x_wconf 89' lang='lat' dir='ltr'>esse,</span> <span class='ocrx_word' id='word_1_11' title='bbox 1558 630 1692 677; x_wconf 87' lang='lat' dir='ltr'>nec</span> <span class='ocrx_word' id='word_1_12' title='bbox 1726 608 1799 675; x_wconf 92' lang='lat' dir='ltr'>in</span> <span class='ocrx_word' id='word_1_13' title='bbox 1826 603 2388 704; x_wconf 87' lang='lat' dir='ltr'><strong>rempublicam,</strong></span> 
     </span>
     <span class='ocr_line' id='line_1_3' title="bbox 264 716 2393 817; baseline -0.003 -27"><span class='ocrx_word' id='word_1_14' title='bbox 264 743 401 790; x_wconf 88' lang='lat' dir='ltr'>nec</span> <span class='ocrx_word' id='word_1_15' title='bbox 442 720 519 788; x_wconf 93' lang='lat' dir='ltr'>in</span> <span class='ocrx_word' id='word_1_16' title='bbox 565 741 1007 814; x_wconf 85' lang='lat' dir='ltr'>quemquam</span> <span class='ocrx_word' id='word_1_17' title='bbox 1044 741 1419 807; x_wconf 90' lang='lat' dir='ltr'>meorum,</span> <span class='ocrx_word' id='word_1_18' title='bbox 1458 732 1934 817; x_wconf 76' lang='lat' dir='ltr'>praeterquam</span> <span class='ocrx_word' id='word_1_19' title='bbox 1987 720 2063 787; x_wconf 86' lang='lat' dir='ltr'>in</span> <span class='ocrx_word' id='word_1_20' title='bbox 2108 721 2186 786; x_wconf 94' lang='lat' dir='ltr'>L.</span> <span class='ocrx_word' id='word_1_21' title='bbox 2226 716 2393 786; x_wconf 84' lang='lat' dir='ltr'>Tul-</span> 
     </span>
     <span class='ocr_line' id='line_1_4' title="bbox 265 825 2389 925; baseline -0.001 -26"><span class='ocrx_word' id='word_1_22' title='bbox 265 829 441 899; x_wconf 91' lang='lat' dir='ltr'>lium</span> <span class='ocrx_word' id='word_1_23' title='bbox 517 828 851 924; x_wconf 86' lang='lat' dir='ltr'>legatum.</span> <span class='ocrx_word' id='word_1_24' title='bbox 925 832 1032 916; x_wconf 88' lang='lat' dir='ltr'>Is,</span> <span class='ocrx_word' id='word_1_25' title='bbox 1095 832 1463 925; x_wconf 86' lang='lat' dir='ltr'><strong>ceteroqui</strong></span> <span class='ocrx_word' id='word_1_26' title='bbox 1536 827 1943 915; x_wconf 78' lang='lat' dir='ltr'>abstinenS,</span> <span class='ocrx_word' id='word_1_27' title='bbox 2020 825 2142 897; x_wconf 90' lang='lat' dir='ltr'>sed</span> <span class='ocrx_word' id='word_1_28' title='bbox 2205 826 2389 896; x_wconf 89' lang='lat' dir='ltr'>Julia</span> 
     </span>
     <span class='ocr_line' id='line_1_5' title="bbox 266 935 2389 1035; baseline -0.003 -25"><span class='ocrx_word' id='word_1_29' title='bbox 266 940 529 1035; x_wconf 60' lang='lat' dir='ltr'>legem,</span> <span class='ocrx_word' id='word_1_30' title='bbox 566 943 988 1027; x_wconf 78' lang='lat' dir='ltr'>transitanS,</span> <span class='ocrx_word' id='word_1_31' title='bbox 1023 940 1241 1010; x_wconf 87' lang='lat' dir='ltr'>semel</span> <span class='ocrx_word' id='word_1_32' title='bbox 1279 954 1520 1010; x_wconf 88' lang='lat' dir='ltr'>tamen</span> <span class='ocrx_word' id='word_1_33' title='bbox 1557 940 1631 1009; x_wconf 88' lang='lat' dir='ltr'>in</span> <span class='ocrx_word' id='word_1_34' title='bbox 1677 938 1906 1025; x_wconf 87' lang='lat' dir='ltr'>diem,</span> <span class='ocrx_word' id='word_1_35' title='bbox 1945 961 2092 1008; x_wconf 88' lang='lat' dir='ltr'>non</span> <span class='ocrx_word' id='word_1_36' title='bbox 2115 990 2133 1023; x_wconf 93' lang='lat'>,</span> <span class='ocrx_word' id='word_1_37' title='bbox 2161 950 2242 1006; x_wconf 92' lang='lat' dir='ltr'>ut</span> <span class='ocrx_word' id='word_1_38' title='bbox 2271 935 2389 1005; x_wconf 89' lang='lat' dir='ltr'>alii</span> 
     </span>
     <span class='ocr_line' id='line_1_6' title="bbox 266 1046 2389 1148; baseline -0.002 -29"><span class='ocrx_word' id='word_1_39' title='bbox 266 1049 634 1138; x_wconf 88' lang='lat' dir='ltr'>solebant,</span> <span class='ocrx_word' id='word_1_40' title='bbox 679 1048 1020 1120; x_wconf 88' lang='lat' dir='ltr'>omnibus</span> <span class='ocrx_word' id='word_1_41' title='bbox 1069 1051 1244 1121; x_wconf 84' lang='lat' dir='ltr'>vicis</span> <span class='ocrx_word' id='word_1_42' title='bbox 1302 1048 1602 1148; x_wconf 84' lang='lat' dir='ltr'>[praeter</span> <span class='ocrx_word' id='word_1_43' title='bbox 1656 1073 1859 1134; x_wconf 88' lang='lat' dir='ltr'>eum,</span> <span class='ocrx_word' id='word_1_44' title='bbox 1910 1046 2127 1117; x_wconf 89' lang='lat' dir='ltr'>semel</span> <span class='ocrx_word' id='word_1_45' title='bbox 2173 1069 2389 1116; x_wconf 92' lang='lat' dir='ltr'>nemo</span> 
     </span>
     <span class='ocr_line' id='line_1_7' title="bbox 264 1156 2390 1257; baseline -0.001 -30"><span class='ocrx_word' id='word_1_46' title='bbox 264 1162 539 1255; x_wconf 87' lang='lat' dir='ltr'>accepit</span> <span class='ocrx_word' id='word_1_47' title='bbox 557 1156 704 1256; x_wconf 78' lang='lat'>²⁰],</span> <span class='ocrx_word' id='word_1_48' title='bbox 746 1156 911 1229; x_wconf 86' lang='lat' dir='ltr'>facit</span> <span class='ocrx_word' id='word_1_49' title='bbox 965 1172 1045 1230; x_wconf 93' lang='lat' dir='ltr'>ut</span> <span class='ocrx_word' id='word_1_50' title='bbox 1077 1160 1255 1230; x_wconf 88' lang='lat' dir='ltr'>mihi</span> <span class='ocrx_word' id='word_1_51' title='bbox 1294 1160 1760 1257; x_wconf 52' lang='lat' dir='ltr'>ezcipiendus</span> <span class='ocrx_word' id='word_1_52' title='bbox 1801 1162 1927 1245; x_wconf 90' lang='lat' dir='ltr'>sit,</span> <span class='ocrx_word' id='word_1_53' title='bbox 1972 1181 2200 1253; x_wconf 89' lang='lat' dir='ltr'>quum</span> <span class='ocrx_word' id='word_1_54' title='bbox 2245 1171 2390 1225; x_wconf 91' lang='lat' dir='ltr'>ter·</span> 
     </span>
     <span class='ocr_line' id='line_1_8' title="bbox 266 1266 2393 1368; baseline -0.001 -31"><span class='ocrx_word' id='word_1_55' title='bbox 266 1269 558 1339; x_wconf 89' lang='lat' dir='ltr'>uncium</span> <span class='ocrx_word' id='word_1_56' title='bbox 621 1293 810 1365; x_wconf 87' lang='lat' dir='ltr'>nego</span> <span class='ocrx_word' id='word_1_57' title='bbox 870 1284 1203 1368; x_wconf 85' lang='lat' dir='ltr'>sumptus</span> <span class='ocrx_word' id='word_1_58' title='bbox 1265 1268 1553 1341; x_wconf 85' lang='lat' dir='ltr'>factum.</span> <span class='ocrx_word' id='word_1_59' title='bbox 1600 1273 1858 1339; x_wconf 78' lang='lat' dir='ltr'>Proeter</span> <span class='ocrx_word' id='word_1_60' title='bbox 1906 1291 2072 1339; x_wconf 88' lang='lat' dir='ltr'>eum</span> <span class='ocrx_word' id='word_1_61' title='bbox 2117 1266 2393 1362; x_wconf 88' lang='lat' dir='ltr'>accepit</span> 
     </span>
     <span class='ocr_line' id='line_1_9' title="bbox 268 1378 2302 1475; baseline -0.001 -28"><span class='ocrx_word' id='word_1_62' title='bbox 268 1400 506 1447; x_wconf 88' lang='lat' dir='ltr'>nemo.</span> <span class='ocrx_word' id='word_1_63' title='bbox 539 1384 683 1449; x_wconf 81' lang='lat' dir='ltr'>Has</span> <span class='ocrx_word' id='word_1_64' title='bbox 718 1403 760 1449; x_wconf 89' lang='lat' dir='ltr'>a</span> <span class='ocrx_word' id='word_1_65' title='bbox 798 1393 1045 1450; x_wconf 91' lang='lat' dir='ltr'>nostro</span> <span class='ocrx_word' id='word_1_66' title='bbox 1077 1380 1164 1468; x_wconf 89' lang='lat' dir='ltr'>Q.</span> <span class='ocrx_word' id='word_1_67' title='bbox 1196 1380 1540 1450; x_wconf 81' lang='lat' dir='ltr'>Titinio²¹</span> <span class='ocrx_word' id='word_1_68' title='bbox 1587 1378 1837 1451; x_wconf 87' lang='lat' dir='ltr'>sordes</span> <span class='ocrx_word' id='word_1_69' title='bbox 1872 1378 2302 1475; x_wconf 90' lang='lat' dir='ltr'>accepimus.</span> 
     </span>
     <span class='ocr_line' id='line_1_10' title="bbox 364 1486 2391 1582; baseline -0.001 -25"><span class='ocrx_word' id='word_1_70' title='bbox 364 1489 546 1582; x_wconf 80' lang='lat' dir='ltr'>Ege,</span> <span class='ocrx_word' id='word_1_71' title='bbox 598 1489 855 1558; x_wconf 79' lang='lat' dir='ltr'>aestivis</span> <span class='ocrx_word' id='word_1_72' title='bbox 899 1486 1279 1574; x_wconf 89' lang='lat' dir='ltr'>confectis,</span> <span class='ocrx_word' id='word_1_73' title='bbox 1331 1492 1683 1580; x_wconf 90' lang='lat' dir='ltr'>Quintum</span> <span class='ocrx_word' id='word_1_74' title='bbox 1732 1487 2023 1559; x_wconf 87' lang='lat' dir='ltr'>fratrem</span> <span class='ocrx_word' id='word_1_75' title='bbox 2069 1487 2391 1557; x_wconf 86' lang='lat' dir='ltr'>hibernis</span> 
     </span>
     <span class='ocr_line' id='line_1_11' title="bbox 272 1595 2388 1694; baseline 0 -30"><span class='ocrx_word' id='word_1_76' title='bbox 272 1609 345 1665; x_wconf 90' lang='lat' dir='ltr'>et</span> <span class='ocrx_word' id='word_1_77' title='bbox 406 1596 659 1667; x_wconf 78' lang='lat' dir='ltr'>Ciliciae</span> <span class='ocrx_word' id='word_1_78' title='bbox 710 1596 1035 1694; x_wconf 81' lang='lat' dir='ltr'>praefeci3</span> <span class='ocrx_word' id='word_1_79' title='bbox 1094 1601 1181 1689; x_wconf 87' lang='lat' dir='ltr'>Q.</span> <span class='ocrx_word' id='word_1_80' title='bbox 1231 1599 1610 1670; x_wconf 90' lang='lat' dir='ltr'>Volusium</span> <span class='ocrx_word' id='word_1_81' title='bbox 1634 1653 1653 1685; x_wconf 92' lang='lat'>‚</span> <span class='ocrx_word' id='word_1_82' title='bbox 1698 1603 1806 1668; x_wconf 90' lang='lat' dir='ltr'>tui</span> <span class='ocrx_word' id='word_1_83' title='bbox 1864 1595 2130 1667; x_wconf 91' lang='lat' dir='ltr'>Tiberii</span> <span class='ocrx_word' id='word_1_84' title='bbox 2174 1620 2388 1693; x_wconf 85' lang='lat' dir='ltr'>gene-</span> 
     </span>
     <span class='ocr_line' id='line_1_12' title="bbox 269 1706 2392 1795; baseline 0.001 -23"><span class='ocrx_word' id='word_1_85' title='bbox 269 1727 472 1792; x_wconf 85' lang='lat' dir='ltr'>rum,</span> <span class='ocrx_word' id='word_1_86' title='bbox 508 1720 777 1777; x_wconf 89' lang='lat' dir='ltr'>certum</span> <span class='ocrx_word' id='word_1_87' title='bbox 810 1706 1182 1777; x_wconf 90' lang='lat' dir='ltr'>hominem</span> <span class='ocrx_word' id='word_1_88' title='bbox 1210 1761 1228 1795; x_wconf 91' lang='lat'>,</span> <span class='ocrx_word' id='word_1_89' title='bbox 1270 1709 1396 1779; x_wconf 89' lang='lat' dir='ltr'>sed</span> <span class='ocrx_word' id='word_1_90' title='bbox 1434 1706 1731 1779; x_wconf 87' lang='lat' dir='ltr'>mirifice</span> <span class='ocrx_word' id='word_1_91' title='bbox 1769 1710 1977 1779; x_wconf 89' lang='lat' dir='ltr'>etiam</span> <span class='ocrx_word' id='word_1_92' title='bbox 2025 1706 2392 1777; x_wconf 87' lang='lat' dir='ltr'>abstinen-</span> 
     </span>
     <span class='ocr_line' id='line_1_13' title="bbox 271 1816 2392 1915; baseline 0.001 -33"><span class='ocrx_word' id='word_1_93' title='bbox 271 1826 449 1899; x_wconf 85' lang='lat' dir='ltr'>tem,</span> <span class='ocrx_word' id='word_1_94' title='bbox 486 1817 643 1886; x_wconf 88' lang='lat' dir='ltr'>misi</span> <span class='ocrx_word' id='word_1_95' title='bbox 674 1818 748 1886; x_wconf 93' lang='lat' dir='ltr'>in</span> <span class='ocrx_word' id='word_1_96' title='bbox 793 1819 1150 1914; x_wconf 85' lang='lat' dir='ltr'>Cyprum,</span> <span class='ocrx_word' id='word_1_97' title='bbox 1186 1830 1270 1886; x_wconf 88' lang='lat' dir='ltr'>ut</span> <span class='ocrx_word' id='word_1_98' title='bbox 1314 1816 1414 1887; x_wconf 91' lang='lat' dir='ltr'>ibi</span> <span class='ocrx_word' id='word_1_99' title='bbox 1452 1818 1800 1915; x_wconf 87' lang='lat' dir='ltr'>pauculos</span> <span class='ocrx_word' id='word_1_100' title='bbox 1849 1817 2002 1888; x_wconf 89' lang='lat' dir='ltr'>dies</span> <span class='ocrx_word' id='word_1_101' title='bbox 2048 1830 2264 1901; x_wconf 82' lang='lat' dir='ltr'>esset3</span> <span class='ocrx_word' id='word_1_102' title='bbox 2300 1838 2392 1884; x_wconf 87' lang='lat' dir='ltr'>ne</span> 
     </span>
     <span class='ocr_line' id='line_1_14' title="bbox 273 1921 2392 2024; baseline -0 -31"><span class='ocrx_word' id='word_1_103' title='bbox 273 1925 464 1994; x_wconf 87' lang='lat' dir='ltr'>cives</span> <span class='ocrx_word' id='word_1_104' title='bbox 517 1930 801 1996; x_wconf 85' lang='lat' dir='ltr'>romani</span> <span class='ocrx_word' id='word_1_105' title='bbox 861 1928 1108 2020; x_wconf 89' lang='lat' dir='ltr'>pauci,</span> <span class='ocrx_word' id='word_1_106' title='bbox 1167 1926 1297 2023; x_wconf 92' lang='lat' dir='ltr'>qui</span> <span class='ocrx_word' id='word_1_107' title='bbox 1351 1927 1497 1996; x_wconf 90' lang='lat' dir='ltr'>illic</span> <span class='ocrx_word' id='word_1_108' title='bbox 1554 1929 2046 2024; x_wconf 84' lang='lat' dir='ltr'>negotiantur,</span> <span class='ocrx_word' id='word_1_109' title='bbox 2100 1925 2219 2020; x_wconf 88' lang='lat' dir='ltr'>jus</span> <span class='ocrx_word' id='word_1_110' title='bbox 2256 1921 2392 1994; x_wconf 90' lang='lat' dir='ltr'>sibi</span> 
     </span>
     <span class='ocr_line' id='line_1_15' title="bbox 273 2031 2394 2134; baseline 0.001 -33"><span class='ocrx_word' id='word_1_111' title='bbox 273 2031 538 2103; x_wconf 89' lang='lat' dir='ltr'>dictum</span> <span class='ocrx_word' id='word_1_112' title='bbox 577 2049 963 2132; x_wconf 88' lang='lat' dir='ltr'>negarent:</span> <span class='ocrx_word' id='word_1_113' title='bbox 1005 2059 1170 2105; x_wconf 88' lang='lat' dir='ltr'>nam</span> <span class='ocrx_word' id='word_1_114' title='bbox 1208 2038 1489 2106; x_wconf 88' lang='lat' dir='ltr'>evocari</span> <span class='ocrx_word' id='word_1_115' title='bbox 1520 2061 1609 2106; x_wconf 82' lang='lat' dir='ltr'>ex</span> <span class='ocrx_word' id='word_1_116' title='bbox 1641 2037 1876 2108; x_wconf 87' lang='lat' dir='ltr'>insula</span> <span class='ocrx_word' id='word_1_117' title='bbox 1905 2038 2211 2134; x_wconf 84' lang='lat' dir='ltr'>Cyprios</span> <span class='ocrx_word' id='word_1_118' title='bbox 2244 2059 2394 2105; x_wconf 90' lang='lat' dir='ltr'>non</span> 
     </span>
     <span class='ocr_line' id='line_1_16' title="bbox 273 2140 2393 2243; baseline 0.001 -32"><span class='ocrx_word' id='word_1_119' title='bbox 273 2140 462 2213; x_wconf 88' lang='lat' dir='ltr'>licet.</span> <span class='ocrx_word' id='word_1_120' title='bbox 515 2149 678 2243; x_wconf 87' lang='lat' dir='ltr'>Ipse</span> <span class='ocrx_word' id='word_1_121' title='bbox 732 2147 809 2214; x_wconf 91' lang='lat' dir='ltr'>in</span> <span class='ocrx_word' id='word_1_122' title='bbox 860 2146 1098 2214; x_wconf 89' lang='lat' dir='ltr'>Asiam</span> <span class='ocrx_word' id='word_1_123' title='bbox 1148 2143 1514 2242; x_wconf 87' lang='lat' dir='ltr'>profectus</span> <span class='ocrx_word' id='word_1_124' title='bbox 1562 2171 1724 2216; x_wconf 91' lang='lat' dir='ltr'>sum</span> <span class='ocrx_word' id='word_1_125' title='bbox 1761 2152 1979 2217; x_wconf 87' lang='lat' dir='ltr'>Tarso</span> <span class='ocrx_word' id='word_1_126' title='bbox 2029 2146 2241 2216; x_wconf 89' lang='lat' dir='ltr'>nonis</span> <span class='ocrx_word' id='word_1_127' title='bbox 2285 2145 2393 2239; x_wconf 87' lang='lat' dir='ltr'>ja-</span> 
     </span>
     <span class='ocr_line' id='line_1_17' title="bbox 274 2254 2395 2354; baseline 0.001 -33"><span class='ocrx_word' id='word_1_128' title='bbox 274 2255 539 2324; x_wconf 86' lang='lat' dir='ltr'>nuariis</span> <span class='ocrx_word' id='word_1_129' title='bbox 571 2281 587 2324; x_wconf 89' lang='lat'>:</span> <span class='ocrx_word' id='word_1_130' title='bbox 632 2278 779 2325; x_wconf 91' lang='lat' dir='ltr'>non</span> <span class='ocrx_word' id='word_1_131' title='bbox 806 2255 1223 2325; x_wconf 83' lang='lat' dir='ltr'>mehercule</span> <span class='ocrx_word' id='word_1_132' title='bbox 1260 2254 1400 2326; x_wconf 90' lang='lat' dir='ltr'>dici</span> <span class='ocrx_word' id='word_1_133' title='bbox 1438 2269 1712 2354; x_wconf 86' lang='lat' dir='ltr'>potest,</span> <span class='ocrx_word' id='word_1_134' title='bbox 1745 2280 1889 2352; x_wconf 89' lang='lat' dir='ltr'>qua</span> <span class='ocrx_word' id='word_1_135' title='bbox 1926 2255 2395 2326; x_wconf 87' lang='lat' dir='ltr'>admiratione</span> 
     </span>
     <span class='ocr_line' id='line_1_18' title="bbox 273 2361 2397 2464; baseline 0 -30"><span class='ocrx_word' id='word_1_136' title='bbox 273 2361 530 2435; x_wconf 83' lang='lat' dir='ltr'>Ciliciae</span> <span class='ocrx_word' id='word_1_137' title='bbox 595 2368 961 2437; x_wconf 88' lang='lat' dir='ltr'>civitatum</span> <span class='ocrx_word' id='word_1_138' title='bbox 991 2420 1009 2453; x_wconf 93' lang='lat'>,</span> <span class='ocrx_word' id='word_1_139' title='bbox 1071 2369 1531 2464; x_wconf 83' lang='lat' dir='ltr'>maximeque</span> <span class='ocrx_word' id='word_1_140' title='bbox 1599 2370 2078 2437; x_wconf 86' lang='lat' dir='ltr'>Tarsensium.</span> <span class='ocrx_word' id='word_1_141' title='bbox 2141 2371 2397 2437; x_wconf 90' lang='lat' dir='ltr'>Postea</span> 
     </span>
     <span class='ocr_line' id='line_1_19' title="bbox 274 2474 2395 2573; baseline 0 -31"><span class='ocrx_word' id='word_1_142' title='bbox 274 2497 445 2545; x_wconf 87' lang='lat' dir='ltr'>vero</span> <span class='ocrx_word' id='word_1_143' title='bbox 494 2500 712 2573; x_wconf 87' lang='lat' dir='ltr'>quam</span> <span class='ocrx_word' id='word_1_144' title='bbox 769 2482 1084 2547; x_wconf 90' lang='lat' dir='ltr'>Taurum</span> <span class='ocrx_word' id='word_1_145' title='bbox 1150 2492 1632 2573; x_wconf 85' lang='lat' dir='ltr'>transgressus</span> <span class='ocrx_word' id='word_1_146' title='bbox 1681 2500 1876 2563; x_wconf 89' lang='lat' dir='ltr'>sum,</span> <span class='ocrx_word' id='word_1_147' title='bbox 1925 2474 2225 2547; x_wconf 86' lang='lat' dir='ltr'>mirifica</span> <span class='ocrx_word' id='word_1_148' title='bbox 2272 2500 2395 2545; x_wconf 86' lang='lat' dir='ltr'>ex-</span> 
     </span>
     <span class='ocr_line' id='line_1_20' title="bbox 277 2586 2400 2680; baseline -0 -26"><span class='ocrx_word' id='word_1_149' title='bbox 277 2590 617 2680; x_wconf 85' lang='lat' dir='ltr'>spectatio</span> <span class='ocrx_word' id='word_1_150' title='bbox 658 2590 836 2658; x_wconf 83' lang='lat' dir='ltr'>Asiae</span> <span class='ocrx_word' id='word_1_151' title='bbox 888 2601 1295 2658; x_wconf 87' lang='lat' dir='ltr'>nostrarum</span> <span class='ocrx_word' id='word_1_152' title='bbox 1335 2586 1795 2673; x_wconf 81' lang='lat' dir='ltr'>dioecesium,</span> <span class='ocrx_word' id='word_1_153' title='bbox 1839 2609 2001 2680; x_wconf 82' lang='lat' dir='ltr'>quae</span> <span class='ocrx_word' id='word_1_154' title='bbox 2038 2608 2165 2655; x_wconf 80' lang='lat' dir='ltr'>sex</span> <span class='ocrx_word' id='word_1_155' title='bbox 2201 2608 2400 2654; x_wconf 88' lang='lat' dir='ltr'>men-</span> 
     </span>
     <span class='ocr_line' id='line_1_21' title="bbox 278 2693 2397 2794; baseline -0.001 -30"><span class='ocrx_word' id='word_1_156' title='bbox 278 2693 468 2766; x_wconf 90' lang='lat' dir='ltr'>sibus</span> <span class='ocrx_word' id='word_1_157' title='bbox 495 2698 776 2794; x_wconf 89' lang='lat' dir='ltr'>imperii</span> <span class='ocrx_word' id='word_1_158' title='bbox 803 2698 948 2767; x_wconf 90' lang='lat' dir='ltr'>mei</span> <span class='ocrx_word' id='word_1_159' title='bbox 976 2697 1206 2769; x_wconf 88' lang='lat' dir='ltr'>nullas</span> <span class='ocrx_word' id='word_1_160' title='bbox 1236 2721 1430 2768; x_wconf 89' lang='lat' dir='ltr'>meas</span> <span class='ocrx_word' id='word_1_161' title='bbox 1468 2708 1841 2794; x_wconf 84' lang='lat' dir='ltr'>acceperat</span> <span class='ocrx_word' id='word_1_162' title='bbox 1871 2695 2110 2765; x_wconf 89' lang='lat' dir='ltr'>literas</span> <span class='ocrx_word' id='word_1_163' title='bbox 2130 2749 2149 2781; x_wconf 93' lang='lat'>‚</span> <span class='ocrx_word' id='word_1_164' title='bbox 2187 2718 2397 2763; x_wconf 89' lang='lat' dir='ltr'>num-</span> 
     </span>
     <span class='ocr_line' id='line_1_22' title="bbox 279 2804 2399 2903; baseline 0 -29"><span class='ocrx_word' id='word_1_165' title='bbox 279 2829 490 2901; x_wconf 86' lang='lat' dir='ltr'>quam</span> <span class='ocrx_word' id='word_1_166' title='bbox 523 2806 884 2903; x_wconf 86' lang='lat' dir='ltr'>hospitem</span> <span class='ocrx_word' id='word_1_167' title='bbox 903 2806 1201 2879; x_wconf 85' lang='lat' dir='ltr'>viderat.</span> <span class='ocrx_word' id='word_1_168' title='bbox 1225 2805 1413 2878; x_wconf 93' lang='lat' dir='ltr'>Illud</span> <span class='ocrx_word' id='word_1_169' title='bbox 1443 2821 1682 2876; x_wconf 88' lang='lat' dir='ltr'>autem</span> <span class='ocrx_word' id='word_1_170' title='bbox 1700 2821 1985 2902; x_wconf 89' lang='lat' dir='ltr'>tempus</span> <span class='ocrx_word' id='word_1_171' title='bbox 2009 2804 2399 2901; x_wconf 86' lang='lat' dir='ltr'>quotannis</span> 
     </span>
     <span class='ocr_line' id='line_1_23' title="bbox 279 2913 2397 3013; baseline -0 -30"><span class='ocrx_word' id='word_1_172' title='bbox 279 2927 439 2984; x_wconf 79' lang='lat' dir='ltr'>ante</span> <span class='ocrx_word' id='word_1_173' title='bbox 489 2939 605 2986; x_wconf 88' lang='lat' dir='ltr'>me</span> <span class='ocrx_word' id='word_1_174' title='bbox 646 2913 880 2988; x_wconf 87' lang='lat' dir='ltr'>fuerat</span> <span class='ocrx_word' id='word_1_175' title='bbox 921 2919 998 2988; x_wconf 89' lang='lat' dir='ltr'>in</span> <span class='ocrx_word' id='word_1_176' title='bbox 1048 2918 1190 2990; x_wconf 91' lang='lat' dir='ltr'>hoc</span> <span class='ocrx_word' id='word_1_177' title='bbox 1227 2931 1529 3013; x_wconf 84' lang='lat' dir='ltr'>quaestu.</span> <span class='ocrx_word' id='word_1_178' title='bbox 1586 2917 1921 2987; x_wconf 87' lang='lat' dir='ltr'>Civitates</span> <span class='ocrx_word' id='word_1_179' title='bbox 1965 2913 2397 3011; x_wconf 76' lang='lat' dir='ltr'>locupleteS‚</span> 
     </span>
     <span class='ocr_line' id='line_1_24' title="bbox 278 3023 2399 3124; baseline 0 -32"><span class='ocrx_word' id='word_1_180' title='bbox 278 3048 375 3094; x_wconf 91' lang='lat' dir='ltr'>ne</span> <span class='ocrx_word' id='word_1_181' title='bbox 422 3027 491 3092; x_wconf 81' lang='lat' dir='ltr'>in</span> <span class='ocrx_word' id='word_1_182' title='bbox 539 3023 844 3095; x_wconf 89' lang='lat' dir='ltr'>hiberna</span> <span class='ocrx_word' id='word_1_183' title='bbox 895 3028 1156 3098; x_wconf 90' lang='lat' dir='ltr'>milites</span> <span class='ocrx_word' id='word_1_184' title='bbox 1208 3028 1654 3124; x_wconf 87' lang='lat' dir='ltr'>reciperent,</span> <span class='ocrx_word' id='word_1_185' title='bbox 1710 3048 1999 3120; x_wconf 83' lang='lat' dir='ltr'>magnas</span> <span class='ocrx_word' id='word_1_186' title='bbox 2054 3024 2399 3121; x_wconf 88' lang='lat' dir='ltr'>pecunias</span> 
     </span>
    </p>
   </div>
   <div class='ocr_carea' id='block_1_3' title="bbox 278 3131 2417 3660">
    <p class='ocr_par' dir='ltr' id='par_1_3' title="bbox 278 3131 2417 3660">
     <span class='ocr_line' id='line_1_25' title="bbox 279 3131 2401 3233; baseline -0 -30"><span class='ocrx_word' id='word_1_187' title='bbox 279 3131 579 3222; x_wconf 83' lang='lat' dir='ltr'>dabant3</span> <span class='ocrx_word' id='word_1_188' title='bbox 614 3136 860 3232; x_wconf 87' lang='lat' dir='ltr'>Cyprii</span> <span class='ocrx_word' id='word_1_189' title='bbox 897 3136 1162 3207; x_wconf 87' lang='lat' dir='ltr'>talenta</span> <span class='ocrx_word' id='word_1_190' title='bbox 1198 3138 1431 3208; x_wconf 87' lang='lat' dir='ltr'>Attica</span> <span class='ocrx_word' id='word_1_191' title='bbox 1462 3162 1548 3208; x_wconf 88' lang='lat' dir='ltr'>cc</span> <span class='ocrx_word' id='word_1_192' title='bbox 1579 3163 1594 3207; x_wconf 73' lang='grc' dir='ltr'><em>ε</em></span> <span class='ocrx_word' id='word_1_193' title='bbox 1642 3159 1787 3233; x_wconf 89' lang='lat' dir='ltr'>qua</span> <span class='ocrx_word' id='word_1_194' title='bbox 1827 3158 1916 3206; x_wconf 84' lang='lat' dir='ltr'>ex</span> <span class='ocrx_word' id='word_1_195' title='bbox 1953 3133 2186 3203; x_wconf 87' lang='lat' dir='ltr'>insula</span> <span class='ocrx_word' id='word_1_196' title='bbox 2210 3134 2401 3217; x_wconf 89' lang='lat' dir='ltr'>(non</span> 
     </span>
     <span class='ocr_line' id='line_1_26' title="bbox 278 3238 2402 3339; baseline -0 -31"><span class='ocrx_word' id='word_1_197' title='bbox 278 3238 714 3334; x_wconf 71' lang='grc' dir='ltr'>ὑπερὸολικῶς,</span> <span class='ocrx_word' id='word_1_198' title='bbox 771 3239 894 3311; x_wconf 91' lang='lat' dir='ltr'>sed</span> <span class='ocrx_word' id='word_1_199' title='bbox 946 3242 1309 3312; x_wconf 83' lang='lat' dir='ltr'>verissime</span> <span class='ocrx_word' id='word_1_200' title='bbox 1360 3241 1675 3339; x_wconf 89' lang='lat' dir='ltr'>loquor)</span> <span class='ocrx_word' id='word_1_201' title='bbox 1725 3263 2066 3312; x_wconf 88' lang='lat' dir='ltr'>nummus</span> <span class='ocrx_word' id='word_1_202' title='bbox 2117 3238 2402 3324; x_wconf 90' lang='lat' dir='ltr'>nullus,</span> 
     </span>
     <span class='ocr_line' id='line_1_27' title="bbox 280 3346 2417 3447; baseline -0 -30"><span class='ocrx_word' id='word_1_203' title='bbox 280 3373 389 3419; x_wconf 81' lang='lat' dir='ltr'>me</span> <span class='ocrx_word' id='word_1_204' title='bbox 433 3347 849 3437; x_wconf 90' lang='lat' dir='ltr'>obtinente,</span> <span class='ocrx_word' id='word_1_205' title='bbox 889 3348 1324 3447; x_wconf 85' lang='lat' dir='ltr'>erogabitur.</span> <span class='ocrx_word' id='word_1_206' title='bbox 1373 3350 1490 3422; x_wconf 88' lang='lat' dir='ltr'>Ob</span> <span class='ocrx_word' id='word_1_207' title='bbox 1529 3351 1679 3422; x_wconf 83' lang='lat' dir='ltr'>haec</span> <span class='ocrx_word' id='word_1_208' title='bbox 1714 3348 2098 3437; x_wconf 87' lang='lat' dir='ltr'>beneficia,</span> <span class='ocrx_word' id='word_1_209' title='bbox 2135 3346 2417 3444; x_wconf 26' lang='lat' dir='ltr'>quibus·</span> 
     </span>
     <span class='ocr_line' id='line_1_28' title="bbox 283 3454 2400 3558; baseline -0 -30"><span class='ocrx_word' id='word_1_210' title='bbox 283 3457 380 3528; x_wconf 70' lang='lat' dir='ltr'>illi</span> <span class='ocrx_word' id='word_1_211' title='bbox 423 3458 985 3558; x_wconf 87' lang='lat' dir='ltr'>obstupescunt,</span> <span class='ocrx_word' id='word_1_212' title='bbox 1040 3460 1279 3530; x_wconf 86' lang='lat' dir='ltr'>nullos</span> <span class='ocrx_word' id='word_1_213' title='bbox 1323 3461 1642 3532; x_wconf 84' lang='lat' dir='ltr'>honores</span> <span class='ocrx_word' id='word_1_214' title='bbox 1683 3461 1859 3530; x_wconf 85' lang='lat' dir='ltr'>mihi</span> <span class='ocrx_word' id='word_1_215' title='bbox 1886 3512 1905 3547; x_wconf 94' lang='lat'>,</span> <span class='ocrx_word' id='word_1_216' title='bbox 1956 3459 2092 3528; x_wconf 90' lang='lat' dir='ltr'>nisi</span> <span class='ocrx_word' id='word_1_217' title='bbox 2133 3454 2400 3527; x_wconf 87' lang='lat' dir='ltr'>verbo-</span> 
     </span>
     <span class='ocr_line' id='line_1_29' title="bbox 281 3556 2397 3660; baseline -0.001 -27"><span class='ocrx_word' id='word_1_218' title='bbox 281 3587 437 3634; x_wconf 86' lang='lat' dir='ltr'>rum</span> <span class='ocrx_word' id='word_1_219' title='bbox 458 3620 477 3652; x_wconf 90' lang='lat'>‚</span> <span class='ocrx_word' id='word_1_220' title='bbox 503 3564 794 3637; x_wconf 89' lang='lat' dir='ltr'>decerni</span> <span class='ocrx_word' id='word_1_221' title='bbox 824 3567 981 3637; x_wconf 90' lang='lat' dir='ltr'>sino</span> <span class='ocrx_word' id='word_1_222' title='bbox 999 3591 1019 3654; x_wconf 89' lang='lat'>;</span> <span class='ocrx_word' id='word_1_223' title='bbox 1044 3580 1343 3654; x_wconf 89' lang='lat' dir='ltr'>statuas,</span> <span class='ocrx_word' id='word_1_224' title='bbox 1371 3564 1536 3637; x_wconf 86' lang='lat' dir='ltr'>fana</span> <span class='ocrx_word' id='word_1_225' title='bbox 1553 3621 1572 3655; x_wconf 91' lang='lat'>,</span> <span class='ocrx_word' id='word_1_226' title='bbox 1594 3569 1899 3660; x_wconf 81' lang='grc' dir='ltr'>τέθριππα</span> <span class='ocrx_word' id='word_1_227' title='bbox 1915 3556 1984 3607; x_wconf 49' lang='grc'>’5</span> <span class='ocrx_word' id='word_1_228' title='bbox 2010 3560 2397 3660; x_wconf 87' lang='lat' dir='ltr'>prohibeo:</span> 
     </span>
    </p>
   </div>
   <div class='ocr_carea' id='block_1_4' title="bbox 284 3720 2408 4260">
    <p class='ocr_par' dir='ltr' id='par_1_4' title="bbox 284 3720 2408 4260">
     <span class='ocr_line' id='line_1_30' title="bbox 360 3720 2397 3787; baseline 0.001 -20"><span class='ocrx_word' id='word_1_229' title='bbox 360 3736 436 3783; x_wconf 80' lang='lat'>¹9·</span> <span class='ocrx_word' id='word_1_230' title='bbox 458 3721 893 3787; x_wconf 63' lang='lat' dir='ltr'>Ju1ia1e3e.Quae,</span> <span class='ocrx_word' id='word_1_231' title='bbox 915 3723 1291 3783; x_wconf 61' lang='lat' dir='ltr'>nauseantibus,</span> <span class='ocrx_word' id='word_1_232' title='bbox 1452 3738 1536 3772; x_wconf 70' lang='grc' dir='ltr'>ιι.</span> <span class='ocrx_word' id='word_1_233' title='bbox 1579 3723 1636 3787; x_wconf 71' lang='lat' dir='ltr'>Q.</span> <span class='ocrx_word' id='word_1_234' title='bbox 1676 3721 1872 3771; x_wconf 72' lang='lat' dir='ltr'>Titinio.</span> <span class='ocrx_word' id='word_1_235' title='bbox 1903 3721 2004 3783; x_wconf 88' lang='lat' dir='ltr'>Qui</span> <span class='ocrx_word' id='word_1_236' title='bbox 2030 3720 2149 3769; x_wconf 85' lang='lat' dir='ltr'>mihi</span> <span class='ocrx_word' id='word_1_237' title='bbox 2189 3721 2397 3785; x_wconf 72' lang='lat' dir='ltr'>legatum</span> 
     </span>
     <span class='ocr_line' id='line_1_31' title="bbox 284 3800 2015 3863; baseline 0.001 -17"><span class='ocrx_word' id='word_1_238' title='bbox 284 3800 734 3863; x_wconf 73' lang='lat' dir='ltr'>magistratuumque</span> <span class='ocrx_word' id='word_1_239' title='bbox 747 3803 1006 3851; x_wconf 73' lang='lat' dir='ltr'>comitibus</span> <span class='ocrx_word' id='word_1_240' title='bbox 1024 3811 1081 3851; x_wconf 88' lang='lat' dir='ltr'>ut</span> <span class='ocrx_word' id='word_1_241' title='bbox 1092 3803 1292 3861; x_wconf 84' lang='lat' dir='ltr'>foenum,</span> <span class='ocrx_word' id='word_1_242' title='bbox 1383 3802 1517 3850; x_wconf 79' lang='lat' dir='ltr'>dedit</span> <span class='ocrx_word' id='word_1_243' title='bbox 1536 3803 1590 3850; x_wconf 91' lang='lat' dir='ltr'>L.</span> <span class='ocrx_word' id='word_1_244' title='bbox 1608 3801 1840 3848; x_wconf 85' lang='lat' dir='ltr'>Tullium.</span> <span class='ocrx_word' id='word_1_245' title='bbox 1865 3800 2015 3847; x_wconf 71' lang='grc' dir='ltr'><strong>ΜΑιτ.</strong></span> 
     </span>
     <span class='ocr_line' id='line_1_32' title="bbox 285 3876 2402 3947; baseline 0 -21"><span class='ocrx_word' id='word_1_246' title='bbox 285 3879 493 3943; x_wconf 72' lang='lat' dir='ltr'>aliique,</span> <span class='ocrx_word' id='word_1_247' title='bbox 509 3879 573 3927; x_wconf 77' lang='lat' dir='ltr'>ab</span> <span class='ocrx_word' id='word_1_248' title='bbox 598 3880 824 3943; x_wconf 66' lang='lat' dir='ltr'>oppidis,</span> <span class='ocrx_word' id='word_1_249' title='bbox 851 3893 900 3930; x_wconf 79' lang='lat' dir='ltr'>et</span> <span class='ocrx_word' id='word_1_250' title='bbox 918 3882 1037 3931; x_wconf 74' lang='lat' dir='ltr'>vicis</span> <span class='ocrx_word' id='word_1_251' title='bbox 1054 3882 1294 3930; x_wconf 73' lang='lat' dir='ltr'>submini-</span> <span class='ocrx_word' id='word_1_252' title='bbox 1454 3896 1544 3929; x_wconf 70' lang='lat' dir='ltr'>aa.</span> <span class='ocrx_word' id='word_1_253' title='bbox 1566 3877 1830 3947; x_wconf 63' lang='lat' dir='ltr'>wopam«.</span> <span class='ocrx_word' id='word_1_254' title='bbox 1859 3876 2155 3942; x_wconf 75' lang='lat' dir='ltr'>Quadrigas.</span> <span class='ocrx_word' id='word_1_255' title='bbox 2180 3879 2402 3927; x_wconf 70' lang='lat' dir='ltr'>Interdi-</span> 
     </span>
     <span class='ocr_line' id='line_1_33' title="bbox 285 3956 2408 4022; baseline 0 -16"><span class='ocrx_word' id='word_1_256' title='bbox 285 3968 544 4006; x_wconf 69' lang='lat' dir='ltr'>ntrareutur</span> <span class='ocrx_word' id='word_1_257' title='bbox 562 3994 577 4020; x_wconf 93' lang='lat'>,</span> <span class='ocrx_word' id='word_1_258' title='bbox 589 3957 807 4018; x_wconf 69' lang='lat' dir='ltr'>jubebat.</span> <span class='ocrx_word' id='word_1_259' title='bbox 829 3963 975 4011; x_wconf 69' lang='lat' dir='ltr'>Mu«.</span> <span class='ocrx_word' id='word_1_260' title='bbox 1074 3988 1079 3995; x_wconf 37' lang='grc' dir='ltr'><em>κ</em></span> <span class='ocrx_word' id='word_1_261' title='bbox 1380 3959 1525 4007; x_wconf 74' lang='lat' dir='ltr'>vinos</span> <span class='ocrx_word' id='word_1_262' title='bbox 1542 3958 1753 4006; x_wconf 75' lang='lat' dir='ltr'>bonores</span> <span class='ocrx_word' id='word_1_263' title='bbox 1769 3974 1872 4006; x_wconf 70' lang='lat' dir='ltr'>esso</span> <span class='ocrx_word' id='word_1_264' title='bbox 1887 3956 2143 4022; x_wconf 71' lang='lat' dir='ltr'>quadrigas</span> <span class='ocrx_word' id='word_1_265' title='bbox 2161 3960 2275 4006; x_wconf 70' lang='lat' dir='ltr'>satis</span> <span class='ocrx_word' id='word_1_266' title='bbox 2288 3974 2408 4006; x_wconf 86' lang='lat' dir='ltr'>con-</span> 
     </span>
     <span class='ocr_line' id='line_1_34' title="bbox 357 4037 2400 4100; baseline 0 -15"><span class='ocrx_word' id='word_1_267' title='bbox 357 4052 438 4086; x_wconf 59' lang='grc' dir='ltr'>πο.</span> <span class='ocrx_word' id='word_1_268' title='bbox 458 4037 587 4086; x_wconf 73' lang='lat' dir='ltr'>Male</span> <span class='ocrx_word' id='word_1_269' title='bbox 610 4037 847 4087; x_wconf 72' lang='lat' dir='ltr'>inculcata</span> <span class='ocrx_word' id='word_1_270' title='bbox 863 4038 969 4088; x_wconf 65' lang='lat' dir='ltr'>hee</span> <span class='ocrx_word' id='word_1_271' title='bbox 987 4040 1294 4089; x_wconf 76' lang='lat' dir='ltr'>librariorum</span> <span class='ocrx_word' id='word_1_272' title='bbox 1383 4047 1493 4087; x_wconf 69' lang='lat' dir='ltr'>ctat.</span> <span class='ocrx_word' id='word_1_273' title='bbox 1515 4040 1688 4100; x_wconf 79' lang='lat' dir='ltr'>Itaque</span> <span class='ocrx_word' id='word_1_274' title='bbox 1705 4039 1759 4084; x_wconf 90' lang='lat' dir='ltr'>in</span> <span class='ocrx_word' id='word_1_275' title='bbox 1779 4037 1989 4084; x_wconf 78' lang='lat' dir='ltr'>nummis</span> <span class='ocrx_word' id='word_1_276' title='bbox 2008 4048 2400 4085; x_wconf 78' lang='lat' dir='ltr'>consecratorum</span> 
     </span>
     <span class='ocr_line' id='line_1_35' title="bbox 286 4115 2404 4182; baseline -0.001 -18"><span class='ocrx_word' id='word_1_277' title='bbox 286 4116 407 4166; x_wconf 78' lang='lat' dir='ltr'>vitio</span> <span class='ocrx_word' id='word_1_278' title='bbox 420 4154 437 4180; x_wconf 91' lang='lat'><strong><em>‚</em></strong></span> <span class='ocrx_word' id='word_1_279' title='bbox 458 4127 514 4164; x_wconf 86' lang='lat' dir='ltr'>ut</span> <span class='ocrx_word' id='word_1_280' title='bbox 542 4116 733 4182; x_wconf 81' lang='lat' dir='ltr'>pridem</span> <span class='ocrx_word' id='word_1_281' title='bbox 749 4119 896 4167; x_wconf 68' lang='lat' dir='ltr'>remit</span> <span class='ocrx_word' id='word_1_282' title='bbox 915 4121 1076 4169; x_wconf 71' lang='lat' dir='ltr'>Groev.</span> <span class='ocrx_word' id='word_1_283' title='bbox 1097 4120 1294 4169; x_wconf 73' lang='lat' dir='ltr'>Lallem.</span> <span class='ocrx_word' id='word_1_284' title='bbox 1384 4117 1721 4182; x_wconf 77' lang='lat' dir='ltr'>reperiuntur,</span> <span class='ocrx_word' id='word_1_285' title='bbox 1738 4126 1787 4164; x_wconf 82' lang='lat' dir='ltr'>et</span> <span class='ocrx_word' id='word_1_286' title='bbox 1806 4116 1857 4163; x_wconf 82' lang='lat' dir='ltr'>in</span> <span class='ocrx_word' id='word_1_287' title='bbox 1877 4116 2084 4164; x_wconf 73' lang='lat' dir='ltr'>aliorum</span> <span class='ocrx_word' id='word_1_288' title='bbox 2109 4131 2305 4180; x_wconf 82' lang='lat' dir='ltr'>quoque</span> <span class='ocrx_word' id='word_1_289' title='bbox 2327 4115 2404 4162; x_wconf 78' lang='lat' dir='ltr'>in-</span> 
     </span>
     <span class='ocr_line' id='line_1_36' title="bbox 288 4195 2405 4260; baseline -0.001 -16"><span class='ocrx_word' id='word_1_290' title='bbox 288 4197 485 4246; x_wconf 83' lang='lat' dir='ltr'>omnino</span> <span class='ocrx_word' id='word_1_291' title='bbox 504 4195 764 4246; x_wconf 71' lang='lat' dir='ltr'>deleverat.</span> <span class='ocrx_word' id='word_1_292' title='bbox 783 4199 833 4245; x_wconf 85' lang='lat' dir='ltr'>J.</span> <span class='ocrx_word' id='word_1_293' title='bbox 857 4201 923 4245; x_wconf 78' lang='lat' dir='ltr'>V.</span> <span class='ocrx_word' id='word_1_294' title='bbox 945 4201 1000 4246; x_wconf 90' lang='lat' dir='ltr'>L.</span> <span class='ocrx_word' id='word_1_295' title='bbox 1386 4198 1578 4247; x_wconf 74' lang='lat' dir='ltr'>tei-dum</span> <span class='ocrx_word' id='word_1_296' title='bbox 1603 4195 1869 4247; x_wconf 69' lang='lat' dir='ltr'>fornicibus</span> <span class='ocrx_word' id='word_1_297' title='bbox 1885 4195 2142 4260; x_wconf 61' lang='lat' dir='ltr'>imposita.</span> <span class='ocrx_word' id='word_1_298' title='bbox 2155 4196 2318 4256; x_wconf 80' lang='lat' dir='ltr'>Quum</span> <span class='ocrx_word' id='word_1_299' title='bbox 2332 4208 2405 4242; x_wconf 76' lang='lat' dir='ltr'>or·</span> 
     </span>
    </p>
   </div>
  </div>
 </body>
</html>
