3023 4773
640 383 774 472 154
1270 389 1368 457 M.
1422 391 1498 457 T.
1555 389 2119 459 CICERONIS

625 524 1088 610 putaremus,
1124 511 1184 582 si
1224 536 1374 581 uon
1419 525 1649 584 totam
1695 493 2019 597 causam,
2073 522 2146 579 at
2190 522 2386 588 certe
2430 522 2769 580 nostrum

620 619 975 715 judicium
998 625 1029 673 4
1078 619 1369 693 definiri
1400 624 1810 694 convenire.
1857 625 2115 717 Neque
2152 620 2537 717 quisquam
2573 618 2771 690 hanc

624 746 950 802 nostram
984 733 1413 804 sententiam
1447 757 1618 805 vere
1655 756 2002 828 umquam
2040 729 2543 829 reprehendit,
2581 754 2771 827 prae-

623 856 738 913 ter
780 865 904 913 eos
929 895 948 928 ,
983 843 1111 939 qui
1142 841 1584 914 arbitrantur
1625 842 1885 914 melius
1923 864 2116 928 esse,
2151 835 2418 912 deleri⁵
2462 839 2771 909 omnino

624 950 1185 1049 rempublicam,
1231 978 1452 1049 quam
1501 955 1958 1025 imminutam
2007 966 2079 1022 et
2133 949 2577 1022 debilitatam
2620 974 2770 1019 ma·

625 1087 826 1133 nere.
859 1067 1012 1159 Ego
1046 1078 1288 1136 autem
1318 1090 1407 1136 ex
1442 1066 1743 1136 interitu
1772 1064 1928 1158 ejus
1956 1061 2230 1133 nullam
2263 1086 2470 1159 spem
2498 1060 2771 1131 scilicet

624 1171 805 1241 mihi
848 1172 1392 1270 proponebam3
1432 1198 1521 1244 ex
1557 1174 1881 1271 reliquiis
1914 1197 2269 1270 maguam.
2308 1170 2451 1243 Sed
2479 1197 2563 1242 ea
2595 1185 2774 1242 sunt

625 1299 1109 1379 consequuta,
1139 1300 1218 1356 ut
1240 1287 1461 1382 magis
1481 1287 1744 1356 mirum
1775 1285 1865 1356 sit
1883 1338 1903 1370 ,
1931 1282 2254 1355 accidere
2273 1281 2393 1352 illa
2414 1282 2769 1380 potuisse,

624 1416 842 1489 quam
882 1416 1018 1464 nos
1056 1418 1207 1464 non
1243 1393 1503 1465 vidisse
1539 1419 1622 1465 ea
1659 1393 1934 1482 futura,
1962 1418 2136 1483 nee,
2175 1392 2506 1463 homines
2533 1417 2773 1489 quum

627 1525 978 1589 essemus,
1034 1503 1356 1576 divinare
1406 1505 1748 1603 potuisse.
1807 1504 2164 1601 Equidem
2215 1502 2478 1592 fateor,
2532 1526 2774 1572 meam

626 1612 1121 1706 conjecturam
1161 1613 1345 1685 hanc
1382 1612 1636 1701 fuisse,
1664 1628 1779 1701 ut,
1817 1614 1942 1684 illo
1979 1614 2187 1711 quasi
2220 1611 2540 1708 quodam
2574 1609 2774 1680 fatali

622 1720 873 1819 praelio
916 1719 1147 1810 fact0,
1193 1739 1265 1795 et
1301 1725 1613 1795 victores
1648 1726 2017 1795 communi
2050 1719 2261 1794 saluti
2300 1721 2579 1792 consuli
2620 1717 2774 1790 vel-

628 1831 813 1919 lent,
850 1847 922 1904 et
958 1834 1126 1906 victi
1163 1860 1349 1922 suae3
1403 1849 1800 1930 utrumque
1835 1848 2076 1905 autem
2117 1836 2436 1931 positum
2468 1855 2621 1901 csse
2653 1854 2779 1900 ar-

625 1939 988 2012 bitrabar⁶
1015 1944 1090 2013 iu
1118 1943 1479 2015 celeritate
1506 1946 1818 2015 victoris.
1850 1946 2031 2035 Quae
2057 1943 2115 2012 si
2145 1941 2418 2028 fuisset,
2442 1940 2775 2012 eamdem

625 2049 1081 2123 clementiam
1100 2067 1390 2151 experta
1411 2068 1597 2126 esset
1616 2053 1854 2126 Africa
1870 2066 1923 2141 7,
1944 2079 2168 2152 quam
2191 2045 2565 2151 cognovit8
2580 2052 2780 2138 Asia,

631 2184 853 2255 quam
887 2163 1099 2233 etiam
1136 2162 1426 2252 Achaia,
1463 2179 1536 2235 et
1560 2219 1579 2253 ,
1609 2178 1692 2235 ut
1728 2165 2013 2263 opinor,
2052 2167 2209 2264 ipso
2248 2165 2482 2262 legato
2520 2186 2603 2233 ac
2640 2160 2776 2233 de-

623 2286 1002 2366 precatore
1020 2285 1074 2344 9.
1097 2274 1389 2344 Amissis
1416 2289 1659 2346 autem
1684 2275 2159 2373 temporibuS,
2180 2301 2342 2374 quae
2372 2275 2777 2374 plurimum

621 2381 897 2471 valent,
927 2386 1322 2481 praesertim
1365 2385 1443 2455 in
1481 2383 1692 2459 bellis
1724 2386 2093 2476 civilibus,
2129 2390 2602 2486 interpositus
2638 2411 2777 2456 an·

702 2693 752 2741 4.
793 2683 1055 2735 Iudicium.
1100 2688 1171 2735 Ut
1206 2703 1338 2736 arma
1382 2687 1652 2753 deponere-

624 2780 749 2814 mus.
795 2766 1028 2814 Judicare
1071 2768 1200 2816 euim
1243 2783 1303 2817 ex
1348 2785 1447 2816 una
1485 2784 1651 2834 pugna

1741 2704 1957 2761 pugnaui
1988 2705 2041 2737 se
2082 2689 2134 2736 iu
2158 2687 2326 2741 Asiam
2368 2697 2417 2735 et
2450 2686 2501 2734 in
2530 2683 2776 2735 Achaiam

1740 2779 2042 2833 receperunt.
2063 2769 2208 2815 Mur.

623 2845 909 2908 potuimus,
938 2848 1164 2909 persequi
1206 2864 1298 2895 uos
1334 2842 1463 2896 belli*
1491 2847 1652 2896 civilis

626 2934 839 2972 extrema
865 2940 968 2973 non
993 2924 1185 2974 debere.
1203 2928 1346 2974 Mu«.

697 3004 748 3053 5.
774 3005 955 3054 Deleri.
982 3007 1171 3071 Nempe
1197 3007 1240 3054 si
1262 3005 1551 3070 Pompeiani
1573 3004 1649 3053 ui-

623 3083 722 3131 mia
763 3084 1030 3149 pertinacis
1074 3087 1256 3134 bellum
1293 3086 1651 3151 producerent,

625 3164 894 3211 verendum
921 3176 1023 3212 erat
1049 3182 1111 3213 ue
1139 3167 1298 3214 Cesar
1324 3181 1485 3229 regem
1507 3181 1559 3212 se
1579 3165 1649 3210 sa-

627 3254 776 3292 ceret.
799 3246 922 3292 Pace
946 3256 1110 3293 autem
1128 3246 1272 3303 facts,
1288 3262 1413 3309 resp.
1430 3244 1651 3308 quamvis

624 3321 878 3371 imminuta
930 3332 980 3372 et
1027 3324 1274 3372 debilitata
1293 3359 1309 3385 ,
1366 3328 1672 3373 conservata*

620 3408 783 3448 tamen
808 3402 994 3452 suisset.
1019 3406 1112 3452 Eu.

699 3482 749 3528 6.
761 3482 880 3541 Alii,
893 3506 918 3525 a
929 3482 1242 3549 propositum
1255 3500 1357 3531 esse
1372 3484 1647 3534 arbitrari».

623 3558 674 3607 J.
690 3560 755 3606 V.
777 3562 831 3608 L.

700 3655 748 3698 7.
772 3636 962 3701 Affica.
990 3641 1307 3706 Pompeiani,
1333 3643 1417 3707 qui
1453 3659 1504 3691 se
1535 3655 1652 3708 post

621 3715 949 3767 Pharsalicum
967 3722 1192 3785 praelium
1212 3722 1265 3768 in
1284 3722 1497 3770 Africam
1526 3739 1652 3770 con-

622 3796 851 3845 tulerant.
872 3825 943 3835 —
965 3802 1094 3848 Hinc
1113 3800 1228 3850 Sch.
1251 3802 1455 3862 conjicit
1476 3803 1640 3852 Casa·

624 3892 728 3923 rem
746 3876 972 3925 nondum
1000 3879 1052 3926 in
1083 3880 1272 3928 Italiam
1302 3882 1556 3931 revertisse
1579 3899 1644 3930 ex

623 3955 959 4004 Alexandrino
978 3957 1126 4017 bello,
1143 3959 1207 4007 ad
1220 3962 1429 4019 Att.xl‚
1452 3977 1472 4009 1
1484 3971 1532 4019 4.
1549 3963 1641 4010 En.

693 4038 741 4085 8.
773 4037 935 4099 Quam
957 4040 1178 4104 cognovit
1197 4040 1351 4090 Asia.
1379 4045 1538 4105 Quam
1562 4059 1645 4091 co-

623 4129 899 4183 gnoverunt
935 4117 995 4176 ii,
1035 4119 1121 4183 qui
1163 4131 1275 4183 post
1319 4121 1643 4171 Pharsalicam

1812 2864 1862 2910 9.
1891 2850 2076 2912 Legata
2093 2863 2155 2894 ae
2179 2845 2506 2910 deprecatore.
2541 2842 2657 2890 Nou
2685 2859 2780 2889 ex·

1737 2937 2001 2992 spectasset
2024 2927 2209 2985 Caesar,
2243 2935 2300 2971 ut
2324 2921 2609 2988 Pompeiani
2634 2921 2776 2984 legn-

1739 3017 1816 3055 tos
1833 3006 1897 3055 ad
1921 3023 2051 3065 eum,
2070 3006 2155 3068 qui
2179 3004 2574 3068 deprecarentur,
2601 3001 2774 3051 mitte-

1738 3097 1881 3134 rent:
1917 3085 2006 3134 sed
2041 3085 2146 3151 ipse
2183 3083 2246 3130 sd
2282 3098 2519 3146 eos‚quae
2553 3091 2626 3127 est
2655 3081 2775 3141 ejus

1737 3162 2009 3213 humanitas
2033 3175 2082 3211 et
2111 3161 2392 3219 clementia,
2417 3161 2548 3209 ultro
2574 3160 2770 3220 ivisset,

1737 3255 1882 3309 atque
1918 3256 1976 3292 ut
2010 3259 2131 3307 pace
2165 3243 2290 3290 facts
2316 3240 2772 3300 reconciliarentur,

1740 3323 2026 3388 deprecatus
2057 3333 2195 3370 esset.
2226 3323 2372 3370 Mu«.
2417 3348 2484 3358 -—
2526 3322 2775 3371 Caesaoem

1737 3403 1818 3452 hic
1865 3406 2080 3468 legatum
2125 3402 2267 3465 fingit
2306 3402 2577 3458 Manutius,
2624 3404 2776 3465 quod

1737 3484 1875 3530 nullo
1911 3482 2061 3529 modo
2099 3481 2345 3545 procedit.
2383 3481 2589 3539 Melius,
2614 3482 2725 3528 «Te
2749 3517 2769 3541 ‚

1737 3575 1796 3612 ut
1823 3563 2027 3626 opinor.
2067 3561 2179 3625 ipso
2205 3560 2412 3625 allegato
2448 3576 2505 3608 sc
2531 3560 2769 3623 depreca-

1741 3653 1848 3691 tore
1865 3663 1916 3701 u,
1938 3653 2023 3689 aut
2046 3640 2334 3704 simpliciter
2356 3640 2608 3705 legatoffe
2625 3640 2772 3702 apud

1738 3723 1974 3770 Coeserem
2004 3737 2094 3785 pro
2125 3720 2184 3767 iis
2209 3720 2575 3768 interveniente.
2620 3721 2669 3768 J.
2705 3724 2767 3770 F.

1728 3799 2230 3852 (huonon—Multos
2256 3800 2385 3846 enim
2411 3798 2768 3861 Pompeianos,

1729 3898 1877 3946 opera
1901 3881 2072 3942 Cassii,
2087 3881 2174 3943 qui
2190 3889 2305 3944 post
2325 3893 2538 3942 pugnam
2558 3876 2768 3926 Pharsa-

1728 3963 1873 4011 licam
1899 3960 1963 4008 sd
1999 3963 2237 4011 Caessrem
2273 3958 2554 4015 transierat,
2586 3972 2646 4004 eo
2683 3956 2763 4004 le-

1732 4053 1846 4106 gato
1868 4052 1918 4089 et
1944 4041 2261 4105 deprecatore
2286 4038 2476 4086 veniam
2511 4053 2541 4084 a
2571 4037 2765 4084 Cas-re

1732 4125 2011 4187 impetrasse
2036 4120 2151 4170 satis
2173 4131 2276 4169 erat
2301 4116 2553 4167 credibile.
2581 4118 2673 4166 En.
