3023 4773
610 416 744 487 272

1232 394 1328 459 M.
1379 393 1456 459 Τ.
1514 393 2105 463 CICERONIS

601 514 946 611 quoniam
986 511 1287 609 propius
1318 508 1489 581 abes
1504 507 1601 597 ³45
1632 513 1991 609 Pompeii,
2027 513 2255 584 nostri
2285 515 2511 585 amici*
2541 519 2742 614 Nega

601 648 718 693 me
745 624 810 693 ei
842 625 1104 692 iratum
1137 617 1294 691 fore
1312 673 1332 699 ,
1377 620 1438 689 si
1468 618 1559 689 ad
1597 643 1754 690 mea
1781 620 2071 691 comitia
2101 645 2252 691 non
2281 625 2580 693 venerit.
2610 628 2736 694 At-

603 756 749 829 que
791 732 942 802 haec
979 728 1398 824 hujusmodi
1435 744 1628 799 sunt.

698 840 835 912 Sed
868 854 1014 925 est,
1051 838 1255 937 quod
1288 836 1416 909 abs
1454 854 1523 909 te
1569 839 1747 911 mihi
1779 841 2057 937 ignosci
2100 841 2469 938 pervelim.
2514 845 2738 915 Caeci-

599 953 771 1036 lius,
805 948 1203 1021 avunculus
1236 962 1438 1030 tuuS,
1469 973 1511 1017 a
1536 953 1605 1019 P.
1623 951 1839 1020 Vario
1871 974 2102 1045 quum
2137 975 2397 1047 magna
2427 955 2736 1049 pecunia

601 1060 1074 1145 fraudaretur,
1090 1083 1299 1154 agere
1320 1060 1544 1155 coepit
1571 1084 1739 1130 cum
1766 1059 1922 1153 ejus
1950 1057 2169 1131 fratre
2186 1062 2493 1131 Caninio
2509 1064 2737 1133 Satrio

597 1171 688 1243 de
717 1174 800 1242 iis
825 1170 1068 1256 rebuS‚
1099 1193 1280 1264 quas
1294 1193 1464 1239 eum
1488 1167 1661 1238 dolo
1693 1170 1885 1239 malo
1899 1166 1963 1212 ³⁵
1994 1170 2360 1267 mancipio
2382 1173 2739 1269 accepisse

596 1282 687 1353 (le
707 1281 919 1352 Vario
948 1278 1239 1349 diceret.
1265 1284 1424 1351 Una
1453 1277 1767 1376 agebant
1794 1280 2018 1351 ceteri
2046 1279 2469 1368 creditore5‚
2490 1282 2562 1351 in
2584 1284 2740 1379 qui-

598 1391 737 1462 bus
773 1404 925 1460 erat
955 1387 1297 1459 Lucullus
1311 1385 1401 1476 ³⁶,
1432 1404 1507 1459 et
1540 1392 1619 1459 P.
1647 1385 1992 1484 Scipio³⁷‚
2021 1404 2095 1459 et
2132 1393 2227 1476 is,
2265 1414 2486 1486 quem
2521 1405 2738 1487 puta·

602 1500 780 1570 bant
815 1501 1231 1597 magistrum
1258 1493 1323 1542 ³⁸
1359 1496 1519 1570 fore
1540 1552 1559 1585 ‚
1597 1499 1655 1567 si
1686 1496 1882 1568 bona
1909 1501 2276 1587 venirent,
2312 1505 2385 1570 L
2418 1503 2736 1572 Pontius.

602 1798 756 1832 meam
773 1782 1058 1847 petitionem
1077 1768 1337 1841 adjuvent,
1354 1780 1511 1833 missis
1534 1778 1630 1826 Ro-

603 1854 975 1927 mam'epistolis
1001 1862 1064 1908 ad
1090 1860 1397 1924 propinquos
1420 1871 1470 1907 et
1491 1859 1630 1906 sami-

601 1943 761 1991 lisres.
790 1942 939 1989 Mur.
973 1965 1037 1979 -·
1070 1941 1297 1988 Proestes.
1337 1938 1449 1987 Sch.
1487 1939 1629 1986 aliter

602 2022 979 2085 interpretatur:
1019 2020 1113 2064 Fac
1139 2028 1195 2066 ut
1221 2017 1341 2065 mihi
1363 2033 1533 2066 caveas
1563 2016 1627 2065 ab

604 2101 708 2149 istis
728 2098 946 2162 Pompeii
966 2097 1182 2153 asseclis,
1209 2113 1271 2144 ne
1290 2096 1404 2145 illos
1424 2112 1626 2161 compe-

604 2181 773 2227 titores
804 2176 1024 2225 habeam.
1059 2175 1283 2223 Timebat
1316 2177 1447 2223 enim
1489 2192 1551 2221 ne
1586 2175 1627 2223 si

601 2261 807 2307 Romam
839 2258 1055 2305 venirent
1082 2267 1130 2303 et
1159 2257 1461 2304 consulatum
1488 2266 1625 2320 pete-

607 2348 732 2400 rent,
752 2353 837 2384 sua
862 2336 1015 2401 ipsius
1032 2335 1207 2400 petitio
1227 2335 1516 2383 vinceretur.
1536 2338 1627 2383 Eu.

677 2420 760 2475 31..
801 2416 1046 2481 Quoniam
1064 2415 1270 2479 propius
1297 2416 1430 2464 abes.
1462 2418 1628 2477 Quum

609 2508 661 2546 tu
695 2497 748 2543 in
775 2496 961 2543 Graecia
985 2495 1082 2552 sis,
1107 2494 1268 2541 minus
1293 2493 1406 2541 abes
1434 2510 1462 2540 a
1490 2496 1630 2541 Pom·

611 2576 724 2642 peio
745 2611 761 2636 ,
807 2591 951 2639 quam
995 2589 1114 2637 ego,
1142 2573 1226 2637 qui
1271 2589 1376 2620 sum
1421 2575 1626 2621 Romae:

608 2658 772 2719 itaque
798 2669 886 2718 per
910 2653 1073 2700 literas
1106 2662 1155 2699 et
1189 2668 1300 2699 cum
1326 2654 1436 2716 ipso
1456 2664 1630 2717 potes,

605 2752 718 2783 cum
762 2734 854 2792 iis,
891 2731 978 2795 qui
1016 2746 1110 2777 uua
1154 2741 1293 2789 sunt,
1336 2730 1397 2778 de
1438 2731 1628 2779 honoro

606 2830 717 2862 meo
772 2810 1079 2859 commodius
1122 2825 1278 2873 agere.
1336 2812 1420 2857 Est
1463 2823 1627 2859 autem

608 2918 633 2937 .-
652 2892 861 2959 propius
904 2889 1069 2937 abesse
1094 2911 1119 2930 ι·
1140 2924 1154 2948 ,
1207 2891 1369 2937 minus
1425 2890 1624 2937 distare.

605 2975 819 3020 Mun-r.
838 2997 908 3006 —
927 2970 1092 3034 Nega.
1112 2969 1207 3017 Dic
1226 2969 1300 3016 ini
1317 2984 1395 3015 me
1415 2985 1516 3015 uon
1533 2979 1630 3016 tam

608 3065 664 3102 ut
681 3051 841 3101 veniat
859 3049 922 3098 ad
937 3066 1040 3097 mea
1065 3049 1262 3097 comitia
1281 3059 1469 3111 optare,
1482 3064 1628 3111 quam

608 3144 664 3181 ut
687 3131 822 3196 apud
848 3146 899 3178 se
931 3130 1167 3187 retineat,
1193 3144 1318 3192 quos
1343 3126 1394 3173 in
1427 3143 1518 3173 suo
1545 3142 1629 3174 co-

608 3212 781 3259 mitatu
814 3208 961 3256 habet
1001 3210 1131 3255 viros
1165 3204 1381 3266 nobiles,
1416 3221 1630 3268 quorum

609 3302 746 3338 erant
780 3290 981 3336 sortasse
1017 3285 1166 3349 aliqui
1205 3284 1449 3347 praetorii,
1477 3286 1627 3349 quisi

610 3372 783 3418 Roma
812 3367 1090 3420 affuissent,
1117 3363 1343 3412 Ciceroni
1371 3365 1631 3428 pra-ripere

609 3449 885 3512 potuissent
933 3441 1238 3492 consulatum
1261 3457 1274 3488 :
1322 3441 1434 3490 ideo
1477 3442 1630 3492 modo

608 3525 798 3575 dicebat
818 3549 843 3567 ι
856 3526 932 3573 his
954 3522 1152 3571 urbanis
1178 3520 1414 3569 duntaxat
1435 3538 1633 3587 compe·

609 3605 834 3653 titoribus
858 3627 898 3653 ιο.
943 3605 1168 3652 Cissus.
1206 3628 1276 3637 -—
1316 3602 1433 3648 Nou
1470 3602 1633 3650 minus

610 3696 776 3749 arguta
795 3684 1031 3733 sententia
1052 3681 1158 3740 erit,
1181 3681 1223 3729 si
1240 3692 1428 3746 negant
1443 3682 1631 3746 legeris.

609 3767 736 3814 Nam
774 3763 914 3828 quod
950 3763 1094 3811 amici
1137 3760 1356 3823 Pompeii
1403 3760 1632 3824 depreca-

607 3846 800 3901 bantur,
836 3844 887 3891 id
923 3844 1097 3892 Cicero
1133 3842 1286 3888 facete
1334 3855 1510 3903 negare
1550 3855 1634 3887 eos

609 3922 766 3972 aiebat
781 3956 796 3979 ‚
847 3932 900 3969 ut
947 3921 1069 3969 illud
1108 3920 1265 3969 Crassi
1318 3920 1378 3967 de
1421 3921 1626 3968 Oratore

607 4003 739 4066 (cap.
770 4000 888 4062 ὅθι
924 4023 949 4041 ι
973 4001 1040 4047 At
1081 4011 1136 4047 tu
1175 4015 1375 4063 negaras
1415 4010 1462 4047 te
1506 3999 1629 4047 mihi

608 4080 864 4130 molestum
915 4079 1133 4126 futurum
1168 4099 1212 4125 ι.
1267 4080 1414 4125 Posse
1467 4091 1629 4128 autem

607 4160 893 4224 Pompeium
913 4157 1078 4206 venire
1098 4157 1160 4204 ad
1187 4158 1629 4207 commendandum

1718 1768 2057 1841 candidatum,
2100 1772 2142 1831 si
2179 1799 2279 1831 uon
2321 1775 2556 1842 Romam,
2601 1782 2650 1832 a't
2688 1776 2743 1831 iu

1717 1870 1982 1908 extremam
2036 1863 2338 1925 provinciam
2357 1900 2373 1925 ,
2422 1879 2484 1911 ex
2537 1863 2744 1911 Caesaris

1717 1940 2086 1989 Commentariis
2123 1941 2433 2005 perspicitur.
2470 1944 2582 2006 Ipse
2610 1942 2746 1987 enim

1716 2020 2005 2081 quotannis,
2051 2019 2195 2068 rebus
2239 2021 2418 2068 relictis
2437 2055 2453 2080 ‚
2498 2020 2748 2069 veniebat.

1714 2099 1925 2148 Munna

1790 2176 1875 2225 35.
1910 2178 2036 2225 Dolo
2087 2177 2236 2225 malo.
2284 2181 2342 2228 Ρ.
2372 2177 2550 2226 Varius
2588 2196 2746 2243 quum

1717 2255 1827 2303 aeris
1843 2257 1991 2304 alieni
2015 2257 2277 2321 plurimum
2307 2258 2655 2315 contraxisset,
2686 2266 2750 2306 ut

1717 2333 1981 2382 creditores
2000 2328 2271 2395 fraudaret,
2296 2336 2426 2385 bona
2448 2353 2534 2384 sua
2557 2332 2752 2385 manci-

1717 2414 1804 2478 pio
1831 2409 2093 2463 tradiderat
2112 2417 2320 2464 Caninio
2340 2416 2493 2464 fratri.
2509 2416 2565 2463 Id
2586 2433 2751 2480 quum

1716 2495 2166 2542 animadvertissent
2221 2495 2488 2544 creditores
2515 2530 2531 2552 ,
2599 2512 2750 2559 agere

1717 2584 1970 2637 coeperunt
2011 2573 2241 2621 adversus
2280 2574 2570 2637 Caninium,
2606 2574 2752 2639 quod

1718 2654 1760 2701 is
1810 2653 1929 2701 dolo
1983 2653 2113 2700 malo
2131 2688 2147 2713 ‚
2196 2653 2258 2700 ad
2311 2671 2361 2702 se
2406 2646 2711 2703 fraudandos
2729 2693 2749 2718 ‚

1716 2733 1853 2780 Varii
1884 2733 2014 2780 bona
2040 2734 2287 2797 mancipio
2309 2736 2590 2799 accepisset.
2619 2737 2752 2798 Quae

1716 2813 1846 2860 actio
1866 2829 1894 2860 a
1906 2813 2268 2874 jurisconsultis
2282 2814 2460 2861 uostris
2472 2813 2753 2877 appellatur

1719 2891 1964 2939 Pauliana.
2004 2891 2100 2939 Sed
2141 2891 2365 2939 noudum
2415 2894 2621 2957 proprio
2658 2908 2752 2940 uo·

1718 2961 1850 3018 mine
1874 2971 2067 3035 prodita
2102 2969 2257 3018 fuerat
2294 2983 2512 3036 tempore
2546 2972 2751 3020 Cicero-

1720 3049 1811 3098 nis.
1862 3041 2055 3098 Idcirco
2105 3050 2207 3109 ejus
2253 3050 2366 3099 loco
2413 3047 2649 3115 agebatur
2685 3047 2750 3099 de

1720 3125 1877 3188 dolo,
1929 3128 2065 3193 quod
2100 3128 2341 3189 judicium
2396 3129 2511 3177 dare
2554 3128 2750 3179 solebat

1720 3218 1932 3272 praetor,
1972 3203 2060 3255 nbi
2088 3205 2290 3273 propria
2323 3205 2452 3256 actio
2485 3203 2748 3256 deficiebat

1718 3284 1778 3334 iis
1799 3286 1860 3333 de
1877 3278 2019 3334 rebus
2033 3321 2049 3346 ,
2070 3303 2179 3350 quoe
2198 3287 2316 3335 dolo
2340 3287 2464 3335 malo
2480 3287 2619 3333 fsctoe
2636 3302 2747 3333 esse

1718 3365 2028 3414 dicebantur.
2050 3367 2251 3414 Bostus.

1793 3445 1877 3494 36.
1899 3445 2146 3493 Lucullus.
2173 3447 2227 3493 L.
2245 3443 2459 3492 Licinius
2483 3437 2751 3501 Lucullus,

1719 3526 1858 3586 cujus
1883 3524 2128 3572 familiaris
2151 3535 2254 3572 erat
2280 3526 2345 3587 Q.
2376 3524 2617 3571 Cecilius.
2652 3525 2756 3572 Ne·

1719 3619 1812 3666 pos
1837 3603 1889 3650 in
1922 3602 2078 3651 Attici
2104 3602 2225 3651 vita.
2253 3605 2309 3650 L.
2330 3619 2448 3651 vero
2480 3602 2715 3650 Lucullus
2732 3637 2752 3662 ,

1723 3682 1933 3730 triennio
1970 3691 2083 3728 ante
2129 3681 2380 3730 Ciceronis
2407 3680 2757 3744 consulatum,

1719 3764 1881 3809 victor
1914 3778 1941 3809 a
1980 3757 2318 3810 Mithridatico
2360 3757 2494 3808 bello
2533 3761 2760 3816 revertit,

1721 3840 1952 3888 Cosssn.

1792 3918 1852 3979 37
1866 3954 1879 3966 .
1909 3921 1968 3967 P.
1985 3918 2168 3983 Scipio.
2187 3917 2284 3981 Qui
2306 3913 2567 3982 adoptatus
2589 3933 2617 3964 a
2637 3918 2757 3964 Me-

1717 3998 1856 4058 tello,
1882 4000 1948 4061 Q.
1966 3998 2192 4048 Caecilins
2207 3997 2434 4046 Metellus
2453 3996 2567 4043 Pius
2579 3997 2763 4061 Scipio

1718 4089 1884 4142 postes
1915 4079 2009 4126 suit
2030 4077 2321 4142 appellatus.
2340 4080 2495 4125 Inui.

1792 4159 1874 4208 38.
1913 4157 2225 4223 Magistrum.
2257 4152 2373 4205 Scil.
2397 4154 2658 4202 auctionis.
