3023 4773
543 375 1051 446 EPISTOLAE
1100 375 1234 443 AD
1283 373 1767 459 ΑΤΤΙΟΠΜ,
1799 378 1886 459 V,
1928 376 1995 458 4.
2200 375 2335 462 545

216 503 383 574 dem
413 498 637 585 labar,
674 522 824 568 non
862 521 1011 593 quo
1041 524 1056 565 :
1093 494 1218 566 sed
1254 496 1500 592 inopia
1536 497 1859 590 cogimur
1892 521 1980 566 eo
2017 501 2341 568 contenti

218 637 394 685 esse.
431 615 541 681 De
573 607 696 678 illo
726 606 986 689 altem,
1027 629 1247 702 quem
1280 602 1530 675 scribis
1567 602 1696 674 tibi
1731 605 1965 674 visum
2002 630 2154 676 esse
2190 632 2342 678 non

217 723 536 794 alienum
558 774 577 808 ‚
606 741 880 804 vereor,
916 714 1178 786 adduci
1204 729 1287 784 ut
1313 709 1602 783 nostra⁵
1643 714 1899 809 possit;
1939 728 2012 785 et
2046 712 2178 785 ut⁶
2212 720 2342 802 vis,

219 821 718 924 δυσδιάγνωστον
744 833 769 877 7
834 816 1084 893 esset⁸.
1134 816 1490 916 Equidem
1549 840 1707 888 sum
1759 815 2034 890 facilis:
2086 820 2208 891 sed
2258 838 2340 892 tu

218 938 490 1022 aberis,
535 949 605 1006 et
642 956 756 1003 me
791 929 1089 1002 absente
1126 953 1242 1001 res
1257 941 1312 999 9.
1357 926 1751 997 Habebis¹0
1790 931 1930 999 mei
1960 930 2336 1001 rationem.

218 1052 402 1120 Nam
469 1058 713 1143 posset
779 1040 1049 1139 aliquid
1076 1095 1094 1125 ,
1156 1042 1216 1111 si
1287 1039 1557 1110 utervis
1632 1053 1960 1110 nostrum
2028 1040 2345 1128 adesset,

218 1170 477 1255 agente
514 1151 910 1236 Servilia¹¹‚
952 1152 1277 1222 Servio¹²
1322 1149 1479 1220 fieri
1538 1149 1934 1247 probabile.
1986 1156 2233 1239 Nunc,
2286 1157 2343 1224 si

212 1266 360 1361 jam
401 1290 516 1336 res
557 1263 871 1361 placeat,
918 1260 1179 1359 agendi
1220 1275 1461 1331 tamen
1504 1263 1687 1330 viam
1727 1284 1873 1330 non
1914 1261 2147 1332 video.

316 1382 530 1450 Nunc
589 1379 800 1448 venio
862 1375 951 1446 ad
1010 1375 1204 1446 illam
1268 1372 1686 1471 epistolam,
1744 1398 1960 1470 quam
2021 1377 2263 1474 accepi
2307 1401 2347 1446 a

220 1489 478 1560 Tullio.
522 1493 633 1559 De
670 1484 1011 1556 Marcello
1036 1483 1122 1573 ¹³,
1173 1482 1399 1556 fecisti
1436 1482 1834 1576 diligenter.
1879 1484 2107 1579 Igitur
2143 1508 2350 1555 sena-

221 1596 755 1669 tusconsultum
794 1595 853 1663 si
891 1596 1025 1664 erit
1063 1593 1367 1680 factum,
1411 1590 1681 1663 scribes
1727 1590 1815 1660 ad
1861 1617 2011 1682 me3
2058 1595 2167 1664 sin
2210 1597 2346 1664 rni-

219 1730 360 1776 nus
387 1759 407 1792 ‚
471 1729 628 1776 rem
697 1718 938 1774 tamen
1012 1700 1348 1774 conficies
1377 1705 1460 1769 ¹4.
1542 1699 1724 1770 Mihi
1798 1703 1991 1772 enim
2053 1703 2350 1775 attribui

222 1819 631 1918 oportebit,
675 1823 853 1889 item
894 1815 1176 1888 Bibulo.
1218 1813 1357 1887 Sed
1394 1841 1543 1886 non
1587 1814 1883 1903 dubim,
1929 1819 2107 1913 quin
2146 1843 2354 1889 sena-

220 1927 759 2002 tusconsultum
817 1924 1236 2023 expeditum
1289 1925 1418 2011 sit,
1474 1925 1552 1993 in
1607 1949 1757 2021 quo
1811 1927 2206 2023 praesertim
2264 1928 2355 1998 sit

222 2036 743 2136 compendium
783 2035 1059 2133 populi.
1100 2039 1211 2106 De
1241 2036 1648 2130 Torquat0‚
1680 2033 1909 2130 probe
1933 2030 2013 2105 ¹⁵.
2053 2040 2160 2107 De
2199 2042 2350 2112 Ma-

223 2219 277 2257 et
317 2208 671 2273 aliquantulum
716 2206 920 2255 obscura
936 2239 954 2265 ‚
990 2220 1135 2267 quam
1177 2203 1249 2250 uic

222 2288 424 2352 explico
441 2303 455 2336 τ
472 2289 549 2336 Ac
566 2303 644 2335 me
656 2287 755 2346 ille,
768 2301 914 2349 quem
932 2285 1063 2331 nosti
1075 2315 1089 2339 ,
1108 2281 1251 2330 valde

222 2378 393 2433 roget,
427 2378 485 2417 ut
519 2366 611 2415 sibi
636 2365 817 2431 nuptui
856 2364 965 2412 dem
998 2361 1244 2411 Tulliam:

224 2458 279 2495 et
300 2463 416 2494 tane
444 2447 498 2494 in
530 2446 663 2493 illam
690 2444 1025 2493 conditionem
1052 2441 1249 2489 descen·

227 2524 372 2584 dnm,
426 2542 528 2574 non
566 2526 680 2589 quia
722 2524 853 2571 illam
898 2522 1135 2587 probem:
1163 2519 1249 2568 sed

227 2607 369 2669 quin,
389 2605 595 2653 aliorum
620 2604 815 2667 inopia,
835 2619 895 2651 eo
920 2617 1098 2666 genero
1126 2616 1248 2648 eon·

232 2694 394 2732 tentus
420 2701 520 2732 esse
549 2698 714 2746 cogor.
744 2683 941 2730 Bonus.
966 2707 1039 2718 -—·
1066 2680 1254 2728 Corru-

227 2776 346 2829 ptus
369 2764 529 2820 locus,
555 2776 696 2826 quem
725 2760 923 2817 Rosius,
952 2770 1055 2806 tum
1078 2757 1251 2805 veteris

226 2842 345 2889 libri
371 2857 464 2905 ope
480 2875 494 2899 ‚
520 2851 625 2888 tum
645 2839 841 2901 ingenio
869 2838 1047 2896 fietus,
1075 2837 1143 2884 ita
1171 2851 1249 2883 re·-

228 2920 394 2969 flnxit.
426 2921 588 2966 Varia
620 2917 830 2965 aliorum
859 2918 961 2965 eive
991 2917 1252 2975 lectiones,

229 3002 337 3050 sive
377 2999 697 3057 conjectum,
739 2995 861 3042 nibil
897 2994 960 3042 ad
998 3012 1122 3052 rem,
1158 2995 1255 3043 nisi

227 3078 393 3127 fallor.
423 3078 571 3124 Omv.
598 3100 669 3111 --
687 3070 879 3119 Schiitz.
907 3076 978 3120 ita
1002 3075 1256 3122 constituit

230 3157 438 3206 dubium
458 3155 652 3202 locum:
675 3173 701 3193 α
717 3152 793 3198 Ac
819 3152 887 3196 mi
912 3150 1033 3197 illud
1059 3152 1256 3215 quidem

230 3236 393 3295 lubet,
410 3249 514 3283 non
533 3247 658 3295 quo.
680 3266 693 3279 .
716 3261 731 3276 .
755 3228 869 3288 sed,
888 3239 981 3277 etc.
1004 3250 1029 3269 ι·
1047 3232 1095 3277 J.
1114 3231 1178 3278 V.
1199 3232 1256 3277 L.

308 3315 358 3366 5.
383 3314 585 3362 Nostra.
605 3308 739 3356 Filia.
758 3308 855 3355 Hic
873 3307 1018 3355 etiam
1046 3320 1159 3356 sunt
1178 3325 1256 3356 va·

233 3397 428 3444 rietatee
460 3408 563 3439 non
591 3398 696 3448 tot,
724 3387 847 3451 quin
870 3386 1051 3450 plures.
1091 3388 1254 3449 Quas,

234 3474 277 3521 si
298 3474 406 3537 quis
432 3469 641 3519 oscitare
663 3465 806 3523 velit,
828 3477 879 3514 et
900 3464 1024 3512 nihil
1047 3464 1230 3514 discere
1243 3501 1257 3525 ‚

232 3554 363 3616 leget
379 3548 511 3614 apud
538 3546 802 3595 Graevium.

311 3632 361 3679 6.
383 3631 574 3676 Ernest.
599 3623 798 3684 conjicit
826 3622 1174 3688 probabiliter,
1203 3636 1258 3671 ue

238 3709 333 3758 ais.
361 3711 410 3756 J.
429 3710 496 3754 V.
516 3707 571 3753 L.

314 3804 365 3847 7.
398 3777 802 3849 Δυσδιάγνωστον.
826 3781 1109 3842 Dijudieatu
1126 3780 1256 3831 diffi-

240 3866 349 3914 cile.

312 3942 516 4006 8.ang.
532 3942 672 3989 Esset
680 3939 874 4003 quidem
886 3956 1066 3988 summe
1075 3938 1263 4001 facilis.

240 4030 292 4077 J·
313 4025 496 4167 3:⁴05·
529 4097 742 4163 Supple,
767 4096 1072 4146 conficienda
1098 4110 1187 4148 est.

435 4194 526 4260 ῙῙ.
585 4203 683 4254 Cic.
700 4218 818 4270 pars
841 4211 1025 4270 quarta.

1414 2218 1494 2252 ro.
1526 2203 1733 2253 Habebis
1758 2204 1855 2250 mei
1888 2205 2145 2255 rationem.
2184 2210 2243 2255 In
2270 2224 2356 2256 co·

1336 2283 1486 2330 mitiis
1507 2283 1779 2330 absentium
1801 2285 1927 2331 ratio
1947 2301 2050 2332 non
2073 2287 2354 2346 habebatur,

1336 2363 1452 2427 quia
1475 2363 1696 2411 absentes
1713 2378 1801 2427 per
1815 2376 2179 2426 procuratorem
2195 2380 2359 2433 petere

1336 2443 1643 2506 magistratus
1667 2458 1769 2491 non
1791 2453 2050 2507 poterant:
2075 2446 2128 2494 in
2148 2449 2255 2496 aliis
2275 2465 2356 2496 re·

1336 2520 1451 2580 bus,
1476 2522 1529 2569 in
1570 2521 1746 2585 quibus
1771 2522 1841 2568 sas
1883 2533 1986 2569 eret
2020 2538 2357 2587 procuratores

1335 2600 1653 2657 intervenire,
1668 2600 1791 2647 ratio
1807 2600 2089 2661 habeb-tur.
2109 2605 2271 2669 Rogat
2289 2622 2361 2652 er·

1340 2696 1403 2743 go
1428 2681 1645 2728 Atticum
1660 2715 1674 2737 ‚
1698 2692 1756 2728 ut
1773 2681 1901 2728 hanc
1918 2683 2102 2731 remita
2120 2697 2254 2732 curet
2267 2720 2281 2743 ‚
2303 2697 2358 2732 ut

1338 2762 1443 2823 ipse
1471 2760 1732 2807 desiderari
1761 2774 1862 2808 nou
1887 2761 2123 2810 videatur.
2151 2765 2352 2815 Bonus.

1416 2855 1438 2885 x
1452 2855 1497 2888 r.
1526 2839 1649 2896 Alii,
1667 2839 1885 2887 Ser-vitio.
1904 2842 1954 2887 J.
1972 2841 2035 2886 V.
2055 2842 2108 2888 L.

1418 2934 1500 2967 η.
1530 2917 1702 2964 Servio.
1726 2920 1842 2964 Erat
1867 2919 2086 2974 Servius,
2114 2920 2269 2966 Servii
2294 2920 2358 2968 fl·

1342 2994 1464 3055 lius,
1504 2997 1587 3044 ille
1621 2996 1741 3043 alter
1773 3011 1953 3059 procus
1990 2997 2190 3059 Tullioe,
2220 3002 2359 3060 enim

1342 3078 1593 3139 negotium
1614 3074 1819 3138 agebant
1838 3074 2068 3122 Servilius
2095 3079 2359 3138 Isauricus,

1342 3164 1390 3201 et
1416 3155 1609 3202 Servius
1634 3154 1872 3218 sulpitius
1893 3164 2046 3217 pater.
2073 3155 2268 3205 Portu.
2290 3186 2359 3195 —

1341 3234 1565 3281 Muretus
1586 3244 1749 3280 censet
1772 3231 2031 3280 delendum
2054 3250 2155 3282 esse
2175 3237 2370 3287 Servio.

1419 3314 1501 3361 13.
1529 3316 1601 3360 De
1629 3312 1880 3360 Marcello.
1897 3314 1970 3359 M.
1990 3313 2197 3362 Claudio
2227 3312 2360 3364 Μαι-5·

1342 3390 1469 3437 cello
1496 3392 1696 3438 consule
1711 3426 1726 3451 ,
1753 3387 1937 3454 collega
1968 3394 2100 3442 Serv.
2133 3395 2357 3458 Sulpicii.

1340 3470 1563 3518 Marto-r.

1418 3557 1498 3603 14.
1535 3549 1649 3594 Rem
1674 3558 1837 3595 tamen
1856 3548 2096 3615 conficies.
2130 3552 2258 3613 Ages
2292 3563 2361 3601 ta·

1342 3641 1453 3673 men
1481 3625 1543 3672 de
1578 3625 1934 3689 supplemento.
1961 3626 2085 3673 Nam
2121 3639 2278 3688 certe,
2308 3643 2360 3679 ut

1344 3705 1405 3753 de
1444 3704 1614 3751 ceteris
1649 3714 1843 3751 senatus
1886 3719 1988 3751 non
2010 3706 2212 3768 probet,
2241 3711 2360 3758 mibi

1343 3795 1522 3840 tamen,
1535 3782 1772 3830 etBibulo
1787 3817 1803 3843 ‚
1817 3783 1903 3846 qui
1913 3786 2181 3846 proconsul
2198 3787 2250 3834 iu
2270 3791 2361 3854 Sy·

1343 3863 1465 3909 riam
1484 3861 1602 3918 ibit,
1623 3860 1823 3907 attribui
1848 3862 2111 3924 oportebit.
2146 3867 2364 3915 Ater-ibai

1349 3951 1510 3989 autem
1536 3938 1744 4009 explano
1761 3972 1775 3995 ‚
1803 3940 2056 4003 pecuniam
2078 3955 2259 4005 :quum
2291 3964 2365 3995 ee-

1349 4030 1557 4084 qmtur‚
1581 4017 1915 4081 compendium
1936 4021 2122 4083 populi.
2142 4025 2292 4074 luxu.

1427 4114 1446 4144 1
1457 4097 1505 4147 5.
1522 4095 1691 4145 Probe.
1702 4096 1852 4160 Quod
1863 4098 1910 4145 ei
1921 4099 1974 4145 in
1987 4115 2209 4148 sermone
2222 4104 2365 4166 signi-

2080 4184 2172 4256 35
