3023 4773
599 398 737 483 384
1240 403 1335 469 M.
1388 403 1464 468 T.
1523 375 2078 468 clcssnoN'ls

595 525 896 595 vestiant
935 550 950 590 ε
988 519 1265 592 videbis
1316 520 1521 592 brevi
1566 536 1892 619 tempore
1942 540 2243 615 magnos
2301 542 2448 587 non
2506 522 2728 593 modo

593 658 748 718 εοε,
787 635 908 729 qui
949 629 1127 701 nihil
1166 629 1605 717 titubarunt,
1648 630 1774 703 sed
1802 633 2014 701 etiam
2048 627 2248 698 illum
2286 630 2562 724 ipsum,
2596 636 2723 727 qui

594 744 946 838 peccavit,
990 744 1363 811 Catonem.
1421 742 1608 810 Nam
1648 766 1781 811 nos
1827 737 2159 836 quidem,
2216 741 2272 808 si
2330 761 2462 833 per
2507 743 2719 811 istum

593 861 798 915 tuum
821 844 1138 916 sodalem
1159 844 1494 916 Publium
1523 845 1797 933 licebit,
1827 839 2267 939 σοφιστεύειν*
2290 845 2717 939 cogitamus:

587 953 644 1021 si
698 952 814 1022 ille
853 954 1043 1048 cogit
1091 952 1252 1021 ἄντα
1276 961 1361 1037 ¹9,
1394 966 1553 1022 tum
1592 951 1943 1022 duntaxat
1980 973 2113 1020 nos
2154 947 2575 1039 defendere;
2609 967 2718 1042 et,

588 1055 789 1153 quod
834 1072 939 1127 est
978 1058 1350 1155 proprium
1390 1059 1561 1127 artis
1597 1056 1852 1153 hujus,
1894 1061 2433 1153 ἑπαγγέλλομαιὈ

902 1185 1054 1264 Ᾰνδρ’
1080 1196 1453 1264 demensum,
1482 1195 1564 1246 ὅτι
1593 1215 1667 1254 τις
1697 1195 1927 1265 πρότιρος
1958 1196 2228 1264 χαλιπῇνῃ,

588 1333 818 1401 Patria
850 1331 1160 1427 propitia
1194 1332 1355 1398 sit²¹
1390 1357 1405 1398 ε
1444 1327 1665 1399 habet
1692 1354 1729 1397 a
1760 1327 2007 1416 nobi5‚
2036 1333 2312 1401 etiamsi
2341 1356 2493 1401 non
2520 1334 2716 1430 plu5‚

586 1426 806 1537 quarn
837 1436 1162 1509 debitum
1204 1453 1345 1522 est,
1386 1439 1550 1537 plus
1586 1453 1815 1524 certe,
1852 1464 2070 1535 quam
2113 1443 2554 1538 postulatum
2586 1460 2711 1514 est.

584 1550 769 1620 Male
807 1547 967 1619 vehi
1003 1549 1229 1635 mab,
1262 1548 1401 1619 alio
1432 1549 1915 1645 gubernante,
1957 1575 2208 1645 quam,
2247 1567 2391 1622 tam
2425 1556 2716 1649 ingratis

582 1658 1030 1747 vectoribus»,
1070 1659 1257 1730 bene
1295 1658 1725 1755 gubernare.
1769 1660 1906 1730 Sed
1950 1660 2101 1731 haec
2131 1685 2369 1732 coram
2400 1687 2713 1735 commo-

579 1771 760 1841 dius.
809 1774 1023 1841 Nunc
1076 1768 1277 1856 audi,
1325 1768 1526 1864 quod
1570 1770 1850 1865 quaeris.
1908 1773 2204 1841 Antium
2244 1797 2359 1841 me
2405 1797 2493 1842 ex
2542 1780 2711 1844 For-

579 1883 822 1951 miano
878 1882 1199 1976 recipere
1253 1882 1490 1974 cogito
1537 1904 1594 1949 a.
1651 1877 1721 1947 d.
1767 1904 1808 1946 v
1845 1905 2015 1950 non.
2061 1883 2222 1950 mai.
2272 1885 2486 1951 Antio
2547 1882 2713 1952 volo

578 2018 750 2061 non.
793 1993 952 2059 mai.
991 1987 1346 2085 proficisci
1378 1991 1451 2057 in
1482 1987 1997 2059 Tusculanum.
2036 1989 2176 2059 Sed
2205 2014 2433 2085 quum
2466 2015 2505 2060 e
2533 1996 2584 2059 F
2588 2017 2708 2062 or-

580 2103 822 2171 miano
867 2100 1150 2170 rediero
1195 2097 1340 2195 (ibi
1384 2124 1536 2170 esse
1583 2124 1810 2195 usque
1858 2100 1947 2170 ad
1991 2100 2175 2198 prid.
2215 2099 2500 2171 kalend.
2546 2106 2708 2172 mai.

574 2208 821 2301 volo),
857 2208 1109 2281 faciam
1148 2213 1386 2279 statim
1420 2224 1492 2280 te
1533 2213 1936 2280 certiorem.
1974 2211 2305 2281 Terentia
2343 2209 2473 2282 tibi
2520 2213 2707 2284 salu·

577 2332 748 2389 tem.
790 2317 1129 2412 Kme'pmv'2
1173 2326 1204 2386 ὀ
1245 2321 1452 2413 μικρὸς
1481 2313 2041 2400 ἀσπάζεται,Τίτον
2081 2309 2403 2395 Αθηναῒον.

572 2557 669 2604 eet,
696 2556 828 2594 veste
854 2543 1087 2607 augurali.
1107 2543 1220 2593 Vid.
1244 2543 1371 2591 Plin.
1399 2546 1493 2606 IX,
1508 2545 1593 2608 39.
1684 2522 1878 2593 Rosm’a.
1896 2572 1965 2581 —
1983 2544 2151 2592 Malim
2174 2559 2186 2592 :
2206 2567 2228 2586 α
2246 2546 2296 2594 Si
2337 2544 2420 2592 ille
2464 2546 2623 2610 cogit3
2659 2559 2710 2595 at

573 2628 666 2674 En.
1685 2624 1921 2672 danunt
1935 2639 2026 2670 nos
2049 2623 2359 2673 defendere».
2374 2626 2485 2672 Hoc
2498 2636 2595 2682 eet,
2615 2627 2710 2673 nti-

644 2702 1037 2768 amoene-nom.
1052 2702 1344 2766 Sapientiam
1360 2719 1593 2766 querere,
1683 2720 1779 2767 que
1805 2720 1897 2753 nos
1924 2704 2201 2752 defendere.
2220 2706 2269 2753 J.
2290 2707 2343 2751 F.
2369 2707 2601 2753 Guonov.

567 2783 903 2849 philosophari
947 2783 1087 2830 mim
1127 2780 1407 2846 reipublieae
1456 2798 1591 2831 eura.
1755 2798 1838 2830 20.
1885 2773 2276 2851 ἐπαγγέλλομαι.
2322 2784 2587 2844 Promitto,
2623 2786 2709 2833 de-

570 2865 782 2913 qum-
1683 2863 1886 2919 nuntio,
1921 2861 2169 2910 hominem
2210 2879 2288 2910 me
2332 2863 2577 2921 ulturum,
2620 2867 2706 2927 qni

645 2960 723 3006 ¹9-
755 2929 898 2991 ivn.
924 2944 1039 2989 Vox
1067 2952 1139 2989 est
1167 2941 1451 2997 Homerica,
1482 2956 1591 3003 quae
1678 2945 1815 3007 prior
1839 2942 2030 2991 laeeerit.
2061 2943 2206 2990 Iliad.
2231 2947 2300 3001 Ω,
2330 2945 2447 3006 369.

566 3032 764 3083 contre,
787 3033 835 3070 et
862 3038 923 3068 ex
948 3020 1153 3069 adverso
1184 3019 1449 3084 significat,
1473 3021 1587 3079 jun·
1750 3039 1833 3070 αι.
1861 3022 2084 3087 Propieia
2110 3022 2187 3070 sie.
2215 3023 2342 3070 Mihi
2360 3025 2604 3087 ignoscat:
2622 3041 2706 3071 ve·

568 3105 710 3165 giqne
737 3102 861 3149 solet
888 3118 1000 3149 cnm
1028 3101 1178 3149 verbo
1204 3104 1393 3158 στῆναι,
1419 3111 1502 3146 aut
1525 3098 1593 3146 ἐλ·
1676 3103 1804 3150 niam
1834 3102 1937 3150 det.
1965 3104 2081 3164 Quo
2110 3118 2254 3150 semu
2277 3103 2413 3162 alibi,
2441 3106 2570 3150 Ama
2604 3120 2698 3152 me.

563 3180 672 3228 θεῖν.
719 3181 830 3230 Sed
851 3191 1080 3228 nentrum
1110 3181 1280 3229 Cicero
1318 3180 1555 3242 expressit
1573 3212 1587 3236 ‚
1678 3183 1799 3229 Nam
1846 3198 1969 3244 qnos
1996 3181 2304 3230 vehementer
2338 3195 2572 3242 amamus,
2593 3183 2703 3246 qui-

563 3276 679 3307 usns
708 3259 1028 3306 familiarium·
1043 3269 1090 3305 et
1108 3268 1294 3305 assueta
1319 3258 1587 3306 reticentia.
1677 3260 1769 3308 hm
1798 3261 2001 3326 propitii
2026 3277 2221 3318 sumus,
2241 3262 2300 3308 iis
2329 3273 2424 3309 tam
2448 3262 2583 3309 facile
2620 3263 2701 3308 in·

566 3342 754 3386 Horum
782 3338 930 3400 igitur
956 3338 1214 3384 verborum
1239 3354 1403 3385 sensus
1422 3349 1491 3385 ent
1508 3340 1585 3386 :Si
1676 3340 1957 3404 dulgemus‚
1984 3358 2128 3404 quam
2156 3341 2317 3389 nobis.
2342 3343 2665 3389 Manum.

563 3418 768 3466 Clodius
811 3434 887 3465 me
923 3417 1055 3481 cogit
1106 3412 1229 3465 ἄντα.
1270 3419 1461 3474 στῆναι,
1502 3429 1585 3464 aut
1745 3437 1829 3468 αα.
1858 3421 2086 3487 Κικέρων.
2108 3422 2271 3469 Cicero
2293 3421 2528 3485 parvulus
2568 3421 2701 3468 salu·

565 3495 685 3546 ἄντα,
711 3495 876 3555 ἐλθεῖν,
899 3496 995 3544 hoc
1022 3506 1122 3552 est,
1151 3508 1322 3544 contr·
1349 3514 1400 3545 se
1430 3509 1585 3558 stare,
1674 3512 1749 3547 tae
1779 3501 1933 3548 Titum
1983 3501 2435 3550 Atheniensem.--
2453 3501 2696 3550 VVieland.

564 3585 644 3621 ant
670 3576 926 3639 progredi,
960 3577 1095 3640 qnod
1118 3592 1196 3623 me
1222 3577 1452 3636 lacessat,
1480 3588 1581 3625 tum
1674 3581 1925 3643 ingeniose
1950 3582 2152 3641 conjicit
2180 3582 2284 3630 haec
2322 3597 2473 3645 graeca
2496 3599 2522 3628 ιι
2558 3581 2696 3628 Cice-

563 3654 830 3716 eoginmm
866 3655 1104 3704 dunt-nt
1150 3671 1242 3705 nos
1302 3655 1580 3705 defendere.
1672 3674 1791 3706 rone
1807 3658 1910 3706 filio
1931 3662 2108 3724 scripta
2129 3660 2377 3708 :dissentit
2395 3663 2427 3708 J
2432 3663 2514 3709 .V.
2534 3661 2583 3705 1..
2604 3662 2698 3706 En.

1348 3894 1859 3923 --ψ
1886 3909 1913 3914 *-
