3023 4773
616 389 756 461 308
1256 390 1349 456 M.
1403 391 1476 456 Τ.
1536 389 2098 457 CICERONIS

555 558 560 563 «
614 511 942 582 nabatur.
997 515 1300 582 Senatus
1351 524 1423 580 et
1478 507 1569 579 de
1621 512 2006 605 provinciis
2054 522 2480 606 praetorum,
2525 529 2599 584 et
2647 513 2737 585 de

611 616 1198 718 legationibus³⁸‚
1249 634 1322 690 et
1379 617 1470 689 de
1533 620 1786 723 ceteris
1839 616 2059 689 rebus
2120 609 2595 709 decernebat,
2657 638 2739 692 ut

606 747 814 818 ante,
859 755 1078 827 quam
1119 730 1396 825 rogatio
1412 725 1477 786 ³9
1525 728 1664 798 lata
1708 740 1929 812 esset,
1973 754 2063 799 ne
2108 728 2283 825 quid
2331 746 2680 827 ageretur.

710 840 945 912 Habes
990 865 1104 911 res
1157 863 1513 909 romanas.
1554 839 1689 908 Sed
1731 854 1969 910 tamen
2024 841 2236 910 etiam
2281 841 2493 930 illud,
2530 843 2732 939 quod

611 976 756 1021 non
790 974 1180 1049 speraram,
1213 949 1402 1020 audi.
1434 948 1759 1019 Messalla
1789 948 2041 1019 consul
2071 964 2187 1019 est·
2207 953 2562 1046 egregius,
2591 949 2733 1022 for-

610 1063 728 1148 tis,
754 1074 1122 1146 constans»
1157 1057 1490 1153 diligem,
1529 1062 1758 1127 nostri
1786 1057 2135 1144 laudator,
2164 1074 2466 1142 amator,
2500 1062 2728 1133 imita-

603 1186 741 1241 tor.
780 1170 909 1241 Ille
949 1169 1127 1239 alter
1160 1192 1309 1238 uno
1342 1169 1516 1236 vitio
1548 1169 1788 1237 minus
1816 1170 2114 1240 vitiosus
2131 1173 2240 1255 ‘⁸⁰3
2277 1170 2479 1266 quod
2507 1172 2735 1256 inem,

604 1276 806 1373 quod
844 1279 1078 1346 somni
1124 1275 1417 1372 plenus«,
1478 1272 1678 1368 quod
1715 1276 2128 1370 imperituS‚
2181 1274 2382 1371 quod
2417 1280 2731 1371 ἀπρακτό-

602 1385 900 1467 τατοςῌ,
959 1378 1083 1451 sed
1126 1379 1497 1450 voluntate
1549 1382 1646 1448 ita
1704 1383 2112 1475 zeuxim-mn,
2181 1396 2264 1450 ut
2308 1384 2730 1478 Pompeium

604 1506 766 1590 post
796 1491 986 1561 illam
1034 1492 1461 1560 concionem
1478 1485 1572 1574 43,
1615 1513 1758 1584 qua
1799 1486 1892 1558 ab
1935 1513 2023 1560 eo
2067 1503 2357 1560 senatus
2397 1490 2728 1561 laudatus

600 1619 738 1692 est,
784 1603 1022 1675 odisse
1064 1601 1380 1697 coeperit.
1421 1604 1676 1696 Itaque
1723 1601 1986 1669 mirum
2029 1602 2101 1669 in
2137 1598 2435 1669 modum
2477 1625 2728 1672 omnes

599 1739 639 1784 a
689 1738 763 1783 se
812 1713 1049 1784 bonos
1096 1710 1445 1779 alienavit.
1496 1713 1747 1806 Neque
1785 1709 1858 1779 id
1904 1712 2124 1807 magis
2159 1711 2467 1781 amicitia
2494 1711 2727 1782 Clodii

599 1823 956 1894 adductus
989 1819 1191 1906 facit,
1229 1843 1446 1915 quam
1477 1818 1721 1890 studio
1754 1819 2195 1916 perditarum
2232 1846 2476 1892 rerum
2508 1835 2727 1919 atque

599 1938 938 2032 partium.
965 1930 1102 2000 Sed
1135 1930 1354 2001 habet
1382 1932 1490 2000 sui
1519 1930 1822 2001 similem
1856 1932 1931 2000 in
1964 1930 2522 2027 magistratibu5‚
2554 1956 2727 2030 prae-

596 2059 707 2114 ter
734 2041 1015 2113 Fufium
1037 2097 1053 2128 ‚
1087 2044 1479 2111 neminem.
1507 2042 1724 2111 Bonis
1751 2043 2024 2111 utimur
2053 2040 2362 2113 tribunis
2385 2040 2615 2141 plebis
2632 2046 2721 2129 ⁴⁴,

598 2160 924 2227 Cornuto
942 2150 1008 2204 ⁴⁵
1051 2176 1224 2223 vero
1267 2148 1805 2247 Pseudocatone
1825 2148 1910 2220 4⁶.

664 2358 746 2408 38.
767 2362 840 2408 De
867 2358 1205 2424 legationibus.
1232 2352 1612 2420 Quibnsexknl.

592 2442 715 2489 febr.
761 2455 913 2503 usque
953 2439 1013 2487 sd
1072 2437 1169 2485 kal.
1212 2449 1355 2485 mart.
1420 2446 1614 2484 senatus

593 2519 816 2584 qnotidie
843 2518 947 2581 lege
975 2516 1182 2566 Gabinia
1208 2514 1427 2563 dabatur.
1466 2516 1556 2563 En.

665 2600 749 2662 39.
765 2597 987 2664 Rogatio.
1003 2595 1078 2645 De
1089 2595 1292 2660 pollutis
1305 2594 1471 2643 sacris.
1486 2595 1612 2644 Con·

593 2695 773 2727 ninus.

664 2765 746 2814 ⁴0.
780 2759 886 2802 Uno
918 2754 1045 2802 vitio
1071 2753 1230 2801 minus
1252 2753 1469 2801 vitiosus.
1497 2754 1609 2800 Hoc

588 2846 661 2882 est
685 2870 700 2895 ‚
749 2836 860 2883 Piso
907 2835 1055 2882 homo
1099 2834 1434 2881 vitiosissimus
1486 2843 1611 2879 esset

589 2915 749 2962 adhuc
771 2915 1016 2970 vitiosior,
1045 2912 1136 2960 nisi
1164 2913 1338 2960 vitium
1369 2927 1521 2958 unum
1545 2911 1608 2958 sb

587 2993 694 3040 aliis
721 2994 852 3040 vitiis
869 3008 981 3040 eum
1002 2991 1274 3038 retraheret.
1298 2992 1423 3037 Nam
1443 2988 1529 3051 qui
1546 2992 1610 3037 sit

587 3073 816 3134 ignavus,
853 3087 952 3119 non
991 3080 1151 3134 potest
1191 3085 1292 3116 esse
1333 3068 1516 3122 audax,
1559 3082 1609 3116 et

588 3151 793 3198 ninltum
817 3149 1150 3198 formidandus
1168 3146 1445 3211 reipublicae
1460 3183 1475 3207 ‚
1489 3163 1607 3209 qua·

585 3230 645 3276 lis
673 3231 894 3279 Catilina.
919 3229 1031 3276 Piso
1069 3228 1158 3275 etsi
1196 3226 1349 3273 malus
1382 3236 1509 3282 erat,
1552 3238 1607 3273 nt

586 3320 713 3367 erat,
752 3310 792 3355 si
839 3319 997 3355 tamen
1051 3305 1327 3352 accessisset
1367 3305 1604 3362 andacia,

585 3387 731 3449 longe
752 3387 962 3434 deterior
979 3384 1161 3431 fuisset.
1181 3383 1406 3432 Cissus.

659 3476 686 3521 4
699 3483 716 3512 t
727 3504 740 3516 .
795 3452 1179 3531 Ᾰπρωιτότατος.
1231 3463 1571 3527 Ignavissimns
1587 3499 1601 3520 ,

588 3545 710 3591 nihil
734 3561 935 3608 prorsus
956 3544 1154 3591 faciens.
1185 3543 1420 3589 Cossio.

661 3631 743 3676 42.
778 3627 857 3670 Ita
880 3622 1109 3687 καχίκτπς
1154 3620 1457 3669 Transii-tum
1477 3631 1548 3667 est
1576 3636 1602 3667 e

586 3702 751 3749 schola
799 3703 1095 3750 medicorum
1149 3700 1458 3748 vocabulum.
1521 3702 1604 3747 Est

587 3781 715 3827 enim
756 3780 986 3843 κπχὲιιτης
1027 3781 1156 3845 apud
1199 3779 1440 3837 medicos,
1465 3779 1606 3838 cnjus

585 3875 767 3922 corpus
793 3859 858 3906 ita
877 3871 947 3906 est
967 3860 1219 3914 effectum,
1242 3869 1297 3905 ut
1317 3868 1481 3920 vergat
1500 3872 1604 3903 om·

586 3940 704 3984 nino
725 3938 773 3982 in
790 3937 1028 3985 morbum.
1042 3937 1160 3984 Ideo
1177 3937 1314 3983 addit
1328 3936 1603 3996 voluntate,

582 4028 634 4062 ut
677 4015 1035 4062 translationem
1081 4015 1314 4062 indicaret
1338 4031 1363 4059 a
1394 4029 1601 4077 corpore

579 4098 638 4142 sul
666 4098 896 4142 animum.
918 4094 1196 4142 Ciceronem
1210 4104 1369 4140 antem
1395 4091 1600 4139 inlibris

1702 2355 2001 2405 medicorum
2037 2358 2256 2421 apprime
2283 2357 2428 2405 fuisse
2456 2367 2719 2415 versutum,

1702 2437 1947 2485 declarant
1977 2439 2053 2486 vel
2081 2438 2258 2486 infiniti
2301 2440 2469 2487 harum
2495 2440 2724 2503 epistola-

1700 2533 1807 2563 tum
1830 2517 1927 2565 loci
1955 2517 2210 2580 diligenter
2230 2518 2521 2580 eloquentiae
2539 2520 2724 2567 studio—

1700 2598 1766 2644 sis
1803 2595 2043 2654 notsndi3
2086 2606 2135 2643 et
2177 2596 2321 2643 simul
2368 2598 2723 2646 meminerimus

1699 2692 1860 2723 veram
1884 2674 2209 2737 eloquentiam
2235 2691 2489 2739 esse‚quae
2516 2678 2722 2737 conjun-

1699 2766 1776 2802 cta
1804 2765 1875 2801 est
1895 2770 2006 2801 cum
2033 2755 2233 2801 scientis
2258 2766 2311 2802 et
2335 2756 2618 2818 cognitione
2646 2773 2722 2803 re-

1700 2849 1806 2880 rum
1835 2832 2149 2896 plurimarum
2168 2867 2184 2892 ‚
2231 2833 2363 2881 unde
2389 2833 2646 2882 efflorescit
2671 2844 2720 2883 et

1697 2924 1860 2960 manat
1885 2911 2044 2959 omnis
2083 2911 2242 2975 copis.
2287 2913 2419 2960 Scite
2450 2914 2716 2962 Horatius:

1698 2991 1989 3038 «Scribendi
2016 3001 2142 3037 recte
2167 3006 2336 3054 sapere
2368 3001 2442 3038 est
2470 3004 2519 3040 et
2538 2993 2721 3057 princi-

1698 3071 1834 3132 pium
1860 3080 1910 3117 et
1935 3069 2046 3116 fons
2064 3091 2104 3114 n.
2125 3068 2346 3118 Cusus.

1768 3150 1851 3204 43.
1875 3150 1993 3195 Post
2019 3148 2153 3194 illam
2176 3147 2471 3195 concionem.
2495 3149 2552 3194 In
2569 3163 2715 3211 quam

1695 3226 1965 3288 productus
1991 3227 2082 3275 suit
2108 3243 2136 3273 s
2165 3225 2317 3274 Fufio.
2338 3222 2566 3275 Cosano.

1770 3312 1853 3360 44·
1906 3306 2021 3354 Sch.
2072 3305 2229 3353 edidit
2252 3339 2267 3364 ,
2323 3317 2435 3370 post
2481 3305 2614 3353 Vict.
2661 3318 2713 3354 et

1696 3385 1857 3431 Graev.
1906 3407 1931 3426 κ
1962 3387 2014 3432 ἰιι
2058 3386 2411 3448 magistratibus
2449 3385 2712 3433 neminem.

1694 3465 1874 3510 Praeter
1896 3462 2084 3511 Fufium
2099 3498 2113 3521 ,
2142 3464 2286 3512 bonis
2303 3464 2483 3511 utimur
2501 3463 2715 3512 tribunis

1692 3542 1849 3604 plebis
1863 3564 1903 3591 -.
1921 3546 1969 3591 J.
1988 3545 2050 3590 V.
2078 3544 2130 3590 L.

1765 3617 1846 3677 45.
1883 3625 2108 3673 Cornuto.
2136 3624 2191 3672 C.
2240 3624 2487 3680 Cornuto,
2515 3622 2716 3672 tribuno

1691 3700 1871 3763 plebis,
1899 3702 1983 3764 qui
2024 3701 2177 3749 tribus
2215 3711 2331 3765 post
2358 3702 2499 3748 annis
2538 3713 2717 3765 praetor

1693 3779 1803 3827 tuit.
1823 3783 1958 3828 Orat.
1987 3792 2099 3844 post
2122 3779 2226 3828 red.
2253 3781 2306 3827 in
2335 3791 2525 3828 senatu.
2552 3781 2713 3830 Coss.

1768 3859 1849 3911 46.
1872 3859 2255 3907 Pseudocatone.
2292 3862 2403 3906 Hoc
2438 3860 2541 3916 est,'
2562 3860 2716 3907 altero

1694 3935 1904 3992 Catone,
1937 3938 2039 3984 sive
2066 3937 2266 3984 Catonis
2294 3938 2552 3984 imitatore.
2590 3940 2715 3985 Tan-

1692 4023 1792 4059 tum
1821 4015 1913 4062 suit
1941 4030 2115 4062 nomen
2140 4016 2366 4068 Catonis,
2392 4027 2446 4063 ut
2464 4015 2606 4063 multi
2620 4018 2714 4064 Ro·

1690 4109 1778 4138 nia:
1821 4109 1928 4140 enm
1973 4095 2300 4151 imitarentur,
2330 4107 2380 4141 et
2416 4111 2525 4142 enm
2554 4095 2712 4144 adhue
