3023 4773
896 399 1472 487 EPISTOLAE,
1506 397 1708 469 x111
1728 448 1748 484 ,
1801 391 1908 481 16.
2378 417 2466 488 ²7

333 522 471 598 tibi
496 546 694 596 eum.
718 518 1096 619 Quidquid
1123 525 1188 594 ei
1212 521 1820 608 commodaveris,
1847 519 1988 591 erit
2016 513 2091 589 id
2120 515 2473 612 majorem

333 638 410 707 in
438 634 744 705 modum
779 647 1084 732 gratum.

1746 840 2452 862 mmm

921 1026 1517 1112 EPISTOLA
1592 1026 1891 1106 XVII.

323 1190 591 1251 Manium
630 1188 874 1250 Curium
915 1192 1124 1251 Servio
1159 1189 1447 1269 Sulpicio,
1487 1187 1726 1249 Achaia
1764 1186 2028 1267 praesidi‚
2080 1183 2466 1255 commendes.

598 1287 750 1347 vide
775 1285 1023 1362 lih.v11‚
1052 1288 1221 1367 epist.
1250 1306 1347 1365 ²9·
1379 1286 1635 1366 (Romae,
1663 1305 1820 1346 anno
1846 1289 1922 1348 U.
1946 1287 2016 1346 C.
2043 1280 2208 1362 707·)

731 1475 826 1542 M.
853 1477 928 1542 T.
964 1477 1035 1542 e
1071 1456 1313 1543 sERv.
1336 1474 1734 1548 SULPICIO
1779 1474 1842 1539 s.
1878 1472 1952 1539 P.
1988 1473 2070 1540 D.

422 1630 546 1702 Μ’.
596 1635 910 1719 Comus,
950 1636 1076 1731 qui
1111 1636 1376 1705 Patris¹
1425 1635 1867 1730 negotiatur,
1900 1629 2148 1704 multis
2193 1643 2267 1700 et
2308 1652 2465 1700 ma-

324 1743 488 1841 gnis
509 1740 603 1813 de
630 1746 861 1813 causis
889 1767 930 1814 a
953 1767 1074 1814 me
1096 1741 1441 1840 diligitur.
1473 1746 1661 1813 Nam
1689 1755 1762 1813 et
1787 1744 2100 1813 amicitia
2127 1755 2468 1839 pervetus

322 1853 508 1923 mihi
534 1876 703 1925 cum
723 1877 812 1925 eo
836 1866 947 1924 est
963 1907 983 1942 ‚
1012 1867 1097 1924 ut
1127 1855 1445 1952 primum
1470 1855 1550 1923 in
1578 1850 1821 1924 forum
1840 1855 2039 1924 venit
2059 1904 2080 1939 ‚
2101 1854 2467 1935 instituta,

324 1977 403 2033 et
448 1964 678 2034 Patris
727 1987 957 2059 quum
997 1961 1383 2060 aliquoties
1427 1977 1679 2052 antea,
1733 1976 1895 2033 tum
1945 1967 2275 2061 proxime
2323 1961 2466 2033 hoc

322 2074 731 2145 miserrimo
764 2072 1004 2164 bello,
1048 2072 1308 2144 domus
1342 2074 1499 2169 ejus
1542 2087 1694 2144 tota
1738 2072 1919 2143 mihi
1961 2074 2283 2171 patuit²;
2323 2095 2470 2169 qua

321 2184 385 2254 si
425 2207 615 2281 opus
653 2181 907 2255 fuisset
926 2180 982 2270 ³,
1036 2197 1188 2253 tam
1226 2207 1454 2254 essem
1493 2208 1708 2273 usus,
1737 2205 1960 2280 quam
2002 2206 2184 2255 mea.
2238 2184 2469 2255 Maxi-

320 2318 531 2365 mum
547 2309 788 2369 autem
810 2292 989 2364 mihi
1008 2293 1382 2364 vinculum
1411 2317 1582 2365 cum
1611 2318 1700 2365 eo
1729 2307 1839 2365 est
1867 2292 2072 2391 quasi
2090 2294 2468 2365 sanctioris

320 2403 700 2501 cujusdam
739 2403 1331 2491 necessitudini5‚
1365 2404 1568 2502 quod
1591 2418 1700 2476 est
1737 2406 1955 2475 Attici
1987 2405 2219 2474 nostri
2257 2400 2463 2473 fami-

319 2512 782 2599 liarissimus,
838 2505 1157 2612 eumque
1212 2538 1447 2584 unum
1500 2529 1762 2613 praeter
1803 2527 2083 2585 ceteros
2125 2511 2466 2584 observat

319 2646 409 2694 ac
437 2621 694 2720 diligit.
723 2624 961 2713 Quem
991 2627 1051 2694 si
1081 2638 1161 2695 tu
1185 2624 1336 2719 jam
1354 2621 1544 2695 forte
1569 2626 1931 2720 cognosti,
1952 2638 2133 2723 puto
2151 2647 2269 2692 me
2298 2621 2465 2710 hoe,

320 2732 530 2834 quod
560 2734 778 2827 facin,
815 2734 1051 2810 facere
1087 2741 1337 2810 serius.
1379 2740 1481 2809 Ea
1518 2752 1628 2810 est
1673 2742 1868 2810 enim
1901 2738 2353 2809 humanitate
2391 2753 2465 2808 et

319 2846 822 2938 observantia,
857 2863 943 2920 ut
977 2872 1145 2921 eum
1183 2849 1317 2920 tibi
1345 2848 1496 2945 jam
1533 2873 1667 2947 per
1702 2874 1779 2922 se
1812 2851 2051 2948 ipsum
2094 2872 2465 2921 commen-

324 2956 586 3029 datum
624 2972 901 3058 putem.

437 3067 659 3156 Quod
694 3081 940 3139 tamen
974 3069 1034 3139 si
1076 3069 1177 3139 ita
1210 3081 1356 3155 est,
1395 3091 1838 3166 magnopere
1882 3091 1923 3138 a
1959 3082 2031 3138 te
2068 3090 2313 3165 quaeso
2333 3119 2354 3154 ‚
2392 3080 2475 3137 ut

318 3174 421 3247 ad
449 3199 613 3252 eam
640 3176 1124 3267 voluntatem,
1167 3180 1229 3249 si
1267 3203 1486 3277 quam
1524 3181 1600 3249 in
1645 3176 1854 3249 illum
1893 3190 2059 3249 ante
2095 3176 2224 3248 has
2263 3199 2458 3247 meas

318 3285 570 3358 literas
595 3286 966 3361 contulisti
983 3342 1003 3377 ,
1038 3313 1261 3386 quam
1289 3285 1641 3362 maximus
1659 3305 1827 3387 post
1854 3291 2056 3370 mea,⁴
2093 3311 2465 3360 commen-

406 3517 452 3550 1.
482 3500 666 3552 Paetis.
703 3503 828 3566 Qun
858 3503 978 3551 urbs
1016 3514 1088 3552 est
1124 3504 1176 3552 in
1211 3503 1356 3553 Pelo·
1443 3521 1544 3553 nou
1566 3506 1782 3568 venisse,
1823 3516 1878 3554 ut
1902 3506 2122 3570 hospitio
2150 3505 2287 3554 Curii
2313 3517 2474 3556 utere-

322 3596 566 3646 ponneso.
593 3608 667 3619 -
692 3582 775 3631 Ad
797 3599 908 3630 eum
933 3583 1138 3633 Curium
1165 3594 1355 3634 exst-nt
1442 3595 1559 3633 tur:
1598 3601 1891 3649 quamquam
1939 3601 1967 3632 e
2009 3584 2178 3633 Cincin
2229 3585 2471 3634 decedens

317 3659 473 3724 «piot.
497 3661 585 3720 28,
612 3662 706 3718 zo,
735 3663 798 3710 31
826 3661 1212 3725 ub.vl1.nujm
1237 3679 1359 3727 με·
1442 3665 1509 3712 l’a
1516 3675 1585 3712 tra
1589 3681 1665 3711 nv
1667 3674 1848 3712 e.nerat
1867 3666 1962 3713 En.

316 3753 509 3789 nomeu
531 3740 732 3788 Manius
764 3758 792 3789 a
826 3753 975 3790 mne
1007 3742 1216 3792 derivari
1237 3743 1355 3791 Pre—
1517 3749 1564 3798 4.
1593 3745 1667 3794 Po
1667 3754 1859 3792 semea.
1879 3744 1995 3791 Mau
1997 3743 2131 3792 atius
2106 3741 2315 3804 seonjic
2315 3741 2472 3806 iebnt,

321 3831 431 3867 mn
452 3828 693 3883 putat,ut
719 3820 895 3868 Lucius
919 3838 949 3868 ι
974 3821 1098 3869 luce.
1128 3824 1225 3871 En.
1440 3824 1563 3885 Qu
1566 3838 1643 3869 tm
1670 3822 1908 3870 maximus
1933 3840 1999 3887 po
1968 3835 2127 3884 otest,
2161 3838 2238 3869 me
2213 3837 2302 3881 ea,
2332 3831 2468 3869 ete.-

396 3913 448 3946 2.
478 3897 670 3947 Paruit.
703 3901 983 3963 Hospitium
1019 3902 1148 3949 enim
1176 3902 1354 3952 Curius
1441 3926 1513 3936 —-
1548 3900 1839 3948 Benedictus
1887 3901 1946 3951 de
1950 3903 2022 3950 dit
2054 3918 2150 3966 pos
2097 3911 2172 3949 ose
2220 3915 2301 3949 ea.
2344 3899 2473 3946 Mihi

322 3977 555 4026 Oeen-om
582 3977 852 4038 obtulerat,
873 3981 914 4027 si
943 3981 1070 4030 forte
1093 3982 1258 4030 Patrae
1277 3997 1355 4029 ve·
1440 3979 1650 4027 Munatii
1664 3981 1789 4029 ratio
1802 3982 1970 4046 potior
1946 3981 2083 4028 rvi·-
2105 3990 2204 4027 est:
2221 3978 2318 4025 nini
2334 3976 2475 4041 quod

326 4055 476 4104 ubet.
500 4058 596 4104 En.
1440 4059 1811 4119 eonjunetivun
1827 4059 1974 4108 malni
1986 4070 2070 4107 -ut
2082 4058 2475 4122 quammaximo·

398 4134 451 4184 ³.
468 4134 520 4182 si
536 4132 853 4200 opmfiu'sset.
874 4136 1127 4204 significat
1145 4139 1239 4188 sibi
1262 4155 1355 4188 usu
1442 4139 1651 4203 pouit..
1664 4141 1914 4189 ‚emulus
1929 4137 2133 4189 socedat
2154 4156 2201 4185 ι.
2222 4139 2337 4186 son.
