3023 4773
512 377 1031 449 EPISTOLAE
1084 377 1216 444 AD
1270 375 1774 460 ATTICUM,
1809 378 1895 461 V,
1957 399 2057 445 11.
2217 374 2350 471 557

234 526 391 574 rum
446 524 692 571 rerum
753 498 1225 569 insulsitatem
1275 494 1522 566 feram.
1582 495 1963 567 Marcellus
2020 493 2211 568 foede
2267 498 2357 567 de

235 614 622 684 Comensi¹.
674 612 822 680 Etsi
867 607 984 678 ille
1028 609 1521 703 magistratum
1564 629 1713 674 non
1762 616 2151 702 gesserat23
2209 622 2360 677 erat

236 736 472 792 tamen
501 717 1069 817 Transpadanus.
1102 721 1211 785 Ita
1236 714 1413 784 mihi
1440 712 1728 783 videtur
1763 739 1914 784 non
1943 715 2181 786 minus
2210 731 2361 787 sto-

234 830 468 902 machi
490 827 811 915 nostr03,
845 851 929 898 ac
959 828 1212 898 Caesari
1249 823 1522 896 fecisse.
1556 822 1700 894 Sed
1726 824 1868 895 hoc
1895 826 2049 921 ipse
2075 824 2357 897 viderit.

238 944 620 1038 Pompeius
656 939 834 1009 mihi
866 961 1162 1034 quoque
1200 934 1613 1023 videbatur,
1664 933 1868 1033 quod
1907 933 2156 1005 scribis
2181 941 2362 1006 Var-

241 1055 542 1123 roneml}
590 1050 860 1136 dicere,
922 1049 998 1118 in
1055 1049 1468 1143 Hispaniam
1528 1060 1720 1116 certe
1779 1049 2030 1115 iturus.
2090 1044 2174 1115 Id
2228 1071 2364 1143 ego

239 1161 534 1231 minime
592 1156 1033 1257 probabam;
1092 1157 1220 1253 qui
1278 1154 1579 1253 quidem
1645 1154 2110 1253 Theophani⁵
2160 1156 2368 1228 facile

240 1271 586 1368 persuasi,
611 1268 793 1338 nihil
829 1292 981 1339 esse
1022 1266 1310 1354 melius,
1346 1288 1563 1362 quam
1604 1289 1961 1361 nusquam
1988 1265 2192 1336 illum
2234 1265 2373 1336 dis-

243 1378 514 1450 cedere.
545 1381 733 1475 Ergo
764 1364 1057 1448 Graecus
1083 1373 1478 1445 incumbet.
1517 1374 1726 1444 Valet
1764 1390 2006 1445 autem
2070 1379 2373 1447 auctori-

242 1501 348 1558 tas
389 1486 543 1581 ejus
580 1484 775 1585 apud
817 1484 1021 1555 illurn
1058 1485 1477 1582 plurimum.
1517 1487 1668 1579 Ego
1714 1482 1842 1554 has
1873 1484 2104 1581 pridie
2140 1512 2373 1557 nonas

175 1659 179 1662 ,
246 1598 474 1692 quint.
504 1594 967 1692 proficiscens
990 1593 1288 1665 Athenis
1307 1592 1510 1681 dedi;
1542 1617 1773 1690 quum
1788 1592 1890 1664 ibi
1910 1594 2160 1665 decem
2178 1601 2374 1693 ipsos

246 1702 535 1776 fuissem
574 1704 743 1775 dies.
772 1708 1086 1775 Venerat
1112 1703 1601 1799 Pomptinius;
1644 1728 1787 1773 una
1830 1707 1956 1775 Cn.
1992 1706 2375 1797 Volusius;

246 1809 490 1882 aderat
534 1823 886 1907 quaestor3
933 1823 1105 1878 tuus
1145 1831 1336 1877 unus
1387 1807 1662 1878 Tullius
1705 1807 1972 1880 aberat.
2015 1796 2376 1908 Ᾰφρακταὸ

247 1919 738 2006 Rhodiorum,
801 1934 874 1989 et
921 1918 1196 1988 dicrota
1245 1916 1816 2012 Mitylenaeorum
1859 1920 2259 2012 habebam3
2307 1939 2379 1994 et

250 2024 523 2122 aliquid
572 2028 776 2095 ἐπικὸν
829 2019 990 2093 δεῖ7.
1033 2027 1141 2094 De
1194 2023 1472 2094 Parthis
1510 2037 1667 2093 erat
1714 2025 2102 2097 silentium.
2158 2030 2379 2119 Quod

250 2147 612 2231 superest,
670 2132 770 2203 dii
821 2134 1102 2229 juvent.
1165 2136 1312 2202 Nos
1365 2130 1601 2202 adhuc
1657 2136 1794 2204 iter
1843 2160 1974 2232 per
2034 2140 2381 2211 Graeciam

251 2267 533 2315 summa
561 2268 728 2315 cum
759 2243 1235 2315 admiratione
1263 2240 1587 2314 fecimus.
1627 2247 1778 2314 Nec
1811 2246 2224 2321 mehercule
2261 2251 2384 2322 ha·

251 2352 427 2440 beo,
480 2353 681 2452 quod
727 2352 964 2425 adhuc
1002 2377 1221 2451 quem
1257 2375 1590 2424 accusem
1635 2378 1987 2427 meorum.
2027 2359 2386 2432 Videntur

252 2464 431 2534 mihi
460 2489 673 2537 nosse
699 2490 834 2536 nos
853 2519 871 2550 ,
903 2479 1225 2536 nostram
1254 2488 1575 2551 causam,
1605 2479 1677 2534 et
1703 2465 2194 2540 conditionem
2221 2495 2386 2569 pro-

255 2571 581 2645 fectionis
608 2600 775 2646 suae.
807 2574 1020 2646 Plane
1048 2577 1370 2646 serviunt
1399 2573 1906 2646 existimationi
1945 2601 2136 2649 meae.
2166 2579 2385 2669 Quod

255 2695 606 2778 superest,
625 2684 682 2751 si
709 2705 966 2753 verum
993 2679 1174 2751 illud
1205 2693 1343 2768 est,
1370 2679 1469 2749 οἷοί
1489 2683 1550 2774 γ’
1571 2687 1610 2758 ἡ
1637 2674 1986 2772 δέσποιναθ,
2012 2700 2202 2757 certe
2234 2712 2392 2784 per.

339 2984 385 3018 ι.
413 2968 560 3017 Foede
584 2968 646 3015 de
669 2968 906 3019 comensi.
936 2970 1126 3019 Iudicat
1148 2973 1281 3025 Mar·
1443 2967 1492 3015 5.
1523 2966 1823 3032 Theophani.
1839 2970 1978 3018 Orat.
1988 2986 2082 3034 pro
2100 2973 2274 3024 Balbo.
2295 2977 2391 3025 01..

259 3048 441 3097 cellum
473 3047 603 3096 foede
634 3040 830 3105 fecisse,
856 3048 993 3111 quod
1017 3050 1072 3096 in
1111 3049 1283 3097 odium
1441 3047 1492 3095 6.
1513 3034 1767 3114 Ᾰφρωοτα.
1786 3049 1947 3097 Naves
1963 3061 2158 3114 aperte.
2173 3052 2392 3111 Dic-meo,

262 3128 469 3176 Caesaris
493 3142 664 3191 poenas
689 3129 945 3191 sumpserit
973 3127 1032 3175 de
1056 3128 1284 3178 Comensi
1371 3125 1597 3175 biremes.
1619 3127 1693 3173 De
1714 3126 1790 3174 his
1818 3127 2014 3189 Pollux,
2034 3128 2121 3177 lib.
2141 3132 2231 3179 11.

264 3207 500 3271 quodam,
517 3217 761 3270 tamquam
779 3206 838 3254 de
850 3208 1126 3271 peregrino,
1134 3223 1286 3272 quum
1448 3223 1494 3267 7.
1508 3195 1783 3255 ὲπῦιωπον.
1798 3204 2001 3265 Gellius,
2012 3209 2081 3266 X,
2093 3209 2174 3266 25,
2185 3214 2397 3260 «Actua-

265 3297 426 3334 tamen
438 3287 481 3334 is
494 3286 690 3334 civitate
704 3301 901 3333 romana
921 3285 1130 3335 donatus
1147 3297 1287 3335 esset.
1377 3284 1461 3332 riae
1496 3301 1616 3348 quae
1661 3287 1820 3353 Gra-ci
1856 3283 2120 3344 ἐπικώποις
2152 3302 2332 3339 vocant
2349 3314 2395 3343 n.

265 3366 484 3414 Historia
524 3375 645 3413 nota
687 3375 777 3413 est.
825 3366 1022 3415 Bonus.
1070 3393 1131 3402 —
1178 3367 1296 3414 Fere
1383 3363 1628 3413 Actuariae
1646 3366 1696 3412 in
1713 3382 1887 3429 genere
1907 3378 2023 3415 sunt
2040 3370 2225 3431 qumvis
2236 3386 2400 3429 naves,

268 3461 436 3493 omnes
475 3446 604 3494 MSS
644 3444 821 3492 vitiose
838 3479 852 3503 ,
880 3443 1084 3492 sedendi
1120 3460 1295 3491 comes.
1384 3457 1495 3505 quae
1527 3446 1669 3491 remia
1690 3457 1927 3508 aguntur:
1947 3447 2219 3509 specialiter
2241 3440 2400 3500 tamen

266 3525 301 3571 J
305 3527 386 3572 Ν.
403 3526 455 3572 L.
1385 3520 1440 3568 id
1461 3520 1523 3569 de
1547 3539 1607 3570 eo
1629 3540 1802 3587 genere
1826 3526 2022 3573 navium
2061 3526 2270 3590 dictum,
2295 3546 2405 3593 quae

344 3617 397 3652 α.
419 3602 566 3665 Vulg.
582 3602 803 3667 gesserit.
833 3603 867 3652 J
870 3637 883 3649 .
898 3605 960 3651 V.
987 3605 1045 3650 1..
1385 3598 1608 3649 homines
1630 3613 1816 3652 tantum
1841 3604 2109 3664 vehebant,
2128 3617 2211 3654 aut
2235 3624 2400 3664 onera.

347 3681 395 3728 3.
442 3681 635 3729 Nostro.
671 3681 933 3744 Pompeio,
971 3681 1110 3741 cujus
1154 3691 1291 3744 patet
1378 3679 1428 3726 J.
1465 3680 1518 3726 F.
1559 3683 1800 3731 Gaonov.
1838 3710 1908 3719 —
1943 3673 2121 3733 ἐπικὸν
2170 3680 2266 3736 δεῖ.
2324 3692 2401 3740 Sic

271 3758 447 3808 Strabo
465 3759 830 3824 Transpadanus
847 3760 1064 3809 colonias
1080 3759 1292 3809 deduxe-
1379 3760 1573 3807 Ernest.
1596 3773 1708 3824 post
1717 3762 1955 3810 Tuustall.
1972 3779 2026 3826 p.
2064 3765 2179 3814 133.
2202 3769 2374 3821 Bosius
2385 3809 2402 3832 ,

273 3850 367 3888 rat.
391 3841 555 3886 Lanu.
1384 3836 1571 3901 ἐπεῖχον
1592 3837 1682 3888 dut.
1709 3844 1758 3891 J.
1780 3844 1846 3889 V.
1874 3843 1928 3890 1..

351 3926 399 3973 4.
434 3919 722 3964 Varronem.
747 3914 968 3982 Pompeii
983 3918 1296 3966 familiar-issi·
1457 3920 1504 3966 8.
1521 3907 1617 3966 Οἷά
1642 3924 1690 3986 γ’
1716 3919 1749 3973 ἡ
1774 3914 2022 3971 δέσποινα.
2045 3922 2287 3988 Adagium
2307 3943 2405 3991 est,

273 4006 478 4055 mum,et
491 3995 596 4055 ejus
610 4006 727 4044 tunc
742 3997 795 4044 in
812 3998 1048 4061 Hispania
1065 3998 1294 4062 legatum.
1385 3997 1648 4047 «Catellam
1668 3999 1881 4051 dominae
1900 4001 2104 4050 similem
2122 4020 2222 4053 esse
2237 4030 2277 4056 u.
2296 4010 2405 4058 Pla-

274 4075 514 4125 Nondum
535 4074 785 4139 profectus
813 4086 932 4125 erat.
956 4078 1048 4124 En.
1387 4088 1467 4137 to,
1490 4080 1616 4142 Rep.
1641 4082 1787 4138 VIII,
1823 4097 1880 4129 12
1896 4117 1910 4141 ,
1937 4081 2015 4132 ed.
2038 4085 2141 4132 Ast.
2179 4087 2324 4143 1804.
