3023 4773
809 421 1390 505 EPISTOLAE,
1426 424 1642 508 XIV,
1678 445 1741 490 α.
2243 447 2336 520 97

206 542 528 639 scripsit,
573 539 646 610 id
682 540 883 637 quod
918 565 1053 638 ego
1091 543 1409 612 maximo
1442 566 1611 613 cum
1653 543 1828 614 fletu
1871 543 2048 641 legi,
2093 570 2346 642 quem·

204 650 601 722 admodum
636 653 926 720 aVestae
948 648 975 693 ⁵
1000 648 1091 721 ad
1126 649 1445 721 tabuiam
1463 651 2104 726 Valeriam⁶ducta
2138 682 2347 729 esses.

206 768 380 832 Hem
400 816 421 848 ,
452 785 615 832 mea
646 761 801 847 lux,
835 785 1082 831 meum
1111 760 1553 833 desiderium
1573 816 1591 849 ‚
1621 762 1819 834 unde
1846 787 2100 836 omnes
2133 793 2351 866 opem

203 884 496 969 petere⁷
542 870 905 942 solebant!
945 885 1016 942 te
1054 895 1283 959 nunc,
1327 896 1488 942 mea
1524 876 1899 960 Terentia,
1937 878 2037 944 sic
2065 881 2348 962 vexari,

203 987 300 1053 sic
354 983 601 1077 jacere
645 982 722 1051 in
776 981 1107 1078 lacrymis
1158 995 1231 1052 et
1291 979 1662 1053 sordibus!
1718 983 1942 1081 idque
1997 982 2153 1056 fieri
2195 1012 2355 1058 mea

205 1092 460 1190 culpa,
494 1094 622 1188 qui
666 1105 946 1162 ceteros
980 1094 1285 1178 servavi,
1332 1105 1415 1161 ut
1458 1116 1593 1162 nos
1634 1093 2074 1190 periremus!
2135 1095 2357 1185 Quod

206 1204 293 1274 de
321 1203 551 1273 domo
579 1200 862 1287 scribiS,
895 1201 1035 1272 hoc
1057 1216 1199 1288 est,
1236 1200 1327 1273 de
1355 1226 1556 1291 area3
1598 1228 1734 1301 ego
1757 1229 1932 1276 vero
1960 1188 2117 1275 tum
2147 1206 2355 1277 deni-

203 1339 350 1410 que
379 1311 561 1382 mihi
586 1309 890 1382 videbor
912 1315 1288 1383 restitutus
1309 1365 1328 1398 ,
1364 1314 1425 1382 si
1454 1312 1573 1383 illa
1602 1313 1810 1385 nobis
1842 1315 1977 1385 erit
2003 1319 2356 1387 restituta.

206 1428 483 1492 Verum
538 1420 691 1491 haec
739 1446 892 1490 non
945 1434 1116 1491 sunt
1153 1424 1230 1490 in
1273 1435 1524 1492 nostra
1580 1447 1824 1493 manu.
1871 1424 2059 1495 Illud
2101 1425 2360 1514 doleo,

204 1558 368 1630 quae
402 1537 736 1630 impensa
764 1529 1090 1601 facienda
1120 1545 1259 1620 est,
1280 1532 1355 1601 in
1392 1532 1550 1626 ejus
1570 1547 1886 1630 partem,
1916 1548 1986 1605 te
2024 1540 2358 1607 miseram

206 1659 275 1715 et
314 1642 790 1740 despoliatam
827 1643 1092 1711 venire.
1132 1639 1355 1731 Quod
1392 1643 1449 1712 si
1493 1638 1919 1714 conficitur⁸
1956 1649 2356 1742 negotium,

204 1758 454 1824 omnia
483 1776 1043 1849 consequemur.
1079 1752 1204 1822 Sin
1242 1751 1496 1822 eadem
1534 1777 1672 1823 nos
1715 1751 2008 1825 fortuna
2046 1772 2360 1852 premet,

208 1867 526 1934 etiamne
583 1862 927 1958 reliquias
976 1874 1178 1932 tuas9
1220 1866 1558 1933 misera10
1614 1863 1998 1961 projicies?
2039 1865 2362 1939 Obsecro

210 1990 315 2058 te,
366 1997 535 2044 mea
581 1974 755 2060 vita,
815 1971 1017 2069 quod
1057 1971 1147 2041 ad
1185 1986 1562 2070 sumptum
1612 1977 1909 2061 attinet,
1943 1977 2099 2045 sine
2148 1976 2359 2064 alios,

206 2087 334 2181 qui
374 2097 729 2182 possunt,
779 2086 834 2153 si
878 2082 1099 2153 modo
1135 2082 1430 2170 volunt,
1478 2084 1869 2171 sustinere;
1917 2099 1989 2154 et
2024 2085 2361 2157 valitudi-

211 2222 379 2266 nem
427 2197 638 2265 istam
681 2192 1085 2279 infirmam,
1138 2196 1195 2263 si
1241 2218 1361 2263 me
1400 2218 1594 2262 amas
1622 2246 1641 2278 ,
1677 2193 1828 2263 noli
1860 2219 2140 2266 vexare.
2179 2201 2363 2269 Nam

210 2306 386 2376 mihi
428 2319 601 2375 ante
628 2302 882 2374 oculos
913 2301 1064 2373 dies
1095 2317 1493 2400 noctesque
1521 2303 1841 2373 versaris.
1868 2309 2138 2376 Omnes
2171 2304 2373 2377 labo-

210 2442 323 2488 rae
350 2432 426 2488 te
470 2419 805 2512 excipere
841 2413 1075 2485 vide0.
1113 2414 1395 2498 Timeo,
1428 2428 1509 2483 ut
1544 2414 1933 2501 sustineas;
1978 2413 2106 2486 sed
2148 2415 2366 2488 video

210 2531 284 2597 in
316 2542 386 2598 te
422 2551 586 2597 esse
616 2528 879 2595 omnia.
918 2528 1159 2615 Quare
1182 2579 1201 2612 ,
1238 2538 1321 2594 ut
1350 2523 1464 2607 id,
1500 2523 1700 2620 quod
1738 2549 2018 2619 speraS,
2057 2540 2128 2596 et
2160 2526 2362 2623 quod

211 2643 397 2736 agiS,
470 2660 1036 2733 consequamur,
1089 2638 1274 2706 servi
1328 2634 1729 2706 valitudini.
1788 2640 1971 2731 Ego,
2027 2635 2117 2705 ad
2178 2661 2365 2733 quos

287 2910 333 2958 5.
360 2913 414 2959 A
450 2912 632 2956 Veseae.
670 2909 716 2956 A
751 2906 937 2972 templo
958 2908 1138 2955 Vestae.
1157 2906 1252 2954 vi-

217 2990 399 3038 ctorius
421 2989 546 3052 legit
576 3003 609 3033 a
638 2990 788 3035 Vesta
805 3023 820 3044 ‚
845 2986 897 3034 id
917 2997 1012 3044 est,
1035 3003 1062 3033 a
1087 2986 1185 3034 lare
1204 2998 1252 3033 et

219 3069 345 3117 foco.
393 3071 573 3117 Lun-
622 3091 696 3103 --
739 3068 843 3129 Ego
894 3066 1048 3113 nolim
1096 3054 1250 3130 sequi.

218 3149 269 3195 J.
285 3150 347 3195 V.
378 3153 443 3198 L.

286 3230 334 3275 6.
360 3227 458 3275 Ad
470 3227 699 3274 tabulam
727 3225 993 3273 Valeriam.
1019 3227 1178 3272 Locus
1200 3224 1255 3272 in

216 3307 323 3354 foro
355 3309 487 3363 fuit,
524 3322 630 3369 quo
668 3304 853 3352 tribuni
891 3304 1046 3367 plebis
1074 3320 1254 3351 conve·

217 3386 319 3434 tire
342 3386 485 3435 soliti
510 3395 650 3432 sunt.
680 3386 737 3430 Iu
764 3383 1040 3442 Vatinium,
1069 3400 1174 3447 cap.
1198 3399 1250 3446 9.

220 3467 664 3516 bum—Videtur
684 3466 849 3528 potius
866 3465 1033 3512 tabula
1047 3463 1254 3522 valeria,

218 3547 296 3593 vel
321 3546 604 3610 argentaria
634 3560 796 3591 mensa
814 3580 828 3604 ‚
858 3545 934 3592 vel
954 3545 1254 3593 auctionarii!

219 3628 399 3686 ἠπίως
433 3626 499 3673 ad
534 3640 683 3688 qmm
708 3624 780 3670 illi
808 3624 1024 3686 tribuni,
1050 3639 1260 3687 quorum

221 3720 349 3754 om.
369 3707 430 3753 in
450 3705 626 3752 Vatia.
642 3704 825 3751 mentio
839 3702 919 3761 fit,
941 3719 1040 3750 non
1054 3702 1262 3750 solemni

220 3801 357 3833 nore
376 3821 391 3843 ‚
429 3784 519 3831 sed
553 3794 658 3829 tum
683 3782 811 3829 forte
846 3782 1032 3845 negotii
1059 3781 1263 3840 alicujus

219 3882 365 3912 eausa
389 3862 765 3911 convenissent.
794 3864 855 3909 Et
883 3860 1019 3924 quod
1039 3859 1265 3908 Terentia

215 3946 291 3992 ad
313 3945 442 3991 hane
472 3942 691 3990 tabulam
710 3951 976 4005 raperetur,
994 3939 1187 3986 videtur
1204 3954 1265 3987 eo

214 4025 442 4072 consilio
472 4024 659 4070 factum
690 4037 824 4082 esse,
866 4031 924 4068 nt
965 4018 1026 4067 de
1061 4018 1268 4084 pecunia

213 4103 533 4152 umeranth
568 4118 660 4166 per
693 4100 1023 4165 argentarium
1061 4108 1267 4147 caveret.

215 4186 355 4231 Set.

478 4274 573 4340 ῙῙ.
610 4286 700 4332 cic.
720 4301 830 4346 pars
864 4291 1044 4347 quarta.

1412 2922 1461 2968 7.
1504 2907 1658 2971 Opem
1682 2919 1872 2971 petere.
1909 2909 2099 2974 Nempe
2138 2926 2228 2974 per
2262 2926 2368 2958 eam

1341 2987 1627 3036 Ciceronem
1649 2986 1742 3034 sibi
1769 2988 2020 3034 conciliari
2041 3005 2184 3052 posse
2205 3006 2367 3053 spera·

1339 3065 1480 3114 bant.
1507 3068 1636 3119 Ean.
1665 3092 1736 3102 -—
1764 3068 1837 3111 De
1853 3082 1996 3113 area.
2027 3069 2205 3115 Eversa
2234 3068 2366 3116 enim

1342 3144 1516 3204 domn,
1555 3161 1663 3193 aren
1707 3154 1997 3208 supererat:
2049 3162 2159 3207 quae
2197 3158 2367 3209 postea

1341 3239 1534 3272 reverso
1561 3224 1613 3271 in
1638 3224 1844 3287 patriam
1878 3223 2107 3271 Ciceroni
2147 3226 2369 3273 restituta

1341 3313 1412 3350 est
1426 3336 1440 3361 ‚
1461 3316 1511 3351 et
1535 3302 1816 3368 superficies
1839 3305 2089 3350 aestimata.
2119 3304 2262 3351 Mur.

1415 3382 1464 3429 8.
1488 3382 1545 3429 Sa·
1569 3380 1826 3450 conficitur
1851 3381 2117 3447 negotium.
2151 3383 2204 3430 Si
2237 3384 2374 3431 resti-

1344 3472 1472 3510 tuor.
2042 3499 2052 3506 .

1415 3556 1468 3603 9.
1491 3538 1739 3603 Reliquias
1763 3552 1886 3587 tuas.
1911 3541 2035 3601 Quae
2061 3539 2152 3588 tibi
2178 3542 2375 3592 faculta-

1349 3630 1420 3667 tes
1458 3619 1656 3681 reliquae
1686 3630 1800 3667 sunt
1822 3652 1840 3678 ,
1876 3619 2061 3666 amissis
2096 3622 2232 3669 meis.
2262 3624 2377 3672 Hoc

1350 3698 1508 3767 agitur
1528 3696 1589 3744 de
1614 3698 1829 3761 propriis
1842 3699 2080 3746 Terentiae
2104 3701 2285 3759 fundis,
2301 3704 2379 3753 vel

1350 3777 1573 3843 pecuniis
1588 3814 1603 3839 ‚
1628 3778 1808 3824 soenere
1827 3777 2092 3829 collocatis.
2113 3782 2243 3830 Male
2261 3786 2377 3834 Ern-

1352 3858 1697 3921 interpretatur
1737 3854 1797 3902 de
1833 3872 1941 3903 area
1971 3856 2145 3906 domus
2184 3862 2379 3911 Cicero·

1353 3938 1513 3985 nianae
1533 3935 1583 3981 in
1612 3934 1821 3994 Palatio,
1846 3952 1992 3999 quam
2016 3953 2043 3984 a
2064 3938 2242 3988 Clodio
2265 3958 2388 3990 con·
2479 3940 2484 3945 ’

1357 4014 1856 4072 autumpni-entia
1882 4014 2091 4064 vendere
2121 4033 2222 4066 non
2244 4031 2391 4083 pote·

1357 4106 1447 4143 rat.
1478 4094 1573 4141 En.

1436 4189 1515 4221 ιο.
1534 4171 1635 4221 Alii
1651 4170 1833 4221 habent
1859 4172 2072 4222 miseras.
2094 4175 2144 4222 J.
2161 4174 2224 4222 V.
2250 4175 2306 4222 L.

2106 4279 2145 4352 7
