3023 4773
661 438 805 536 692
1300 445 1395 510 M.
1449 444 1526 510 T.
1582 444 2164 514 cicERoms

665 566 1060 635 exercitum
1112 562 1401 635 habere.
1449 568 1684 638 Nemo
1729 564 1875 635 huc
1928 565 2026 635 ita
2069 562 2324 652 affert,
2373 566 2786 663 omniaque,

663 698 826 770 quae
860 673 1109 742 nolim.
1128 678 1191 744 Ο
1218 697 1373 744 rem
1406 678 1740 744 miseram
1766 671 1780 744 !
1806 673 2025 744 malas
2043 698 2291 744 causas
2315 699 2601 772 semper
2615 675 2789 747 obti-

663 785 858 869 nuit,
896 785 972 852 in
998 784 1273 880 optima
1308 785 1648 855 concidit.
1685 782 1882 875 Quid
1907 783 2181 854 dicam?
2210 786 2385 874 nisi,
2430 785 2610 856 illud
2633 811 2788 856 eum

657 895 910 964 scisse¹
942 920 964 982 ;
1008 918 1247 990 neque
1290 897 1483 966 enim
1515 909 1668 966 erat
1702 893 2041 965 difficile:
2083 894 2224 966 hoc
2256 898 2611 984 nescisse;
2651 912 2793 967 erat

659 1006 855 1075 enim
898 1027 1012 1074 ars
1065 1002 1413 1090 difficilis,
1459 1020 1656 1076 recte
1710 1001 2232 1102 rempublicam
2287 1015 2613 1101 regere2.
2668 1005 2794 1076 Sed

540 1109 558 1132 ⁹
656 1115 804 1208 jam
863 1114 1162 1212 jamque
1225 1117 1472 1186 omnia
1543 1119 1851 1187 sciemus
1883 1169 1903 1202 ‚
1980 1129 2055 1185 et
2113 1114 2510 1187 scribemus
2571 1115 2667 1187 ad
2731 1132 2794 1187 te

661 1227 924 1294 statim.

738 1387 783 1419 x.
812 1370 951 1418 Illud
988 1386 1102 1417 eum
1147 1371 1311 1421 scisse.
1356 1374 1537 1421 Sensus
1571 1383 1644 1421 est
1667 1409 1682 1435 ,
1774 1383 1824 1419 et
1842 1371 2040 1419 libertas
2064 1380 2317 1429 servetur,
2337 1385 2439 1417 non
2462 1386 2636 1432 noue,
2677 1369 2797 1417 ideo·

663 1450 948 1513 Pompeium
978 1449 1172 1497 novisse
1216 1450 1365 1498 malas
1401 1461 1551 1509 artes,
1574 1453 1685 1515 qui-
1775 1468 1870 1516 que
1892 1453 1942 1498 in
1964 1449 2096 1497 bona
2119 1465 2265 1497 cansa
2291 1449 2585 1497 concidisse.
2600 1451 2766 1498 (ἕω.

661 1528 756 1576 bns
790 1528 938 1575 malas
977 1543 1147 1576 cauas
1184 1528 1407 1576 obtinere
1450 1540 1643 1592 poterat
1672 1544 1687 1578 ε
1845 1544 1894 1575 a.
1918 1527 2285 1592 Bempublae‘cam
2303 1544 2487 1593 regere.
2506 1529 2602 1576 MS
2623 1528 2796 1577 Balliol.

664 1605 769 1654 illas
792 1605 948 1654 bonan
980 1616 1136 1668 artes,
1176 1605 1358 1669 quibus
1393 1606 1686 1672 Respublica
1770 1622 1958 1672 gerere.
1982 1610 2033 1656 J.
2056 1611 2119 1656 V.
2138 1611 2193 1657 L.

683 1767 2799 1791 mmmmmmmmmmmmmmmmm

1237 1907 1840 1988 EPISTOLA
1905 1912 2236 1990 XXVI.

668 2051 888 2110 Scribit
908 2072 970 2110 se
996 2049 1331 2108 melioribus
1361 2049 1435 2107 de
1465 2071 1590 2129 rep.
1616 2054 1834 2109 nuntiis
1856 2067 2213 2125 recreatum3
2257 2073 2499 2114 suorum
2533 2058 2799 2117 consilio-

745 2167 875 2205 rum
902 2146 1183 2205 rationem
1208 2144 1498 2219 defendit;
1540 2159 1823 2225 praeterea
1863 2148 1936 2207 de
1969 2151 2249 2228 Dionysio
2280 2172 2342 2209 se
2382 2153 2652 2212 nondum
2687 2176 2804 2213 con·

746 2244 1002 2302 stituisse
1053 2243 1304 2302 nuntiat.
1376 2244 1395 2322 (
1415 2247 1480 2301 In
1529 2245 1870 2320 Formiano,
1923 2266 2076 2306 anno
2140 2253 2214 2307 U.
2273 2253 2340 2307 C.
2399 2259 2513 2323 704
2534 2295 2554 2325 ,
2625 2273 2805 2312 mense

747 2339 1092 2420 februario.)

1351 2449 1663 2514 CICERO
1708 2450 2025 2515 A'Prlco
2071 2453 2132 2516 S.

773 2581 939 2649 Non
974 2576 1217 2647 venit¹
1268 2575 1455 2646 idem
1500 2602 1645 2648 usu
1700 2578 1914 2667 mihi,
1962 2580 2166 2677 quod
2209 2596 2290 2651 tu
2334 2580 2470 2653 tibi
2508 2586 2807 2672 scribis:

672 2719 705 2753 ιι
730 2688 1017 2785 quoties
1038 2686 1437 2758 exorior2».
1477 2691 1631 2786 Ego
1665 2693 1856 2759 enim
1891 2716 2089 2762 nunc
2127 2690 2452 2788 paullum
2497 2700 2812 2784 exorior,

673 2813 744 2870 et
781 2797 1086 2867 maxime
1131 2795 1426 2893 quidem
1458 2797 1544 2867 iis
1589 2798 1844 2887 literis,
1880 2825 2042 2896 quae
2095 2806 2321 2871 Roma
2371 2802 2809 2895 afferuntur,

673 2909 766 2979 de
800 2908 1158 2996 Domiti0‚
1205 2905 1295 2977 de
1332 2908 1735 2979 Picentium
1787 2911 2237 2984 cohortibus.
2292 2917 2553 2987 Omnia
2611 2933 2812 2990 erant

671 3018 858 3090 facta
893 3017 1033 3088 hoc
1066 3015 1292 3087 biduo
1331 3016 1619 3089 laetiora.
1666 3025 1921 3118 Itaque
1958 3021 2166 3119 fuga,
2204 3049 2366 3121 quae
2401 3028 2810 3125 parabatur,

673 3152 993 3227 repressa
1024 3142 1155 3198 est.
1191 3130 1485 3199 Caesaris
1515 3130 1926 3221 interdicta,

989 3270 1051 3329 Si
1075 3283 1132 3328 te
1153 3270 1411 3328 secundo
1442 3271 1663 3332 lumine
1679 3279 1702 3318 3
1731 3274 1825 3333 hic
1854 3276 2160 3337 offendero
2177 3322 2193 3350 ‚

671 3426 1136 3512 respuuntur.
1186 3416 1386 3483 Boua
1423 3412 1515 3485 de
1561 3419 1915 3505 Domitio,
1966 3421 2308 3518 praeclara
2369 3424 2461 3496 de
2521 3425 2810 3499 Afranio

750 3597 795 3627 ι.
816 3580 929 3626 Non
948 3576 1107 3627 venit.
1126 3577 1243 3626 Non
1258 3579 1394 3627 venit
1415 3578 1537 3627 mihi
1553 3595 1703 3645 sepe,
1790 3600 1840 3630 se
1868 3584 2119 3633 multoties
2138 3587 2319 3634 exoriri
2337 3622 2352 3645 ,
2378 3588 2434 3635 id
2456 3600 2552 3650 est,
2579 3607 2607 3638 e
2632 3592 2814 3639 mmti-

673 3671 729 3706 ut
756 3659 961 3733 'exorior
1004 3666 1053 3705 et
1104 3655 1354 3721 respirem.
1401 3658 1502 3706 Alii
1523 3692 1539 3719 ,
1574 3676 1704 3707 mene
1791 3664 1887 3722 tia,
1913 3680 2009 3727 qua
2044 3682 2182 3729 paene
2219 3666 2535 3728 conciderat,
2575 3674 2808 3733 recreari,

672 3739 814 3785 ‘venie
826 3774 839 3796 ,
858 3749 911 3785 ut
929 3752 1136 3800 sequens
1153 3737 1277 3784 ratio
1292 3738 1446 3801 magis
1465 3739 1700 3804 postulat.
1789 3743 1925 3808 quod
1952 3761 2080 3810 saepe
2106 3746 2223 3793 boni
2244 3749 2408 3796 nuntii
2428 3748 2490 3796 de
2512 3750 2656 3798 rebus
2673 3754 2812 3800 Pom·

673 3819 835 3867 Cona-
854 3844 924 3854 —
942 3818 1093 3865 Nune
1133 3817 1315 3881 probat
1339 3833 1541 3882 quoqne
1581 3822 1700 3868 Mu·
1788 3825 1888 3888 peii
1909 3825 2065 3888 deque
2095 3826 2344 3891 republica
2370 3827 2434 3875 ad
2463 3845 2515 3876 se
2541 3832 2809 3895 perferren-

674 3907 829 3953 τοίω,
880 3907 1027 3960 atque
1061 3899 1127 3944 ita
1165 3896 1424 3959 legendum
1469 3899 1702 3948 admonet
1791 3915 1887 3952 tur.
1908 3905 2109 3953 Bonus.

672 3974 895 4023 Graevins
929 3976 981 4022 iu
1005 3974 1331 4029 Addendinet
1353 3977 1688 4042 Corrigendis.
1862 3984 1910 4031 3.
1935 3984 2158 4032 Secundo
2189 3985 2387 4037 lumine.
2413 3989 2553 4039 Cras.
2581 3990 2811 4039 subaudi·

741 4071 791 4102 a.
816 4052 1016 4116 Quoties
1035 4054 1564 4121 exoriore'laegendum
1588 4073 1700 4106 cum
1789 4071 1869 4108 tur
1909 4073 2073 4127 autern
2090 4098 2107 4123 ‚
2135 4065 2357 4113 moriere.
2398 4066 2531 4115 Vide
2570 4081 2691 4118 orat.
2720 4086 2807 4135 pro

667 4132 1067 4198 interrogatione.
1083 4133 1336 4184 Indicabat
1361 4138 1489 4185 enim
1507 4138 1699 4187 Atticus
1789 4142 1989 4190 Rabirio
2016 4145 2249 4192 Postumo
2266 4179 2280 4204 ,
2298 4161 2405 4209 cap.
2455 4163 2474 4195 1
2491 4162 2535 4196 ι.
2564 4150 2705 4198 Man.
