3023 4773
664 445 677 462 .
776 368 1611 464 EPISTOLAE,XVI‚
1670 401 1775 448 11.
2213 386 2328 456 18·

204 499 285 556 te
320 509 469 555 non
488 485 749 558 valere.
781 488 919 561 Sed
957 493 1252 588 quando
1290 495 1365 565 in
1402 512 1829 593 quartanam
1861 525 2208 577 conversa
2236 510 2343 579 vis

202 609 319 666 est
343 593 587 666 morbi
613 595 743 691 (sic
775 601 968 670 enim
1001 601 1249 674 scribit
1277 607 1592 704 Curius),
1616 633 1852 707 spero,
1866 625 1961 702 te,
1976 611 2341 713 diligentia

198 703 569 794 adhibita,
610 709 825 779 etiam
868 708 1270 785 firmiorem·
1299 713 1525 788 fore¹.
1583 718 1811 791 Modo
1848 719 1990 808 fac,
2026 723 2099 794 id
2136 725 2340 823 quod

202 815 675 889 humanitatis
718 834 857 890 tuae
903 837 1040 912 est,
1081 849 1175 895 ne
1221 825 1399 922 quid
1453 827 1664 901 aliud,
1700 853 1909 903 cures
1966 832 2108 904 hoc
2155 850 2336 908 tem·

199 949 376 1022 pore
398 980 423 1014 ‚
458 929 601 999 nisi
647 943 732 999 ut
769 955 990 1027 quam
1041 934 1622 1009 commodissime
1667 940 2138 1014 convalescas.
2174 949 2360 1018 Non¹

199 1035 497 1131 ignoro,
545 1053 903 1135 quantum
963 1066 1051 1113 ex
1107 1042 1514 1132 desiderio²
1561 1046 1884 1137 labores;
1942 1050 2071 1121 sed
2124 1069 2340 1125 erunt

198 1149 450 1217 omnia
487 1144 716 1219 facilia
741 1202 760 1236 ‚
816 1152 875 1221 si
914 1151 1200 1224 valebis.
1238 1157 1599 1227 Festinare
1644 1172 1714 1229 te
1755 1158 1967 1246 n010‚
2020 1185 2116 1232 ne
2153 1187 2334 1234 nau·

197 1277 333 1324 seae
398 1256 804 1329 molestiam
857 1262 1201 1361 suscipias
1248 1287 1467 1362 aeger,
1508 1279 1582 1337 et
1637 1268 2043 1365 periculose
2096 1271 2334 1345 hieme

201 1366 526 1461 naviges.
1552 1405 1559 1412 ·

286 1477 448 1571 Ego
484 1473 576 1545 ad
602 1475 878 1550 Urbem
903 1485 1165 1555 accessi
1197 1484 1429 1584 pridie
1452 1510 1683 1561 nonas
1708 1489 1990 1585 januar.
2026 1491 2331 1565 Obviam

192 1582 374 1658 mihi
410 1585 512 1655 sic
542 1600 651 1657 est
675 1589 1069 1685 proditum,
1103 1607 1189 1665 ut
1210 1595 1389 1666 nihil
1417 1600 1737 1695 potuerit
1754 1597 1783 1659 ³·
1801 1598 1958 1673 fieri
1986 1605 2331 1677 ornatius.

193 1691 331 1763 Sed
365 1694 588 1765 incidi
611 1698 691 1767 *in
713 1699 942 1796 ipsam
976 1700 1336 1804 flammam
1365 1708 1592 1779 civilis
1629 1708 2030 1800 discordiae,
2061 1713 2174 1783 vel
2201 1737 2332 1810 po-

192 1804 333 1875 tius
359 1802 539 1874 belli
570 1833 589 1875 :
628 1809 742 1879 cui
779 1834 1009 1906 quum
1037 1836 1375 1911 cuperem
1410 1815 1719 1904 mederi,
1746 1832 1853 1906 et,
1883 1833 1968 1894 ut
1998 1818 2328 1912 arbitror,

189 1936 484 2010 possem
505 1942 528 2005 3
549 1917 973 2015 cupiditates
993 1937 1358 1994 certorum
1384 1924 1767 2010 hominum
1789 1929 2000 2023 (nam
2022 1955 2110 2001 ex
2129 1945 2330 2003 utra-

191 2048 335 2120 que
376 2040 584 2123 parte
624 2042 845 2132 sunt.
880 2033 1010 2126 qui
1046 2055 1374 2128 pugnare
1417 2034 1762 2133 cupiant)
1802 2038 2324 2134 impedimento

188 2134 366 2210 mihi
406 2132 726 2212 fuerunt.
766 2135 1084 2211 Omnino
1122 2156 1196 2212 et
1229 2143 1382 2239 ipse
1418 2148 1673 2230 Caesar,
1710 2148 2022 2218 amicus⁴
2051 2165 2325 2240 noster,

187 2246 505 2316 minaces
541 2246 632 2318 ad
662 2262 990 2320 senatum
1022 2264 1094 2322 et
1121 2249 1417 2324 acerbas
1453 2252 1695 2326 literas
1720 2258 2029 2328 miserat.
2058 2264 2144 2328 Et
2172 2277 2327 2354 erat

187 2353 426 2439 adhuc
453 2355 903 2455 impudens⁵‚
941 2361 1068 2457 qui
1101 2363 1490 2445 exercitum
1521 2378 1592 2434 et
1618 2364 2062 2462 provinciam
2095 2368 2321 2443 invito

188 2481 442 2537 senatu
487 2482 799 2557 teneret3
859 2484 932 2541 et
961 2472 1179 2542 Curio
1213 2496 1417 2543 meus
1448 2472 1652 2545 illum
1690 2475 2054 2549 incitabat.
2090 2483 2323 2552 Anto-

186 2577 346 2648 nius
389 2577 692 2685 quidem
731 2594 1001 2668 noster,
1039 2597 1112 2653 et
1143 2584 1233 2687 Q.
1270 2584 1587 2670 CassiUS‚
1624 2584 1824 2656 nulla
1856 2588 1927 2656 vi
1961 2589 2244 2686 expulsi
2260 2588 2318 2680 ⁶,

185 2686 269 2756 ad
290 2693 651 2769 Caesarem
677 2714 843 2768 cum
870 2693 1189 2773 Curione
1214 2693 1527 2791 profecti
1547 2708 1814 2768 erant7.
1843 2702 2316 2796 Posteaquam

181 2814 470 2872 senatus
525 2800 987 2892 consulibus»,
1033 2803 1499 2902 praetor=ibu5‚
1555 2802 1866 2876 tribunis
1919 2806 2188 2906 plebis,
2244 2824 2318 2880 et

252 3003 301 3037 ι.
334 2987 626 3037 firmiorem
635 2986 776 3059 sote.
815 2991 927 3039 Hoc
962 3007 1090 3056 aegre
1115 2991 1201 3041 nd·

180 3066 326 3115 mittit
343 3068 554 3125 prame,
577 3080 626 3117 et
644 3068 836 3117 dubitat
855 3087 918 3118 an
938 3087 1048 3119 vere
1059 3087 1201 3134 quar·

178 3156 285 3193 tana
307 3146 454 3196 talem
481 3150 666 3196 exitum
683 3149 875 3199 habeat.
893 3150 1036 3198 Certe
1055 3150 1200 3198 Gale-

177 3240 296 3285 nm,
321 3227 385 3275 de
426 3238 531 3276 arte
558 3227 760 3276 curandi
795 3228 859 3276 ad
889 3229 1130 3277 Glaucen.
1149 3232 1197 3287 1,

177 3304 297 3354 dicit
325 3318 568 3371 quartam
610 3309 846 3356 exsiccari
883 3308 1110 3373 pituitam
1149 3320 1199 3358 et

170 3396 325 3433 atram
369 3386 540 3435 bilem.
590 3387 686 3435 Sed
727 3389 778 3435 J.
805 3389 870 3436 V.
907 3389 960 3437 L.
995 3387 1198 3436 adducit

173 3462 236 3510 D.
261 3465 442 3514 Gonlin
458 3500 477 3523 ,
518 3466 605 3529 qui
633 3466 703 3514 sie
737 3467 1105 3532 interpretatur,
1141 3477 1198 3515 ut

168 3541 341 3590 Cicero
365 3541 613 3607 significet
636 3545 774 3593 istius
800 3544 949 3593 febris
974 3557 1195 3595 naturam

169 3619 331 3668 adhue
371 3637 479 3669 uon
532 3622 685 3688 fuisse·
728 3625 1002 3689 cognitam3
1035 3641 1193 3687 nune,

168 3714 322 3763 quum
340 3711 529 3748 eertum
548 3702 610 3750 sit
632 3719 734 3751 esse
753 3715 1063 3767 quartanam,
1090 3706 1194 3754 fore

166 3790 225 3825 ut
242 3778 346 3826 cito
359 3814 376 3839 ,
390 3782 523 3842 justa
543 3797 658 3831 cura
674 3782 892 3832 adhibita
908 3818 923 3844 ‚
941 3784 1061 3834 Tiro
1079 3801 1194 3847 cou-

166 3857 392 3908 valeant.
414 3861 513 3908 En.

237 3953 297 3986 2.
324 3939 407 3985 Es:
433 3938 692 3988 desiderio.
722 3941 842 3991 Mei.

240 4014 296 4065 3.
333 4018 625 4067 Gebhardus
666 4031 718 4069 et
760 4020 870 4080 alii,
921 4043 945 4062 ιι
970 4020 1191 4088 possit».

156 4095 206 4144 J.
226 4096 300 4143 V.
327 4099 380 4145 1..

1359 3001 1410 3050 4.
1433 2992 1632 3043 Amicus
1661 3003 1837 3041 noster.
1878 2994 2074 3042 Ironiee
2108 2994 2313 3047 dietum.

1287 3073 1385 3122 En.

1362 3152 1409 3200 5.
1435 3151 1611 3200 Adhuc
1636 3150 1902 3216 impudens.
1917 3154 2090 3212 Forte,
2107 3152 2183 3200 ad
2198 3152 2311 3213 Ιιοσ,

1284 3230 1340 3278 id
1365 3242 1466 3291 est,
1493 3247 1712 3296 eousque
1738 3230 1998 3295 impudens
2014 3266 2028 3290 ,
2064 3242 2120 3280 ut
2141 3248 2311 3297 parere

1285 3311 1474 3359 tenatui
1492 3321 1737 3361 recusaret
1753 3310 1947 3372 iubenti
1972 3311 2235 3363 exercitum
2260 3325 2313 3362 et

1283 3390 1592 3452 provinciam
1621 3390 1881 3455 deponere.
1898 3392 1950 3439 J.
1973 3394 2021 3439 F.
2040 3393 2211 3440 Gnon.
2239 3420 2309 3429 —

1284 3468 1384 3517 Sed
1430 3470 1545 3519 sch.
1575 3470 1674 3518 hoc
1712 3486 1816 3518 non
1851 3469 2041 3535 placet,
2081 3480 2130 3516 et
2165 3471 2309 3522 vellet

1283 3545 1440 3610 legere
1463 3564 1476 3598 ε
1501 3560 1589 3596 -et
1611 3558 1714 3596 erat
1736 3548 1867 3596 ultro
1890 3547 2204 3613 imffmdensm
2306 3594 2311 3599 .

1354 3626 1403 3675 6.
1432 3625 1588 3674 Nulla
1609 3627 1669 3675 νί
1692 3627 1900 3690 expulsi.
1920 3626 2017 3674 Sed
2037 3629 2136 3675 vim
2159 3630 2308 3679 inter·-

1280 3704 1597 3769 pretabantur
1618 3707 1668 3752 S.
1687 3705 1746 3754 C.
1760 3720 1861 3768 quo
1885 3706 2262 3758 removebantur
2278 3727 2307 3761 ι

1281 3799 1386 3849 rep.
1403 3785 1566 3833 caesar
1585 3782 1710 3831 Bell.
1731 3783 1826 3830 civ.
1843 3784 1906 3832 V.

1354 3881 1404 3924 7.
1425 3864 1603 3911 Erant.
1627 3865 1984 3926 Posteaquam,
2011 3873 2103 3913 etc.
2129 3867 2204 3913 Ex
2229 3868 2306 3918 iu-

1284 3942 1628 4006 terpretatione
1643 3977 1659 4002 ,
1701 3956 1847 4006 quam
1890 3945 2154 4008 sequimur,
2188 3946 2303 3997 Sch.

1281 4021 1349 4068 ait
1374 4036 1566 4068 sensum
1587 4022 1748 4069 enasci
1765 4021 2140 4088 ineptissimum,
2166 4028 2305 4089 quasi

1282 4091 1454 4148 Cicero
1490 4098 1699 4160 diceret,
1734 4112 1992 4168 postquam
2017 4100 2142 4153 illud
2168 4104 2217 4154 S.
2244 4105 2303 4155 C.
