3023 4773
530 469 1041 575 EPISTOLAE
1093 470 1232 536 AD
1282 471 1666 540 ATTICU
1693 475 1802 555 M,
1857 475 1927 555 Ι,
1971 496 2076 540 11.
2235 499 2363 568 29¹

233 673 2323 701 ἫΜΜΜἉὯΜΜΜΜΜΜΜἪΜἪΜΜΏἋΜΟἊἋ
2330 685 2359 700 S

899 839 1493 919 EPISTOLA
1547 842 1698 918 ΧΙ.

237 1006 470 1057 Frustra
498 1019 560 1057 se
581 998 768 1057 adhuc
785 997 1112 1057 elaborasse
1133 997 1360 1071 scribit,
1390 1001 1449 1057 in
1477 1001 1711 1058 Lucceii
1734 1016 1927 1060 vetere
1954 1024 2090 1080 erga
2109 1008 2365 1066 Atticum

313 1097 614 1163 voluntate
645 1094 1076 1173 recuperanda:
1110 1095 1370 1154 nondum
1399 1117 1459 1154 se
1486 1097 1845 1175 designatum
1874 1114 2185 1178 praetorem
2219 1125 2369 1176 esse;

310 1196 521 1253 iterum
539 1238 554 1265 ‚
578 1207 640 1252 ut
668 1214 734 1252 ea
759 1214 888 1271 quae
905 1194 1129 1252 Atticus
1153 1192 1475 1251 Academiae
1496 1195 1789 1254 Ciceronis
1815 1199 2134 1275 paraverit,
2161 1202 2366 1272 mittat,

311 1290 610 1368 librosque
632 1290 744 1349 sibi
773 1276 1106 1360 conservet,
1136 1291 1298 1366 petit.
1327 1290 1580 1367 (Romae,
1611 1312 1764 1350 anno
1784 1299 1854 1353 U.
1877 1297 1943 1352 C.
1968 1295 2128 1372 686.)

931 1452 1245 1514 CICERO
1291 1453 1604 1516 A'I'rlco
1651 1454 1716 1517 S.

327 1601 448 1683 Er
484 1620 644 1665 mea
698 1606 956 1691 sponte
1012 1590 1359 1663 faciebam
1417 1608 1663 1679 antea,
1709 1608 1782 1664 et
1835 1610 2041 1692 post,
2086 1583 2371 1669 duabus

229 1704 552 1802 epistolis
571 1708 712 1775 tuis
728 1702 1240 1800 perdiligenter
1253 1704 1330 1771 in
1347 1703 1675 1774 eamdem
1693 1707 2046 1776 rationem
2065 1708 2372 1804 scriptis,

230 1838 670 1911 magnopere
698 1838 859 1883 sum
892 1828 1320 1883 commotus,
1352 1816 1454 1881 Eo
1482 1812 1870 1886 accedebat
1904 1814 2233 1886 hortator
2257 1842 2368 1888 as-

226 1922 480 1993 siduus
505 1922 881 1992 Sallustius
906 1931 959 2006 ¹,
981 1935 1063 1989 ut
1083 1945 1366 2017 agerem
1393 1946 1619 2018 quam·
1634 1920 2174 2021 diligentissime
2202 1952 2364 1997 cum

226 2037 541 2103 Lucceio
595 2030 685 2101 de
735 2046 971 2100 vestra
1024 2044 1267 2100 vetere
1320 2033 1543 2126 gratia
1588 2036 2137 2107 reconcilianda.
2184 2038 2368 2122 Sed,

227 2167 463 2238 quum
517 2142 761 2210 omnia
817 2136 1177 2226 fecissem,
1235 2164 1382 2209 non
1442 2141 1666 2211 modo
1707 2168 1864 2213 eam
1914 2147 2367 2219 voluntatem

227 2254 414 2346 ejus,
446 2276 607 2347 quae
636 2249 867 2321 fuerat
894 2273 1061 2345 erga
1085 2264 1154 2318 te
1173 2304 1192 2335 ‚
1218 2274 1649 2347 recuperare
1674 2276 1822 2322 non
1850 2258 2089 2350 potui,
2115 2280 2365 2327 verum

225 2390 316 2434 ne
347 2386 643 2433 causam
668 2359 966 2458 quidem
1000 2358 1257 2431 elicere
1287 2362 1679 2431 immutatae
1700 2361 2113 2436 voluntatis,
2153 2370 2366 2436 Tam-

225 2476 356 2544 etsi
390 2474 614 2572 jactat
657 2469 776 2541 ille
821 2470 1119 2569 quidem
1169 2469 1349 2539 illud
1385 2483 1597 2540 tuum
1636 2470 2009 2544 arbitrium
2034 2484 2089 2563 ²,
2134 2489 2207 2546 et
2245 2501 2363 2564 ea,

224 2583 557 2681 quaejam
581 2596 739 2652 tum
764 2635 783 2668 ‚
819 2570 1052 2678 quum
1087 2580 1375 2662 aderaS,
1418 2577 1807 2656 offendere
1832 2584 1988 2677 ejus
2031 2588 2360 2658 animum

225 2691 765 2790 intelligebam:
808 2706 1049 2761 tamen
1099 2689 1319 2760 habet
1359 2689 1702 2786 quiddam
1742 2689 2109 2798 profectO,
2158 2697 2361 2792 quod

225 2806 449 2901 magis
488 2805 566 2872 in
607 2805 849 2872 animo
892 2802 1050 2896 ejus
1093 2799 1472 2888 insederit,
1522 2801 1721 2896 quod
1771 2828 2009 2899 neque
2043 2803 2360 2903 epistolae

221 2905 406 3001 tuae,
438 2937 680 3010 neque
710 2927 957 2983 nostra
984 2907 1360 3008 allegatio-³
1396 2926 1538 2988 tam
1572 2926 1812 3008 potest
1847 2912 2053 2985 facile
2084 2915 2359 3000 delere,

223 3048 444 3129 quam
460 3037 570 3093 tu
607 3046 914 3118 praesens
952 3045 1101 3091 non
1140 3019 1360 3091 modo
1399 3025 1770 3109 oratione,
1811 3022 1937 3092 sed
1982 3038 2112 3094 tuo
2154 3026 2359 3096 vultu

223 3136 347 3205 illo
382 3132 716 3204 familiari
757 3132 1003 3219 tolles,
1046 3134 1105 3201 si
1153 3131 1374 3202 modo
1411 3136 1593 3202 tanti
1632 3131 1924 3259 putabis
1965 3133 2079 3220 id,
2121 3136 2358 3230 quod,

225 3249 278 3316 si
334 3269 455 3315 me
512 3243 799 3330 audies,
847 3255 919 3311 et
973 3243 1033 3311 si
1083 3229 1513 3311 humanitati
1566 3257 1706 3312 tuae
1757 3222 2086 3313 constare
2126 3244 2361 3333 voles,

223 3370 413 3427 certe
462 3352 772 3452 putabis,
836 3358 967 3439 Ae,
1014 3376 1106 3423 ne
1157 3349 1339 3421 illud
1388 3353 1680 3448 mirere,
1730 3378 1883 3441 cur,
1935 3379 2165 3451 quum
2223 3379 2358 3452 ego

298 3579 340 3610 1.
376 3561 651 3610 Sallustius.
690 3560 944 3609 Ciceronis
968 3557 1250 3615 familiaris
1329 3567 1416 3605 eut
1450 3556 1753 3606 subm-natio.
1786 3561 1912 3607 'Sum
1950 3559 2082 3607 enim
2107 3575 2135 3607 a
2163 3570 2213 3608 te
2236 3560 2359 3609 eub-

224 3641 426 3689 mine
447 3640 767 3688 Historiarum
788 3639 1015 3703 scriptor.
1040 3639 1133 3686 En.
1188 3680 1193 3684 .
1243 3665 1250 3698 ς
1331 3635 1507 3683 mie-us
1523 3659 1543 3690 ὁ,
1564 3647 1627 3684 ut.
1646 3647 1695 3684 te
1718 3636 1853 3699 apud
1883 3638 2043 3701 ipsum
2069 3638 2122 3686 in
2150 3641 2354 3703 gretiam

291 3736 347 3769 2
369 3719 507 3767 mad
521 3730 658 3767 eutem
684 3718 962 3766 arbitrium.
983 3717 1065 3765 Al.
1085 3729 1245 3766 suum.
1331 3730 1581 3779 ponerem.
1597 3715 1823 3778 All-egam
1841 3714 2024 3764 dieitur
2041 3716 2126 3768 ille
2144 3718 2230 3781 qui
2247 3718 2359 3766 sub·

221 3801 383 3848 Gonu.
405 3801 563 3847 -Δο
576 3798 699 3846 bene
719 3798 919 3861 quidem
933 3810 1067 3845 cuum
1078 3795 1245 3860 ,quod
1331 3794 1488 3843 mittit
1521 3793 1731 3856 aliquem
1765 3792 1831 3840 ed
1865 3793 2051 3857 enquid
2079 3795 2353 3845 clanculmn

221 3877 399 3941 pmbat
422 3881 471 3928 J.
489 3881 559 3924 Ὗ.
586 3879 640 3924 1..
671 3876 861 3942 Nempe
889 3876 1071 3924 arbiter
1089 3877 1246 3925 fuerat
1331 3871 1704 3938 perficiendum.
1725 3873 1805 3920 Sic
1818 3872 2043 3939 allegare
2057 3885 2241 3926 testem.
2258 3878 2356 3925 Te·

177 3961 180 3964 '
221 3958 437 4016 Atticus,
470 3957 525 4004 in
560 3972 702 4005 causa
735 3955 897 4020 eliqua
933 3957 1160 4016 Lucceii,
1197 3966 1246 4002 et
1334 3951 1759 4003 rent.Andr.-,Ne
1776 3951 2032 4004 credaome
2045 3954 2356 4019 meg-tum.

222 4046 392 4084 eontra
435 4052 545 4088 eum
588 4034 1002 4099 pronuntiaverat.
1044 4037 1139 4084 En.
1175 4060 1247 4069 —
1332 4032 1430 4081 hoc
1465 4041 1565 4090 est,
1600 4048 1673 4080 ne.
1697 4031 1863 4081 credas
1897 4048 1975 4082 me
2009 4033 2348 4084 subornatum.

225 4115 350 4163 vide
373 4115 579 4164 Cesaub.
606 4114 671 4162 ad
693 4114 835 4177 epist.
866 4114 918 4162 3.
1333 4115 1397 4161 Et
1420 4112 1474 4160 in
1496 4113 1637 4160 Vei-r.
1659 4112 1777 4160 Act.
1802 4114 1825 4159 1
1849 4126 1863 4160 :
1886 4133 1909 4155 ι
1926 4113 2076 4161 Petiit
2099 4129 2125 4161 a
2153 4129 2230 4160 me
2256 4115 2355 4160 Re·

296 4195 342 4241 3.
381 4192 644 4259 Allegaeio.
674 4194 784 4241 Hoc
811 4204 885 4240 est
903 4228 918 4250 ,
954 4192 1212 4240 submissio
1228 4229 1243 4254 ,
1333 4190 1514 4239 bonius
1530 4226 1546 4250 ‚
1575 4202 1625 4240 et
1649 4190 1834 4239 amieos
1859 4191 2035 4255 alleget
2049 4213 2090 4239 n.
2120 4191 2215 4237 En.

2007 4303 2029 4346 1
2045 4300 2111 4370 9.
