3023 4773
673 368 813 457 466
1308 367 1402 433 M.
1453 365 1531 431 Τ.
1585 363 2141 435 mcERole

670 488 909 563 tamen
928 505 1176 580 tenere
1204 487 1654 584 potuerimus
1671 538 1690 570 ,
1717 482 2048 572 tribunos
2071 481 2300 581 plebis
2317 486 2785 559 amiserimus.

674 608 835 672 Ilaec
861 624 976 670 res
998 594 1608 694 quemadmodum
1638 590 1999 682 ceciderit,
2033 607 2105 664 et
2133 606 2281 664 tota
2308 611 2422 665 res
2449 621 2596 692 quo
2620 597 2787 668 loco

674 715 803 797 sit,
846 710 1057 778 velim
1100 706 1189 777 ad
1232 730 1348 776 me
1383 702 1687 788 scribas,
1742 716 1813 774 et
1847 704 1979 788 ita,
2032 717 2113 775 ut
2146 705 2515 776 instituisti
2552 733 2567 776 ε
2614 732 2785 778 nam

672 824 801 891 ista
853 819 1148 904 veritas,
1206 816 1482 887 etiamsi
1531 810 1853 907 jucunda
1905 836 2057 883 non
2110 826 2251 899 est,
2307 813 2486 884 mihi
2539 830 2787 886 tamen

669 944 868 1027 grata
909 941 1036 998 est.
1067 929 1224 996 Dat.
1265 948 1373 993 1111
1411 921 1505 992 id.
1538 920 1899 994 decembr.
2129 959 2136 986 1

1202 1136 2119 1160 mmmmm

667 1148 757 1168 m

1251 1338 1850 1418 EPISTOLA
1918 1340 2191 1418 XXV.

670 1514 847 1575 Attici
874 1512 1185 1569 discessum
1217 1489 1291 1566 ab
1318 1505 1479 1567 Urbe
1505 1505 1588 1562 sic
1616 1483 2050 1582 interpretatur,
2085 1507 2198 1565 sibi
2238 1508 2297 1565 in
2340 1498 2663 1568 calamitate
2689 1523 2792 1570 ta-

748 1608 1096 1692 bescendum
1126 1625 1268 1664 esse.
1294 1601 1699 1682 (Dyrrhachii,
1722 1607 1899 1663 an.U.
1915 1607 1978 1663 C.
2000 1604 2137 1701 696,
2151 1626 2350 1665 mense.
2367 1606 2706 1684 decembri.)

1338 1792 1653 1857 CICERO
1697 1792 2003 1858 ATTICO
2049 1795 2112 1861 S.

764 1959 945 2024 Posr
971 1964 1178 2019 tuum
1198 1968 1239 2015 a
1262 1953 1415 2014 me¹
1444 1940 1834 2012 discessum
1866 1943 2085 2015 literae
2112 1946 2290 2016 mibi
2315 1952 2541 2018 Roma
2567 1947 2788 2020 allatae

668 2077 876 2146 sunt3
936 2084 1019 2128 ex
1070 2052 1335 2152 quibus
1381 2052 1776 2149 perspicio,
1831 2051 2039 2124 nobis
2088 2052 2164 2124 in
2218 2056 2352 2128 hac
2395 2057 2786 2128 calamitate
2843 2069 2858 2079 “

627 2244 630 2247 ,
671 2164 1180 2242 tabescendum
1208 2186 1360 2233 esse
1390 2189 1404 2231 ε
1437 2184 1677 2256 neque
1705 2162 1898 2231 enim
1925 2162 2096 2258 (sed
2114 2163 2382 2237 bonam
2410 2168 2486 2237 in
2513 2183 2784 2266 partem

670 2276 1031 2377 accipies),
1065 2276 1122 2346 si
1156 2272 1300 2344 ulla
1324 2294 1486 2368 spes
1514 2269 1756 2341 salutis
1777 2281 1806 2313 ²
1840 2286 2098 2342 nostrae
2121 2274 2477 2363 subesset,
2513 2292 2593 2348 tu
2613 2332 2632 2365 ,
2654 2303 2785 2375 pro

675 2406 801 2462 tuo
839 2412 1082 2459 amore
1126 2388 1201 2454 in
1243 2407 1396 2466 me,
1439 2380 1581 2452 hoc
1623 2396 1951 2479 tempore
2004 2382 2458 2459 discessisses.
2511 2390 2649 2460 Sed
2698 2416 2786 2460 ne

672 2500 959 2596 ingrati,
997 2508 1122 2566 aut
1159 2517 1250 2563 ne
1288 2491 1530 2562 omnia
1559 2489 1738 2561 velle
1774 2491 2153 2564 nobiscum
2193 2520 2336 2566 una
2359 2498 2653 2569 interire
2691 2501 2789 2568 vi-

668 2615 1001 2697 deamur,
1040 2608 1183 2678 hoc
1214 2609 1472 2676 omitto
1504 2632 1520 2675 t
1561 2603 1740 2674 illud
1775 2604 1904 2677 abs
1946 2622 2015 2677 te
2055 2624 2260 2704 pet0,
2297 2610 2425 2681 des
2461 2637 2791 2711 operam,

674 2728 742 2799 id
764 2724 962 2823 quod
987 2722 1164 2793 mihi
1189 2716 1592 2806 affirmasti,
1620 2734 1700 2789 ut
1728 2733 1798 2791 te
1826 2735 1992 2793 ante
2019 2722 2154 2794 kal.
2170 2723 2319 2819 jan.
2349 2725 2791 2827 ubicumque

669 2846 768 2912 cri
777 2864 936 2910 mus
953 2892 974 2923 ,
1015 2840 1235 2908 sistas.

751 3084 792 3115 1.
820 3069 868 3113 A
894 3079 983 3111 me.
1011 3060 1188 3110 Omisit
1219 3059 1323 3107 haec
1363 3055 1681 3119 Mongsltius.
1775 3056 1922 3106 modo
1958 3059 2264 3123 epistolium,
2308 3063 2486 3127 quod
2470 3082 2520 3112 m
2556 3064 2655 3115 flue
2682 3066 2790 3116 libri

674 3145 922 3195 Manutius
965 3140 1151 3188 inutilia
1173 3135 1430 3199 judicavit.
1470 3135 1686 3183 Middle·
1773 3149 1864 3196 est,
1872 3139 1937 3186 ad
1964 3156 2080 3189 anu.
2101 3143 2161 3189 U.
2182 3143 2241 3191 C.
2263 3143 2366 3206 696
2387 3140 2645 3205 reseratur,
2662 3159 2797 3213 post·

674 3236 775 3270 ton.
803 3232 855 3269 nt
881 3219 1094 3283 explicet
1110 3251 1125 3275 ‚
1147 3214 1347 3276 conjicit
1363 3214 1580 3260 Atticum
1606 3214 1688 3263 Ci-
1774 3233 1918 3279 quam
1943 3219 2168 3267 Ciceroni
2186 3223 2439 3271 Serranum
2472 3224 2792 3275 intercessisse

674 3316 900 3351 ettonem
922 3295 1212 3361 Dyrrhachii
1239 3292 1541 3356 convenisse,
1552 3303 1685 3340 ante·
1774 3298 2050 3345 nuntiatum
2077 3309 2215 3346 esset.

673 3398 817 3446 quam
842 3376 1094 3443 epistolam
1121 3375 1293 3422 XXIV
1316 3371 1566 3436 reciperet.
1597 3372 1690 3420 Cui
1851 3389 1899 3422 a.
1936 3374 2066 3432 Alii,
2094 3376 2246 3424 saluti
2271 3395 2290 3424 .·
2335 3396 2445 3443 quae
2485 3391 2647 3430 tamen
2677 3399 2790 3431 con-

671 3465 960 3524 conjccturae
985 3471 1085 3504 non
1107 3454 1228 3502 adeo
1243 3464 1477 3517 repugnat
1494 3454 1527 3499 J
1535 3456 1621 3500 ΛΥ.
1636 3455 1688 3501 1..
1780 3454 1983 3502 structio
2007 3454 2111 3502 sinc
2136 3456 2361 3520 exemplo
2386 3469 2474 3506 est.
2499 3461 2592 3507 Eo.
