3023 4773
314 411 2425 436 mmfflummmmmmmmeSWmWffssnmmm§mmm

820 575 1919 680 ARGUMENTUM

1020 778 1298 848 LIBRI
1345 780 1719 849 TERTII.

315 947 375 1000 P.
404 941 642 1002 Clodius
683 963 795 1022 ope
834 944 1072 1002 Cauris
1099 944 1382 1016 consuliS,
1423 942 1689 1003 tribunus
1730 943 1807 1021 pl.
1832 942 2187 1010 declaratus,
2213 953 2278 997 ut
2303 957 2428 997 ma-

391 1038 691 1117 gistratum
720 1038 870 1107 iniit,
896 1040 1040 1098 illud
1069 1059 1248 1098 unum
1272 1040 1584 1119 spectavit,
1616 1053 1678 1098 ut
1703 1044 1785 1098 Μ.
1818 1039 2072 1097 Tullium
2105 1036 2431 1095 inimicissi-

390 1155 547 1193 mum
579 1155 745 1193 suum
774 1136 1165 1194 ulcisceretur.
1192 1140 1394 1213 Itaque
1420 1134 1649 1194 duabus
1679 1134 1902 1213 legibus
1920 1177 1935 1206 ,
1970 1152 2216 1211 quarum
2250 1131 2428 1190 altera

396 1231 741 1289 frumentum
759 1273 774 1298 ,
801 1230 959 1308 quod
980 1244 1149 1290 antea
1171 1232 1340 1290 semis
1361 1230 1489 1289 aeris
1508 1251 1575 1288 ac
1594 1228 1900 1288 trientibus
1925 1219 2071 1286 esset
2094 1228 2153 1285 in
2178 1226 2431 1302 singulos

394 1324 616 1385 modios
632 1369 649 1397 ,
680 1329 854 1405 gratis
877 1327 1159 1400 dabatur;
1186 1328 1365 1386 altera
1390 1347 1509 1385 non
1542 1326 1730 1386 solum
1757 1325 1994 1403 collegia
2010 1367 2025 1396 ,
2048 1343 2177 1402 quae
2203 1334 2433 1380 senatus

392 1422 734 1496 sustulerat,
766 1425 1026 1483 restituta
1066 1438 1229 1495 sunt,
1263 1422 1363 1482 sed
1407 1442 1560 1481 nova
1592 1422 1762 1480 etiam
1802 1441 1875 1479 ex
1919 1420 2075 1478 omni
2108 1418 2266 1494 vulgi
2297 1418 2432 1475 faece

395 1531 568 1596 atque
598 1522 834 1579 servitio
870 1522 1209 1593 constituta,
1242 1520 1428 1600 plebis
1456 1520 1755 1579 voluntate
1784 1516 1894 1576 sibi
1923 1515 2189 1594 adjuncta
2207 1560 2223 1586 ,
2264 1533 2434 1590 roga-

399 1615 609 1674 tionem
636 1618 1024 1696 promulgavit
1056 1632 1259 1677 contra
1303 1638 1403 1676 eos
1418 1633 1447 1691 ,¹
1477 1617 1579 1695 qui
1614 1617 1737 1675 sine
1756 1614 1979 1692 judicio
2017 1613 2220 1691 populi
2252 1613 2436 1668 civem

402 1730 699 1770 romanum
725 1715 1118 1786 necavissent3
1152 1734 1281 1791 quae
1318 1715 1542 1772 tametsi
1573 1732 1703 1771 cum
1751 1711 1913 1771 nullo
1945 1710 2280 1767 nominatim
2309 1727 2439 1785 age·

400 1805 494 1867 bat
509 1852 527 1881 ,
553 1829 724 1868 nemo
750 1824 937 1869 tamen
960 1810 1290 1882 dubitabat,
1318 1811 1460 1888 quin
1478 1812 1818 1869 Ciceronem
1840 1820 2064 1886 peteret
2079 1850 2095 1879 ,
2119 1807 2218 1884 qui
2245 1806 2304 1862 in
2330 1825 2437 1862 suo

401 1905 718 1981 consulatu,
740 1925 1089 1983 quamquam
1113 1926 1181 1964 ex
1205 1907 1728 1975 senatusconsultO,
1760 1918 1950 1964 tamen
1973 1902 2193 1980 injussu
2216 1903 2435 1980 populi.

402 2013 596 2057 contra
612 1999 761 2078 leges
782 2002 839 2057 in
866 2002 1017 2059 cives
1032 2000 1539 2059 animadvertisset.
1558 2001 1626 2060 Id
1651 2021 1828 2078 quum
1858 2001 1949 2078 agi
1970 1999 2195 2058 videret
2216 2000 2439 2069 Cicer0,

406 2099 641 2157 mutavit
667 2111 914 2172 vestem,
950 2113 1007 2158 et
1037 2120 1165 2157 cum
1196 2119 1302 2171 en,
1354 2101 1511 2157 velut
1543 2101 1604 2157 in
1639 2100 1927 2157 communi
1970 2098 2322 2171 calamitate,
2364 2096 2438 2154 ad

402 2193 694 2254 hominum
725 2216 803 2254 xx
835 2196 1248 2254 millia.Ve1-um
1276 2216 1453 2273 quum
1479 2216 1540 2253 se
1567 2214 1601 2252 a
1632 2200 1735 2254 Cn.
1758 2196 2063 2272 Pompeio,
2091 2200 2172 2252 M.
2204 2199 2438 2264 Crasso,

400 2291 653 2370 Gaioque
681 2297 902 2351 Caesare
934 2293 1271 2352 destitutum
1304 2291 1557 2361 videret,
1587 2313 1658 2350 ne
1686 2311 1790 2351 sua
1819 2311 1988 2349 causa
2018 2289 2199 2349 caedes
2229 2291 2436 2349 civium

398 2389 584 2461 fieret,
612 2389 941 2448 invidorum
958 2434 974 2460 ,
1000 2403 1064 2447 ut
1086 2391 1210 2467 ipse
1241 2392 1431 2467 palam
1459 2390 1742 2467 queritur,
1770 2388 2045 2461 consilio,
2075 2388 2303 2446 circiter
2334 2391 2437 2447 ka-

398 2484 595 2544 lendas
617 2487 833 2564 aprilis,
856 2486 1017 2547 Urbe
1035 2488 1236 2558 cessit,
1256 2485 1507 2549 Gabinio
1527 2499 1585 2544 et
1603 2487 1813 2546 Pisone
1832 2484 2165 2549 consulibus
2189 2507 2202 2542 2
2232 2485 2437 2543 domus

393 2582 573 2660 ipsius
596 2602 630 2640 a
663 2583 868 2644 Clodio
896 2584 1087 2642 statim
1108 2583 1339 2641 incensa
1370 2605 1383 2639 :
1407 2602 1541 2640 area
1568 2582 1849 2665 Liber-tati
1877 2594 2210 2665 consecrata
2235 2604 2248 2638 :
2281 2580 2436 2639 bona

395 2678 714 2757 publicata:
737 2680 955 2758 praedia
970 2680 1198 2759 direpta
1221 2693 1352 2737 sunt
1374 2702 1386 2736 :
1409 2680 1502 2737 lex
1530 2679 1604 2737 de
1627 2679 1750 2756 ejus
1769 2681 1969 2738 exsilio
1988 2680 2208 2758 perlata
2232 2699 2244 2733 ε
2268 2677 2437 2755 eique

398 2762 540 2853 aqua
568 2789 626 2833 et
653 2777 772 2854 igni
800 2776 1201 2835 interdictum:
1229 2770 1287 2833 et
1322 2796 1395 2834 ne
1424 2777 1554 2853 quis
1584 2788 1794 2834 tectum
1833 2777 1983 2834 intra
2020 2773 2438 2853 quadringenta

402 2873 574 2931 millia
610 2893 880 2951 passuum
924 2874 998 2933 ab
1034 2875 1203 2933 Italia
1234 2872 1523 2953 praeb'eret
1551 2895 1564 2929 :
1602 2893 1677 2932 ne
1704 2873 1831 2950 quis
1860 2872 1932 2931 ‹le
1961 2893 2031 2931 eo
2068 2872 2141 2930 ad
2175 2882 2435 2928 senatum

405 2969 667 3041 referret,
694 2991 769 3029 ne
766 2970 1161 3055 flecemeret,
1193 2991 1266 3028 ne
1311 2969 1667 3048 disputaret,
1707 2964 1783 3027 ne
1826 2969 2189 3046 loqueretur,
2227 2985 2302 3023 ne
2329 2984 2437 3042 pe·-

401 3063 564 3125 dibus
587 3069 717 3140 iret,
744 3089 815 3126 ne
842 3067 1146 3126 scribendo
1174 3067 1428 3140 adesset,
1457 3079 1526 3125 ut
1556 3068 1614 3125 in
1641 3066 1902 3124 oratione
1927 3077 2060 3142 post
2081 3064 2353 3123 Reditum
2375 3062 2462 3147 iu·

397 3175 591 3222 senatu
628 3176 686 3222 et
714 3182 824 3240 pro
856 3168 1046 3222 Domo
1079 3163 1305 3239 legitur.
1341 3163 1448 3222 Ille
1471 3181 1612 3240 ergo
1636 3162 1697 3219 in
1722 3160 2122 3220 Macedoniam
2158 3156 2441 3215 transmit-

399 3260 984 3330 tens,Thessalonicae
1011 3260 1167 3339 apud
1191 3262 1294 3317 Cn.
1312 3260 1627 3333 Plancium,
1659 3273 1782 3318 toto
1814 3259 1933 3317 fere
1960 3258 2059 3316 illo
2091 3255 2275 3315 exsilii
2299 3268 2438 3312 tem-

397 3374 540 3432 pore
571 3358 819 3417 mansit:
857 3355 1048 3424 unde,
1090 3368 1301 3435 praeter
1341 3375 1554 3433 paucas
1597 3377 1669 3414 ex
1714 3356 1920 3413 itinere
1959 3356 2185 3422 missaS,
2237 3370 2434 3408 omnes

399 3452 517 3510 fere
555 3453 688 3512 libri
720 3454 893 3531 hujus
925 3453 1179 3528 epistolae
1219 3453 1366 3511 datae
1403 3465 1553 3510 sunt.
1586 3485 1664 3495 —-
1702 3456 1918 3511 Omnes
1960 3449 2132 3527 hujus
2157 3448 2291 3506 libri
2316 3448 2438 3525 epi-

396 3550 555 3607 stolae
582 3571 733 3609 anno
762 3551 875 3628 695
906 3550 1133 3627 scriptae
1160 3561 1324 3619 sunt,
1367 3568 1546 3625 quum
1585 3549 1788 3606 Cicero
1818 3546 2122 3605 exsularet.
2167 3544 2431 3602 Priorum

395 3646 542 3704 ordo
566 3650 883 3727 paullulum
907 3647 1241 3705 invertitur:
1273 3645 1405 3705 Sch.
1432 3645 1511 3701 ita
1541 3644 1859 3702 ordinavit:
1889 3646 1921 3700 3
1942 3687 1957 3713 ,
1988 3663 2019 3698 α
2043 3686 2057 3711 ,
2102 3653 2164 3718 4,
2200 3666 2219 3699 1
2247 3688 2262 3716 ,
2297 3643 2350 3713 5,
2372 3650 2437 3721 6,

392 3757 497 3801 etc.
528 3765 655 3823 quae
686 3747 830 3805 ratio
860 3768 975 3804 non
1002 3745 1147 3804 adeo
1171 3758 1325 3806 certa
1354 3742 1584 3799 videtur
1614 3747 1665 3799 J.
1690 3748 1755 3798 V.
1785 3747 1848 3800 L.
1885 3744 1987 3799 Eu.

1124 3944 1694 3972 mma
