3023 4773
1403 253 1430 284 l

910 376 1462 460 EPISTOLAE,
1497 376 1664 460 XV,
1700 374 1766 455 4.
2270 371 2398 467 137

291 520 524 568 omnes
568 520 724 567 uno
760 518 992 593 prope
1024 517 1386 566 consensu
1422 492 1515 564 de
1560 518 1676 564 me
1722 492 1917 589 apud
1959 507 2032 564 te
2070 517 2154 564 ea
2180 547 2200 578 ‚
2240 518 2402 590 quae

286 608 443 678 mihi
469 608 918 705 optatissima
942 619 1112 677 sunt
1138 603 1670 703 praedicabunt:
1702 619 1855 674 tum
1885 603 2044 674 duae
2076 605 2404 675 maximae

284 717 615 790 clientelae
654 727 901 802 tuae27,
931 719 1214 815 Cyprus
1243 715 1475 787 insula
1503 729 1577 786 θῖ
1605 711 2073 812 Cappadociae
2098 738 2404 811 regnum

282 844 505 900 tecum
550 826 642 898 de
690 851 809 898 me
855 826 1272 924 loquentur.
1327 830 1510 896 Puto
1558 826 1773 896 etiam
1826 848 2073 922 regem
2108 825 2403 920 Dejota-

276 962 468 1023 rum,
511 938 642 1034 qui
704 938 832 1006 uni
885 934 1019 1007 tibi
1059 951 1168 1008 θεῖ
1221 937 1531 1006 maxime
1586 937 2053 1006 necessarius,
2122 938 2298 1025 Quae
2345 937 2404 1006 si

274 1048 480 1118 etiam
518 1046 791 1142 majora
835 1061 1048 1135 sunt,
1090 1061 1166 1118 et
1208 1049 1283 1116 in
1322 1045 1667 1118 omnibus
1709 1045 1985 1117 saeculis
2027 1047 2406 1142 pauciores

273 1161 395 1230 viri
435 1162 708 1258 reperti
744 1176 952 1250 sunt,
988 1165 1117 1258 qui
1148 1185 1312 1232 suas
1340 1160 1807 1259 cupiditates,
1844 1184 2065 1257 quam
2105 1164 2234 1257 qui
2269 1158 2403 1229 ho-

268 1273 478 1339 stium
512 1271 755 1367 copias
787 1271 1161 1341 vincerent
1193 1297 1209 1339 τ
1248 1286 1357 1342 θεῖ
1384 1268 1715 1369 profecto
1748 1285 1954 1340 tuum
1978 1326 1997 1358 ‚
2043 1293 2274 1367 quum
2312 1268 2407 1340 ad

266 1403 375 1448 res
407 1377 701 1450 bellicas
735 1378 929 1468 haec,
975 1405 1136 1478 quae
1176 1381 1448 1451 rariora
1485 1395 1561 1452 et
1605 1378 2010 1451 difficiliora
2043 1395 2237 1467 sunt,
2282 1405 2404 1478 ge-

266 1513 439 1559 nera
471 1491 758 1562 virtutis
801 1489 1218 1585 adjunxeris
1247 1544 1268 1579 ,
1301 1494 1489 1589 ipsas
1528 1492 1739 1562 etiam
1777 1491 1934 1562 illas
1977 1516 2093 1562 res
2134 1505 2400 1588 gestaS‚

257 1597 674 1694 justiores²⁸
722 1615 794 1671 et
838 1603 1147 1697 majores
1182 1617 1462 1701 putare.

353 1714 779 1782 Extremum
820 1712 1002 1783 illud
1048 1728 1195 1801 est,
1244 1727 1364 1801 ut,
1407 1714 1614 1811 quasi
1659 1709 1994 1783 diffidens
2041 1716 2399 1808 rogationi

261 1844 469 1908 meae,
496 1821 1035 1921 philosophiam
1075 1824 1166 1895 ad
1204 1838 1274 1894 te
1316 1823 1665 1918 allegem:
1704 1848 1851 1920 qua
1890 1848 2026 1895 nec
2059 1822 2234 1892 mihi
2278 1848 2397 1894 ca-

259 1934 407 2001 rior
436 1931 582 2003 ulla
606 1957 953 2029 umquam
984 1958 1099 2004 res
1129 1938 1205 2003 in
1234 1935 1378 2003 vita
1406 1932 1566 2022 fuit,
1585 1959 1722 2004 nec
1751 1931 2132 2003 hominum
2153 1933 2400 2029 generi

257 2044 494 2136 majus
521 2067 562 2112 a
599 2042 733 2113 diis
759 2068 1028 2115 munus
1050 2042 1283 2113 ullum
1310 2057 1419 2114 est
1450 2043 1724 2113 datum.
1762 2046 1928 2112 Haec
1966 2044 2208 2138 igitur,
2236 2066 2398 2138 quae

257 2152 434 2221 mihi
469 2165 711 2223 tecum
748 2156 1156 2224 communis
1194 2167 1344 2240 est,
1396 2153 1701 2224 societas
1735 2150 2140 2222 studiorum
2177 2167 2398 2250 atque
2453 2165 2458 2170 '

255 2263 518 2332 artium
545 2277 957 2334 nostrarum
974 2319 994 2352 ,
1014 2262 1340 2360 quibusa
1363 2264 1671 2360 pueritia
1708 2262 1930 2334 dediti
1954 2287 2035 2333 ac
2056 2260 2396 2350 devincti,

254 2372 386 2444 soli
405 2374 946 2472 propemodum
971 2399 1106 2446 nos
1128 2372 1666 2472 philosophiam
1696 2373 1888 2446 illam
1910 2399 2153 2446 veram
2174 2388 2245 2446 et
2265 2400 2395 2446 an-

250 2484 567 2580 tiquam,
610 2509 774 2582 quae
812 2484 1248 2582 quibusdam
1287 2485 1415 2554 otii
1461 2509 1616 2555 esse
1645 2508 1728 2555 ac
1758 2484 2047 2556 desidiae
2084 2483 2393 2570 videtur,

252 2598 330 2668 in
347 2596 589 2670 forum
612 2614 830 2697 atque
849 2604 922 2669 in
943 2598 1489 2697 rempublicam,
1510 2613 1728 2696 atque
1749 2600 1824 2669 in
1839 2601 2070 2697 ipsam
2085 2600 2312 2670 aciem
2325 2610 2393 2656 ²9

249 2733 458 2806 paene
492 2709 957 2797 deduximus,
1001 2726 1246 2783 tecum
1281 2712 1428 2808 agit
1462 2708 1555 2782 de
1598 2734 1759 2781 mea
1796 2710 2053 2795 laude;
2094 2710 2211 2780 cui
2257 2733 2387 2779 ne-

317 2881 408 2927 27·
435 2868 564 2914 Duoe
579 2866 836 2917 clienteloe.
862 2869 1057 2933 Cyprus
1075 2885 1128 2917 ea
1154 2883 1271 2916 can-

246 2960 297 2991 aa
314 2978 329 3003 ‚
366 2946 483 3008 quia
528 2945 637 3010 lege
676 2947 729 2995 P.
768 2948 964 3006 Clodii,
1011 2948 1189 2996 Pisone
1224 2960 1275 2997 et

247 3024 465 3073 Gabinio
505 3040 631 3074 coss.
671 3027 795 3075 Cato
829 3029 883 3075 in
917 3044 1024 3076 eam
1068 3028 1273 3076 insulam

244 3105 525 3168 profectus,
561 3106 688 3169 regis
725 3106 1002 3166 Ptolemaei‚
1049 3107 1133 3170 qni
1177 3107 1274 3154 sibi

242 3198 441 3231 veneno
460 3195 669 3232 mortem
695 3186 936 3233 conscivit
954 3219 970 3244 ,
1008 3184 1272 3248 publicatis

238 3259 413 3321 bonis,
436 3265 696 3310 maximam
724 3265 943 3329 pecuniae
960 3266 1058 3311 vim
1082 3266 1136 3312 in
1162 3281 1271 3313 aera-

238 3342 373 3390 rium
394 3343 644 3391 intulerat.
659 3344 830 3403 Citiei,
847 3344 1086 3408 quierant
1104 3344 1155 3390 in
1175 3345 1273 3408 Cy·

239 3437 335 3484 pro
364 3422 555 3480 insula,
582 3423 781 3470 Catonia
811 3422 1013 3471 clientes
1040 3420 1272 3470 dicuntur

238 3498 304 3546 de
330 3500 559 3558 Finibus,
586 3503 650 3560 V,
666 3516 755 3559 203
793 3518 857 3550 ex
877 3512 1270 3565 moreveterum,

238 3589 300 3625 nt
323 3596 540 3643 quorum
567 3596 717 3646 opera
751 3581 887 3630 natio
914 3581 1079 3645 aliqua
1104 3582 1157 3629 in
1178 3598 1270 3646 po·

238 3668 466 3707 testatem
489 3660 666 3724 populi
690 3676 816 3709 rom.
835 3661 1043 3709 venisset
1062 3695 1078 3720 ,
1100 3677 1267 3709 eorum

236 3736 294 3783 in
318 3737 546 3786 clientela
567 3751 810 3804 perpetuo
835 3751 971 3789 esset.
1004 3740 1267 3805 Cappado-

234 3816 329 3862 eiae
366 3828 528 3865 antem
565 3834 770 3882 regnum
805 3818 919 3867 ideo
954 3820 1007 3868 in
1045 3820 1269 3868 clientela

237 3894 445 3943 Catonis
460 3898 697 3961 erat‚qnia
718 3912 875 3963 regern
889 3900 1270 3948 Ariobarzanem

235 3974 552 4023 vehementer
561 3976 1270 4043 diligebatssnctorqnesenatni

234 4052 354 4118 ruit,
365 4066 418 4104 nt
427 4072 543 4105 eum
551 4056 779 4107 Ciceroni
794 4059 1168 4108 commendaret.
1178 4060 1268 4107 En.

1435 2869 1520 2916 28.
1536 2864 1789 2914 Iustior-es.
1812 2866 1945 2913 Male
1962 2856 2216 2915 Manutius
2231 2865 2394 2929 legen-

1362 2946 1479 2994 dnm
1506 2944 1711 3010 putabat
1738 2944 2038 2992 illustriores.
2066 2947 2117 2992 J.
2134 2947 2197 2993 V.
2231 2946 2288 2992 L.
2322 2970 2394 2979 —-

1360 3027 1492 3073 Bene
1532 3006 1785 3073 Ernestius
1819 3021 1946 3070 vidit
1979 3022 2078 3071 hoe
2115 3024 2285 3071 referri
2326 3021 2388 3069 ad

1358 3107 1476 3154 istas
1494 3092 1762 3154 formulas:
1788 3126 1813 3145 α
1820 3104 1953 3164 juata
1981 3102 2186 3150 victoria
2199 3136 2215 3163 ,
2225 3102 2388 3163 justus

1358 3185 1636 3250 triumphus
1646 3208 1689 3231 ι.
1705 3177 1815 3232 Ἐκ).

1432 3282 1516 3329 29.
1547 3269 1605 3313 In
1633 3265 1791 3330 ipsam
1829 3261 2003 3312 aciem.
2037 3261 2155 3311 otio
2185 3269 2235 3307 et
2261 3258 2387 3307 deai-

1359 3344 1477 3404 diae,
1500 3347 1691 3404 sorum,
1714 3344 2085 3410 rempublicam,
2110 3341 2265 3389 aciem
2290 3356 2387 3404 op-

1357 3426 1521 3489 ponit.
1544 3425 1718 3473 Aciem
1740 3436 1903 3473 autem
1939 3439 2029 3487 pro
2059 3437 2243 3469 summa
2271 3435 2390 3468 con-

1360 3505 1577 3552 tentione
1613 3505 1810 3568 posuit,
1859 3518 1961 3549 non
2005 3500 2144 3564 quasi
2194 3501 2388 3548 tertium

1358 3582 1594 3646 quiddam
1611 3618 1625 3644 ,
1647 3600 1675 3631 a
1696 3581 1890 3630 dnobus
1905 3580 2128 3645 proxime
2147 3579 2315 3637 dictis,
2335 3578 2389 3626 id

1357 3672 1458 3720 est,
1495 3678 1523 3709 a
1551 3663 1663 3709 foro
1689 3671 1737 3708 et
1767 3675 1795 3706 a
1823 3658 2072 3722 republica
2102 3659 2348 3706 diversum
2368 3692 2384 3717 ,

1357 3740 1443 3789 aed
1465 3739 1603 3804 quod
1627 3751 1678 3788 et
1698 3740 1808 3787 foro
1835 3749 1883 3786 et
1911 3737 2192 3803 reipublicae
2211 3740 2387 3801 iunga-

1359 3832 1437 3869 tur
1459 3837 1473 3871 τ
1503 3820 1645 3885 quasi
1671 3819 1852 3867 dixerit
1871 3855 1885 3881 ,
1915 3818 1968 3866 in
1990 3818 2197 3878 majores
2218 3828 2267 3864 et
2288 3817 2384 3865 sori

1358 3912 1408 3949 et
1433 3899 1716 3964 reipublicae
1744 3898 2097 3946 contentiones.
2115 3898 2225 3959 Qua
2252 3897 2383 3943 simi-

1357 3978 1566 4027 litudine
1616 3977 1704 4027 lib.
1749 3979 1771 4024 1
1815 3976 1876 4025 de
1919 3979 2056 4026 Orat.
2102 3998 2127 4017 α
2147 3976 2385 4023 forensem

1359 4059 1549 4105 aciem-a
1578 4057 1854 4123 appellavit.
1875 4055 2269 4108 λαμπρ-Λάσου
2295 4054 2385 4102 ali-
