3023 4773
576 416 714 508 370
1212 407 1308 473 M.
1363 405 1437 470 T.
1496 394 2053 469 CICERONIS

573 535 644 605 id
683 532 1013 631 quidem,
1042 526 1323 597 nummi
1355 523 1599 621 potius
1635 516 2031 597 reddantur
2048 515 2102 599 ⁴,
2128 532 2347 607 quam
2380 508 2572 579 ullus
2610 508 2700 575 sit

575 640 983 740 scrupulus.
1025 634 1249 707 Valde
1292 633 1434 703 hoc
1478 630 1690 702 velim
1724 641 1917 707 ante,
1953 647 2174 721 quam
2211 618 2703 718 proficiscare,

574 768 932 837 amanter,
994 763 1076 819 ut
1135 746 1358 829 soles»,
1412 742 1937 838 diligenterque
1990 733 2350 806 conficias..
2407 727 2703 800 Clodius

573 887 778 960 erg0‚
803 875 887 931 ut
915 862 1043 942 ais,
1070 855 1160 927 ad
1180 852 1609 951 Tigranem?
1636 850 1847 935 velim
1875 848 2176 945 Syspirae
2194 840 2221 885 ⁵
2251 840 2699 913 conditione:

573 974 695 1045 sed
745 970 951 1041 facile
1000 961 1300 1064 patim-⁶.
1350 960 1982 1033 Accommodatius
2036 959 2231 1026 enim
2274 950 2485 1023 nobis
2524 954 2700 1020 erit7

574 1084 660 1154 ad
692 1080 991 1152 liberam
1019 1076 1446 1171 legationem
1484 1088 1772 1167 tempus
1795 1066 2010 1155 illud,
2036 1090 2266 1164 quum
2295 1078 2367 1135 et
2391 1063 2703 1153 Quintus

575 1208 824 1263 noster
858 1190 1035 1284 jam,
1074 1199 1155 1256 ut
1201 1207 1606 1283 speramus»,
1647 1184 1723 1249 in
1756 1183 1908 1252 otio
1942 1174 2377 1259 consederit,
2433 1187 2537 1257 et,
2574 1174 2706 1240 iste

579 1294 952 1372 sacerdos⁸
984 1301 1193 1366 Bonae
1216 1299 1407 1379 Deae,
1443 1293 1650 1386 cnjus
1678 1289 1877 1359 modi
1903 1290 2188 1359 futurus
2216 1289 2335 1370 sit,
2373 1286 2700 1354 sciemus,
2744 1319 2749 1322 >

559 1398 906 1482 ‘imm-229
943 1405 1239 1504 quidem
1279 1427 1444 1476 cum
1485 1407 1708 1472 Musis
1746 1423 1879 1470 nos
1916 1396 2434 1469 delectabimus
2466 1394 2709 1463 animo

582 1544 830 1617 aequ0‚
890 1521 1039 1587 imo
1099 1538 1270 1587 vero
1322 1514 1536 1583 etiam
1593 1508 1937 1607 gaudenti
1990 1532 2071 1578 ac
2126 1504 2400 1577 libenti.
2457 1507 2709 1598 Neque

581 1630 754 1702 mihi
779 1650 1124 1724 umquam
1159 1625 1400 1695 veniet
1426 1626 1500 1691 in
1535 1634 1852 1691 mentem
1886 1622 2145 1688 Crasso
2179 1614 2545 1695 invidere,
2580 1638 2707 1682 ne-

584 1765 729 1837 que
767 1740 1155 1837 poenitere,
1200 1730 1399 1829 quod
1461 1756 1499 1799 a
1547 1754 1660 1799 me
1700 1731 1853 1826 ipse
1909 1752 2056 1799 non
2103 1726 2551 1798 desciverim.
2602 1727 2711 1792 De

655 1925 704 1971 4.
735 1911 933 1961 Nummi
949 1909 1114 1972 pocius
1139 1905 1419 1953 reddamur.
1455 1907 1601 1959 Hunc
1688 1902 1809 1951 mihi
1827 1923 1868 1950 ιο.
1886 1903 2111 1949 Gronov.
2137 1900 2339 1961 conjicit
2359 1897 2535 1962 Scepsii
2546 1897 2713 1945 condi-

583 1999 746 2043 locum
787 2001 916 2038 recte
953 1988 1073 2034 mihi
1109 1985 1372 2048 explicasse
1414 1980 1605 2031 videtur
1691 1982 1847 2035 done,
1874 1981 1924 2029 h.
1944 2000 1985 2028 e.
2010 1991 2063 2027 ut
2089 1980 2293 2029 Clodius
2312 1978 2362 2025 in
2391 1994 2444 2025 ea
2472 1976 2714 2041 legatione

585 2078 844 2121 Goveanus
863 2070 967 2117 sine
992 2067 1092 2114 ulla
1111 2065 1363 2130 scripturae
1380 2065 1609 2112 mutatio-
1692 2063 1916 2128 perierit,
1954 2061 2080 2108 sicut
2112 2058 2429 2110 Metrodorus
2462 2057 2714 2121 Scepsius,

587 2169 661 2200 ne.
690 2153 886 2198 Bonus.
909 2174 980 2184 -—
995 2146 1225 2195 Solvatur
1250 2144 1435 2192 Titinio
1462 2143 1608 2207 quid-

586 2231 706 2294 quid
724 2233 767 2277 ei
795 2228 1018 2287 debetur,
1044 2239 1096 2274 ut
1116 2226 1205 2273 hac
1223 2224 1443 2271 molestia
1462 2223 1606 2288 plane

586 2310 774 2358 liberati
806 2309 971 2355 simus.
1009 2307 1176 2367 Quum
1205 2303 1267 2351 ab
1298 2304 1462 2366 aliquo
1491 2303 1608 2350 emi·

591 2406 696 2437 mus
721 2388 860 2452 quod
883 2386 989 2450 ipse
1015 2383 1077 2431 ab
1106 2384 1205 2432 alio
1229 2394 1407 2431 emerat
1426 2417 1442 2442 ,
1469 2397 1609 2432 num-

590 2485 694 2517 mos
732 2470 776 2516 ei
809 2482 923 2515 suos
958 2464 1223 2514 reddimus.
1266 2462 1521 2511 Terentius
1556 2461 1608 2512 in

591 2548 849 2612 Adelphis,
879 2548 927 2593 11
944 2579 958 2600 ,
998 2558 1042 2598 1,
1067 2546 1134 2598 45
1154 2558 1167 2590 t
1192 2565 1216 2584 ιι
1238 2543 1355 2590 Haec
1378 2531 1611 2608 tantiddn

590 2639 801 2692 emptam
821 2625 1035 2689 postulat
1057 2622 1151 2669 sibi
1175 2622 1370 2669 tradier.
1392 2625 1495 2684 Age
1511 2621 1611 2680 Jsm

591 2707 767 2771 cupio,
793 2704 941 2752 modo
961 2712 1211 2765 argentum
1232 2700 1456 2747 reddat».
1474 2702 1613 2747 Scru-

592 2786 736 2850 pulus
756 2795 916 2832 autem
945 2782 1126 2830 dicitnr
1143 2777 1433 2848 dffculms,
1459 2789 1509 2826 et
1527 2793 1615 2824 no-

594 2867 709 2923 dus,
735 2865 820 2928 qui
849 2879 938 2910 nos
969 2862 1090 2909 male
1119 2861 1284 2908 babet.
1321 2861 1613 2908 Govimms.

592 2973 661 2984 --
679 2944 896 2991 Omnino
919 2941 1017 3006 leg.
1041 2939 1308 2988 addantur.
1328 2942 1377 2989 J.
1403 2941 1466 2986 V.
1487 2940 1543 2984 L.

663 3027 715 3074 5.
746 3022 896 3072 Velim
919 3022 1140 3087 &spir-ce.
1166 3020 1349 3084 Mirum
1372 3028 1442 3066 est
1467 3031 1612 3079 quam

594 3104 735 3152 valde
773 3103 869 3150 boc
909 3102 1022 3149 loco
1069 3101 1258 3148 varient
1296 3098 1614 3160 exemplaria;

593 3183 682 3230 alia
699 3184 827 3230 enim
840 3181 1037 3236 babent,
1055 3182 1219 3243 Sjrrpae
1233 3196 1251 3232 ,·
1266 3178 1357 3224 alia
1371 3212 1384 3234 ‚
1403 3177 1585 3240 &rpite
1596 3195 1612 3228 ,·

594 3263 833 3327 quaedsm,
852 3261 1068 3325 &spx-icc.
1087 3258 1291 3321 Srspiroe
1318 3257 1401 3304 dat
1429 3257 1615 3305 Rosius.

595 3345 835 3392 Nimirum
858 3340 1051 3404 Syspira
1070 3348 1140 3385 est
1156 3338 1323 3395 locus,
1347 3348 1430 3386 aut
1451 3337 1618 3400 potius

600 3434 779 3471 tractus
805 3420 1046 3471 Armeniae
1068 3416 1269 3465 celebris
1290 3418 1393 3463 auri
1418 3417 1614 3470 fodinis.

603 3503 782 3551 Probat
796 3500 1033 3564 Mongnlt.
1054 3499 1381 3558 conjecturam
1396 3499 1616 3560 Popmae,

533 3621 536 3628 .
606 3604 625 3622 ι
651 3583 810 3630 Velim
838 3581 969 3644 surpi
1007 3596 1058 3626 ea
1099 3578 1384 3628 conditione
1401 3598 1456 3637 n,
1483 3576 1619 3640 quod

604 3677 774 3725 parum
794 3677 820 3707 a
842 3661 988 3707 veteri
1017 3661 1253 3721 scriptura
1279 3657 1475 3705 recedit.
1504 3655 1618 3703 Clo-

604 3739 727 3794 dius,
746 3739 900 3800 inquit
916 3774 929 3795 ‚
944 3740 1034 3784 erit
1052 3737 1234 3800 legatus
1252 3725 1313 3783 ad
1332 3735 1620 3799 Tigranem?

605 3819 705 3881 ipse
732 3818 875 3865 velim
892 3833 945 3864 ea
973 3817 1212 3881 legatione
1236 3831 1311 3863 me
1327 3814 1442 3862 hinc
1459 3814 1619 3861 ebdu-

607 3911 712 3942 cere
729 3932 743 3954 ‚
789 3907 837 3941 et
879 3896 940 3943 ab
983 3897 1073 3944 bsc
1109 3895 1362 3943 hominum
1404 3893 1621 3941 satietate

602 3976 756 4022 nostri
796 3974 1055 4024 discedere.
1090 3977 1260 4039 Surpio
1297 3985 1454 4021 autem
1498 3973 1622 4020 dixit

605 4072 696 4120 pro
733 4052 967 4116 surripio,
1008 4067 1064 4102 ut
1096 4058 1263 4102 Horat.
1298 4076 1321 4094 ‹-
1343 4054 1504 4100 Unnm
1547 4068 1622 4098 me

605 4136 786 4199 surpite
806 4135 949 4181 morti
968 4149 1015 4188 »ς
1031 4145 1130 4189 et‚·‹
1147 4134 1267 4193 Quae
1282 4151 1355 4180 me
1369 4133 1622 4195 surpuerat

1697 2142 1757 2189 de
1787 2156 1887 2205 quo
1925 2138 2171 2187 Plutarch.
2213 2138 2264 2185 in
2306 2136 2498 2186 Lucull.
2540 2152 2585 2184 c.
2629 2151 2712 2183 22.

1696 2222 1852 2283 Quam
1895 2220 2224 2280 conjecturam
2264 2215 2473 2280 probant
2510 2214 2622 2261 sch.
2667 2226 2713 2260 et

1694 2301 1726 2348 J
1731 2302 1806 2347 Ν.
1830 2301 1880 2348 L.
1898 2296 2168 2347 Eue-Alia
2195 2296 2339 2343 etiam
2365 2295 2446 2342 alii
2473 2296 2714 2357 excogita-

1698 2390 1885 2428 verunt.

1769 2460 1819 2508 6.
1847 2455 2291 2522 Sedsace‘lepatior.
2321 2455 2550 2504 Clodium
2569 2452 2717 2518 pross-

1699 2540 1815 2587 cisci
1852 2554 2014 2599 nunc,
2049 2548 2099 2585 et
2127 2553 2203 2583 me
2237 2552 2426 2584 manere
2467 2536 2519 2581 in
2556 2533 2721 2587 Urbe,

1699 2603 1862 2683 quood
1883 2617 1964 2664 ille
1983 2617 2147 2664 redeat
2162 2633 2223 2663 ex
2240 2616 2484 2664 Armenia.
2506 2615 2585 2662 Ad
2599 2614 2718 2662 libe·

1701 2714 1804 2745 ram
1830 2699 1959 2745 enim
1987 2696 2273 2759 legationem
2291 2730 2305 2752 ,
2333 2711 2475 2758 quem
2500 2698 2719 2760 accipere

1702 2777 1843 2834 volo,
1869 2787 2061 2839 tempus
2084 2774 2212 2822 illud
2237 2791 2381 2837 quem
2408 2774 2503 2821 hoc
2527 2791 2717 2824 accom-

1703 2855 1949 2903 modatius
1975 2865 2071 2914 est;
2099 2870 2209 2901 nam
2240 2864 2287 2900 et
2316 2855 2378 2915 Q.
2406 2854 2552 2901 frater
2572 2855 2669 2914 jam
2694 2872 2719 2900 c

1703 2933 1957 2998 provincia
1980 2934 2074 2980 erit
2094 2947 2311 2979 reversus
2327 2967 2341 2988 ,
2357 2942 2406 2979 et
2426 2935 2611 2996 poterit
2622 2935 2718 2994 jsm

1701 3025 1803 3078 tum
1834 3013 2042 3076 intelligi
2072 3028 2326 3060 mecumue
2365 3013 2493 3062 volet
2520 3014 2722 3072 Clodius

1702 3093 2012 3141 contendere.
2031 3094 2290 3157 Legatione
2311 3093 2503 3141 volebat
2522 3096 2595 3143 M.
2611 3095 2723 3141 'rul-

1703 3173 1796 3221 lius
1838 3173 2137 3236 periculum,
2175 3172 2310 3235 qnod
2347 3188 2372 3219 ι
2405 3173 2580 3221 Clodio
2628 3176 2719 3220 im-

1704 3253 1971 3317 pendebat,
1995 3253 2252 3302 declinare.
2281 3255 2441 3315 Quare
2462 3264 2563 3299 tum
2584 3253 2719 3301 vole-

1705 3332 1789 3381 bat
1806 3334 1969 3381 abesse
1988 3334 2049 3381 ab
2063 3333 2197 3382 Urbe
2209 3369 2223 3390 ,
2240 3350 2386 3398 quum
2399 3332 2449 3379 in
2464 3332 2583 3379 urbe
2598 3345 2720 3381 esset

1708 3413 1939 3472 Clodius,
1987 3431 2087 3461 non
2120 3430 2270 3477 quum
2315 3413 2515 3461 abesset.
2557 3415 2723 3475 Quum

1708 3509 1824 3556 ergo
1849 3493 2037 3541 audivit
2061 3493 2290 3542 Clodium
2318 3494 2446 3542 mitti
2472 3494 2533 3541 ad
2560 3495 2725 3566 Tigre·

1708 3588 1817 3620 nem
1832 3608 1846 3632 ‚
1873 3572 2196 3621 differendum
2223 3573 2315 3620 sibi
2338 3572 2592 3638 legationis
2609 3584 2725 3620 tem-

1706 3668 1799 3715 pus
1824 3653 1875 3698 in
1895 3651 2057 3698 Clodii
2075 3652 2283 3700 reditum
2310 3654 2516 3715 putavit.
2545 3654 2674 3699 Gor.

1782 3747 1827 3788 7.
1858 3729 2003 3793 Vulg.
2030 3742 2113 3778 est.
2138 3733 2187 3779 J.
2217 3732 2280 3777 V.
2311 3734 2363 3779 L.

1783 3813 1829 3859 8.
1857 3811 2116 3859 Sacerdos.
2149 3814 2201 3859 P.
2236 3812 2438 3860 Clodius
2463 3811 2727 3878 εἰρωνικῶς,

1711 3903 1764 3939 ut
1798 3901 1921 3937 orat.
1955 3889 2015 3936 de
2043 3890 2236 3954 republ.
2270 3903 2317 3939 et
2348 3907 2439 3955 pro
2468 3894 2597 3939 sext.
2627 3902 2725 3937 stu-

1706 3987 1904 4035 prorum
1931 3970 2157 4017 sacerdos
2180 3972 2467 4033 appellatur.
2497 3973 2661 4020 con.

1783 4068 1830 4112 9.
1860 4051 1987 4104 Alii,
2015 4073 2039 4089 «
2060 4051 2249 4098 futurus
2279 4053 2381 4112 ejus
2407 4052 2486 4098 sit.
2515 4053 2727 4105 Interes,

1708 4139 1847 4178 ‘etca-
1866 4132 1917 4180 J.
1940 4131 2005 4179 V.
2030 4134 2083 4177 L.
