3023 4773
655 398 785 480 142
1273 395 1368 461 M.
1423 394 1498 459 T.
1558 393 2150 462 CICERONIS

643 516 734 588 ad
761 539 879 586 me
916 515 1313 612 perscripta
1346 537 1386 583 a
1417 513 1598 584 meis
1634 511 2072 584 necessariis.
2115 508 2258 583 Sed
2291 534 2576 583 causam
2605 536 2789 583 meae

643 626 1070 711 voluntatiS,
1115 649 1267 694 non
1308 624 1505 694 enim
1538 621 1770 693 dicam
1805 620 2221 719 cupiditatis
2244 676 2263 708 ,
2306 623 2609 719 exposui
2647 621 2791 692 tibi

644 732 1140 834 superioribus
1173 734 1397 805 literis
1428 760 1443 803 ε
1475 758 1639 830 quae
1667 733 1945 804 etiamsi
1973 756 2227 830 parum
2255 732 2449 827 justa
2477 731 2610 803 tibi
2636 734 2792 803 visa

645 861 788 934 est,
834 844 1021 915 hanc
1061 859 1304 915 tamen
1348 842 1571 915 habet
1610 847 2004 928 rationem,
2046 867 2196 912 non
2231 857 2315 912 ut
2357 842 2574 912 nimis
2615 867 2790 913 con·

643 954 1128 1054 cupiscendus
1154 953 1393 1026 honos
1414 1008 1433 1041 ,
1464 949 1588 1026 sed
1631 969 1874 1025 tamen
1896 1008 1917 1042 ,
1943 954 2004 1025 si
2039 952 2408 1025 deferatur
2432 978 2472 1023 a
2500 969 2794 1041 senatu,

640 1067 940 1137 minime
966 1061 1462 1162 aspernandus
1485 1089 1641 1136 esse
1666 1064 2010 1135 videatur.
2037 1067 2265 1160 Spero
2289 1077 2556 1150 autem,
2582 1062 2789 1132 illum

640 1176 1016 1262 ordinem,
1048 1198 1183 1271 pro
1220 1175 1398 1245 meis
1432 1173 1531 1244 ob
1568 1171 2097 1273 rempublicam
2138 1174 2483 1269 susceptis
2520 1171 2794 1243 labori-

641 1284 815 1372 bus,
867 1309 985 1355 me
1024 1307 1178 1353 non
1216 1282 1600 1381 indignum
1637 1282 1921 1355 honore
1940 1281 1996 1370 ⁶,
2037 1283 2305 1354 usitato
2342 1288 2743 1382 praesertim
2773 1340 2794 1373 ,

643 1397 1241 1467 existimaturum.
1291 1392 1515 1484 Quod
1559 1398 1616 1465 si
1657 1395 1755 1464 ita
1791 1398 1968 1481 erit,
2012 1408 2295 1465 tantum
2335 1419 2426 1464 ex
2461 1407 2535 1474 te
2572 1409 2748 1492 peto
2773 1450 2793 1481 ,

644 1505 849 1603 quod
884 1506 1310 1577 amicissime
1343 1503 1630 1592 scribiS,
1667 1519 1751 1574 ut
1772 1558 1791 1591 ,
1822 1528 2055 1601 quum
2082 1518 2213 1575 tuo
2236 1504 2549 1599 judici0,
2583 1504 2796 1601 quod

643 1614 1169 1712 amplissimum
1232 1639 1386 1687 esse
1450 1613 1857 1700 arbitrariS,
1910 1614 2091 1685 mihi
2142 1613 2516 1702 tribueris;
2561 1617 2618 1685 si
2675 1615 2793 1704 id,

645 1721 848 1818 quod
886 1725 1213 1795 maluero
1236 1779 1256 1812 ,
1289 1723 1587 1812 accidit,
1611 1723 1950 1822 gaudeas.
1996 1725 2111 1795 Sic
2153 1729 2346 1795 enim
2382 1723 2632 1797 fecisse
2675 1739 2752 1798 te
2774 1781 2795 1815 ,

591 1889 599 1900 .
642 1835 1102 1922 etsensisse,
1160 1848 1233 1906 et
1275 1837 1558 1906 verius7
1617 1835 1983 1933 scripsisse
2025 1832 2276 1921 video;
2324 1858 2591 1931 resque
2636 1837 2796 1932 ipsa

644 1943 998 2033 declarat,
1041 1945 1170 2017 tibi
1210 1946 1420 2016 illum
1463 1945 1822 2017 honorem
1867 1959 2202 2017 nostrum
2244 1944 2798 2043 supplicationis

638 2053 1047 2150 jucundum
1087 2054 1306 2128 fuisse
1334 2111 1353 2144 ,
1397 2055 1602 2153 quod
1639 2055 2025 2128 scribendo
2062 2054 2350 2127 affuisti.
2390 2061 2555 2128 Haec
2593 2060 2794 2127 enim

645 2167 1318 2256 senatusconsulta,
1379 2192 1533 2237 non
1589 2169 1886 2265 ignom,
1938 2165 2031 2238 ab
2090 2167 2536 2239 amicissimis
2595 2166 2795 2261 ejus,

645 2276 855 2371 cujus
887 2276 978 2348 de
1012 2276 1293 2350 honore
1325 2279 1586 2376 agitur,
1627 2276 1843 2350 scribi
1881 2277 2135 2349 solere.
2182 2282 2369 2374 Ego,
2412 2290 2494 2346 ut
2529 2300 2746 2374 spero
2771 2331 2796 2365 ,

643 2402 718 2459 te
758 2386 1185 2486 propediem
1231 2386 1544 2479 videbo;
1608 2404 1831 2497 atque
1873 2393 2151 2461 utinam
2205 2385 2581 2487 republica
2633 2412 2800 2460 me-

646 2498 829 2571 liore
852 2552 872 2587 ,
915 2524 1138 2596 quam
1174 2499 1439 2572 timeo!

641 2722 922 2768 Pronomen
960 2718 1088 2768 illud
1127 2736 1232 2769 nou
1266 2736 1524 2770 commune
1539 2757 1554 2782 ‚
1588 2720 1674 2769 sed
1837 2738 1884 2782 7.
1905 2719 2089 2770 Verius.
2108 2720 2244 2784 Quid
2262 2719 2361 2768 boc
2371 2717 2538 2766 verius
2550 2714 2798 2781 signifieat

643 2800 886 2862 singulare
927 2798 1162 2863 quiddam
1202 2799 1284 2847 hie
1332 2800 1583 2865 designat:
1618 2812 1675 2849 ut
1760 2800 1991 2851 Sebiitzio
2009 2800 2272 2850 obscurum
2290 2799 2501 2848 videtur.
2519 2798 2798 2862 Quomodo

645 2878 792 2942 epist.
811 2894 843 2941 9
868 2876 1096 2926 lib.vm
1122 2893 1134 2929 :
1169 2881 1260 2927 «Si
1286 2879 1349 2927 sd
1375 2879 1508 2927 illam
1544 2897 1674 2929 sum·
1761 2881 1890 2929 euim
1917 2880 2092 2946 aliquis
2110 2880 2277 2929 verius
2307 2880 2555 2944 scripsisse
2580 2877 2796 2938 dic-mr,

646 2972 777 3007 mam
809 2956 1059 3006 veritatem
1088 2957 1361 3022 legitimum
1383 2961 1465 3021 jus
1498 2976 1671 3025 exege-
1759 2976 1906 3025 quam
1925 2962 2142 3009 semisse.
2161 2963 2290 3024 Ergo
2309 2959 2515 3020 conjicit
2529 2956 2797 3023 legendum

644 3036 772 3087 ris».
801 3038 865 3084 Et
888 3052 983 3101 pro
1006 3038 1280 3089 Marcello:
1309 3062 1334 3082 α
1352 3039 1442 3088 m·
1469 3040 1574 3105 ipsa
1603 3057 1673 3088 re·
1759 3041 1968 3089 uberius.
1995 3041 2063 3089 Ut
2090 3056 2198 3105 sup.
2221 3057 2299 3104 ep.
2321 3041 2351 3088 5
2371 3054 2385 3090 ε
2419 3041 2636 3089 -Contn
2671 3053 2801 3085 eon·

642 3132 750 3164 rum
788 3117 1106 3183 humanarum
1151 3117 1352 3166 domim
1398 3122 1611 3168 Fortuna
1631 3139 1670 3167 n.
1758 3121 2066 3169 suetudinem
2100 3136 2258 3169 meam
2292 3119 2517 3184 pluribus
2554 3117 2732 3182 scripsi
2749 3138 2794 3165 ιο.

645 3196 708 3244 Et
732 3195 866 3243 alibi.
884 3198 1030 3246 Mu.
1759 3199 1948 3247 Eodem
1984 3199 2086 3247 fere
2122 3216 2269 3248 sensu
2309 3199 2426 3247 alibi
2454 3197 2608 3263 Appii
2635 3196 2799 3243 literae

716 3274 766 3323 6.
793 3275 1005 3323 Honore.
1026 3276 1329 3340 Triumpho:
1357 3291 1468 3323 -m
1485 3278 1672 3342 suppli·
1760 3278 1995 3327 dicuntur
2029 3280 2254 3346 «plenius
2277 3291 2326 3328 et
2351 3277 2550 3328 uberius
2564 3300 2589 3321 ι·
2613 3276 2797 3341 loquu-

645 3352 886 3402 cntionem
904 3365 1098 3403 senatus
1114 3354 1218 3420 jam
1236 3354 1530 3405 decreverat.
1757 3368 1840 3407 τε.
1861 3361 1958 3409 En.
