3023 4773
754 385 831 451 T.
882 382 1414 455 POMPONII
1473 383 1840 454 ATTICI.
2226 409 2361 481 217

250 504 661 603 dignitatem
695 533 711 574 :
754 503 957 602 quod
987 529 1228 603 neque
1259 509 1407 604 peti
1444 530 1647 577 more
1690 506 2047 600 majorum
2070 558 2089 589 ‚
2127 530 2366 604 neque

255 617 394 711 capi
433 628 767 710 possent,
806 618 1247 686 conservatis
1285 614 1600 713 legibus,
1645 620 1721 707 in
1765 630 1910 686 tam
1944 614 2188 687 effusis
2224 642 2370 687 am-

252 722 432 793 bitus
479 723 986 820 largitionibus
1011 780 1031 812 ,
1072 750 1311 823 neque
1353 729 1501 822 geri
1550 751 1589 795 e
1639 725 2010 823 republica
2048 730 2202 798 sine
2244 726 2373 826 pe-'

248 833 495 920 riculo,
522 837 885 931 corruptis
900 836 1203 906 civitatis
1217 836 1566 907 moribus,
1579 834 1684 906 Ad
1704 836 1980 908 hastam
2006 836 2366 935 publicam

249 968 644 1040 numquam
669 947 984 1015 accessit.
1004 944 1286 1016 Nullius
1304 949 1408 1016 rei
1430 970 1671 1055 neque
1693 970 1894 1043 praeS,
1912 970 2151 1043 neque
2170 970 2369 1015 man-

252 1077 412 1150 ceps
448 1049 677 1122 factus
720 1068 847 1123 est.
884 1055 1267 1125 Neminem
1308 1079 1547 1152 neque
1584 1079 1717 1127 suo
1755 1059 2079 1138 nomine,
2132 1076 2371 1152 neque

252 1160 709 1234 subscribens
736 1167 1115 1235 accusavit
1150 1171 1236 1236 In
1268 1165 1387 1260 jus
1417 1164 1506 1237 de
1545 1190 1672 1237 sua
1703 1191 1781 1237 re
1819 1191 2221 1264 numquam
2254 1170 2373 1250 iit3

248 1271 597 1367 judicium
639 1273 918 1343 nullum
957 1272 1235 1344 habuit.
1275 1274 1678 1346 Multorum
1712 1276 2130 1363 consulum,
2188 1299 2371 1372 prae·

257 1397 639 1478 torumque
663 1382 1122 1480 praefecturas
1140 1381 1407 1455 delatas
1431 1386 1533 1455 sic
1559 1388 1838 1482 accepit·
1854 1440 1873 1473 ‚
1907 1400 1992 1455 ut
2008 1387 2372 1455 neminem

256 1496 322 1562 in
353 1495 798 1591 provinciam
826 1496 919 1564 sit
947 1508 1335 1590 sequutus,
1379 1493 1662 1565 honore
1703 1492 1920 1566 fuerit
1950 1507 2334 1564 contentus
2357 1548 2377 1576 ‚

255 1604 349 1671 rei
380 1600 749 1672 familiaris
786 1602 1191 1700 despexerit
1225 1601 1540 1675 fructum
1566 1658 1585 1691 ‚
1617 1604 1745 1701 qui
1773 1629 1865 1675 ne
1896 1628 2062 1674 cum
2094 1605 2181 1693 Q.
2221 1607 2376 1700 qui·

259 1711 415 1783 dem
451 1713 800 1784 Cicerone
843 1713 1153 1784 voluerit
1190 1708 1294 1784 ire
1331 1718 1408 1783 in
1431 1717 1694 1803 Asiam,
1716 1736 1947 1812 quum
1974 1712 2169 1812 apud
2210 1738 2377 1784 eum

256 1822 460 1919 legati
493 1822 736 1894 locum
782 1822 1114 1895 obtinere
1144 1840 1405 1922 posset.
1441 1830 1606 1896 Non
1639 1829 1835 1898 enim
1873 1825 2129 1897 decere
2167 1849 2242 1894 se
2277 1847 2382 1893 ar-

257 1931 679 2021 biti-abatur,
695 1958 924 2030 quum
957 1949 1339 2031 praeturam
1368 1960 1615 2033 gerere
1651 1937 2024 2035 noluisset,
2043 1934 2379 2007 asseclam

258 2066 406 2113 esse
425 2046 774 2140 praetoriS.
809 2044 967 2132 Qua
997 2048 1075 2114 in
1100 2069 1176 2115 re
1206 2071 1358 2115 non
1387 2046 1622 2116 solum
1652 2047 1981 2142 dignitati
2002 2042 2379 2128 serviebat,

259 2151 376 2222 sed
411 2156 627 2223 etiam
656 2152 1175 2251 tranquillitati,
1194 2179 1422 2251 quum
1461 2159 1909 2252 suspiciones
1946 2176 2243 2251 quoque
2274 2156 2383 2221 vi-

259 2277 437 2333 taret
469 2267 860 2334 criminum
893 2292 909 2334 :
948 2290 1098 2361 quo
1134 2263 1386 2353 fiebat,
1433 2280 1514 2336 ut
1551 2266 1704 2360 ejus
1741 2264 2193 2336 observantia
2222 2288 2379 2334 om-

260 2372 470 2446 nibus
498 2391 686 2446 esset
711 2371 1192 2473 carior,qu'um
1222 2402 1377 2448 eam
1397 2375 1663 2466 officio,
1686 2403 1834 2449 non
1861 2379 2127 2465 timori,
2143 2372 2380 2473 neque

262 2488 408 2582 spei
437 2484 665 2556 tribui
697 2485 1048 2557 viderent.

351 2597 506 2664 VII.
529 2595 792 2666 Incidit
827 2597 1304 2666 Caesarianum
1345 2593 1553 2665 civile
1586 2592 1895 2682 bellum,
1918 2618 2144 2691 quum
2176 2590 2383 2662 habe·

262 2717 371 2773 ret
396 2728 630 2773 annos
655 2707 940 2775 circiter
964 2706 1349 2800 sexaginta.
1377 2709 1568 2775 Usus
1594 2718 1702 2775 est
1728 2707 1949 2776 aetatis
1979 2707 2385 2787 vacatione,

267 2837 499 2910 neque
536 2840 614 2885 se
652 2839 1027 2912 quoquam
1070 2818 1300 2885 movit
1349 2839 1435 2884 ex
1481 2812 1685 2885 urbe.
1734 2818 1910 2906 Quae
1948 2818 2192 2885 amicis
2238 2815 2385 2883 suis

270 2948 439 3020 opus
470 2922 760 2995 fuerant
788 2923 877 2995 ad
905 2927 1330 3021 Pompeium
1359 2921 2002 3021 proficiscentibuS,
2024 2925 2269 2994 omnia
2297 2947 2385 2991 ex

273 3056 386 3103 sua
421 3058 501 3104 re
533 3032 867 3104 familiari
904 3032 1123 3104 dedit.
1165 3040 1413 3132 Ipsum
1450 3038 1875 3133 Pompeium
1919 3035 2390 3128 conjunctum

269 3166 409 3212 non
449 3140 778 3214 offendit.
813 3143 1115 3215 Nullum
1160 3145 1349 3213 enim
1389 3143 1482 3215 ab
1522 3169 1609 3215 eo
1649 3142 1962 3215 habebat
2001 3167 2389 3213 ornamen-

275 3267 451 3342 tum,
487 3269 571 3324 ut
608 3257 860 3341 ceteri,
903 3259 1030 3350 qui
1063 3278 1195 3351 per
1230 3279 1397 3325 eum
1427 3270 1552 3324 aut
1578 3255 1927 3342 honores,
1960 3268 2084 3324 aut
2114 3251 2392 3322 divitias

272 3378 605 3460 ceperant
652 3391 668 3432 ε
743 3389 1059 3461 quorum
1125 3367 1388 3462 partim
1461 3367 1867 3436 invitissimi
1937 3378 2164 3436 castra
2225 3376 2395 3446 sunt

271 3475 595 3570 sequuti,
657 3477 916 3570 partim
960 3498 1239 3544 summa
1295 3498 1461 3544 cum
1523 3475 1679 3568 ejus
1729 3473 2134 3545 offensione
2193 3470 2389 3541 domi

274 3599 785 3655 remanserunt.
818 3588 1032 3656 Attici
1060 3600 1304 3655 autem
1342 3587 1550 3680 quies
1578 3600 1952 3710 tantopere
1973 3586 2229 3654 Coesari
2258 3580 2396 3652 fuit

276 3708 494 3788 grata,
524 3708 608 3764 ut
643 3697 895 3782 victor,
916 3719 1146 3791 quum
1177 3696 1492 3792 privatis
1517 3698 1862 3791 pecunias
1895 3716 2024 3790 per
2061 3692 2395 3792 epistolas

281 3807 683 3902 imperaret,
736 3804 908 3876 huic
943 3831 1094 3876 non
1133 3806 1369 3877 solum
1408 3805 1753 3875 molestus
1786 3829 1937 3874 non
1975 3801 2228 3890 fuerit,
2271 3801 2396 3872 sed

281 3918 481 3985 etiam
520 3919 786 3988 sororis
823 3914 1052 3988 filium
1109 3932 1182 3988 et
1217 3921 1303 4006 Q.
1350 3919 1777 3987 Ciceronem
1814 3941 1903 3986 ex
1937 3918 2256 4014 Pompeii
2285 3938 2397 3983 ca-

285 4027 435 4096 stris
457 4032 909 4100 concesserit.
953 4029 1065 4099 Sic
1094 4044 1336 4100 vetere
1373 4031 1705 4124 instituto
1744 4031 1901 4099 vitae
1930 4026 2183 4124 effugit
2220 4048 2404 4096 nova

291 4139 613 4227 pericula.
