3023 4773
569 394 742 479 236·
1362 397 1905 468 PRAEFATI'O

565 518 775 596 labor,
830 518 936 583 cui
983 540 1341 605 numquam
1389 519 1683 584 exhausti
1730 521 1878 584 satis
1929 536 2061 600 est,
2112 535 2186 583 ut
2220 520 2436 610 inquit
2471 540 2701 610 poeta,

565 624 723 687 mihi
769 646 1028 688 necesse
1077 624 1203 687 fuit
1248 623 1425 688 hisce
1463 625 1672 690 tribus
1720 627 1904 690 annis
1954 649 2086 690 non
2144 649 2217 691 ea
2275 626 2507 708 mod0,
2551 651 2700 716 quae

566 732 850 795 Venetiis
894 732 1304 851 scripseram,
1343 732 1580 795 iterum
1621 735 1863 822 legere,
1900 731 2016 796 sed
2045 732 2163 796 alia
2193 733 2383 797 etiam
2419 733 2696 817 addere,

566 836 767 900 multa
796 837 1234 917 comminisci,
1279 852 1344 899 et
1383 837 1545 901 nihil
1590 861 1722 901 non
1763 837 2027 903 tandem
2071 854 2353 921 tentare,
2391 855 2463 902 ut
2495 862 2693 927 quam

563 943 1100 1029 exspectationem
1147 942 1270 1005 mei
1304 940 1475 1030 apud
1515 944 1683 1007 cives
1714 966 1895 1008 meos
1928 943 2157 1008 absens
2194 946 2689 1027 concitaveram,

564 1069 704 1110 eam
736 1069 1013 1135 praesens
1047 1046 1398 1128 sustinere,
1429 1070 1501 1111 ac
1542 1048 1707 1111 tueri
1737 1071 2016 1136 possem.
2050 1049 2202 1113 Non
2238 1047 2385 1113 dico
2423 1048 2579 1137 quid
2620 1050 2689 1116 in

560 1170 633 1216 ea
687 1175 756 1216 re
801 1154 923 1216 sim
975 1168 1457 1240 consequutus3
1508 1153 1668 1218 illud
1710 1153 1899 1235 dico,
1937 1155 2028 1218 M.
2058 1155 2417 1218 Antonium
2464 1155 2697 1218 Flami-

561 1259 778 1340 nium,
829 1272 895 1321 et
935 1258 1290 1321 Romulum
1315 1262 1681 1323 Amasaeum
1715 1260 1885 1323 viros
1927 1260 2244 1348 optimos,
2287 1277 2351 1324 et
2396 1259 2695 1324 homines

560 1362 1004 1444 doctissimos,
1031 1363 1324 1450 mihique
1356 1387 1611 1427 summa
1650 1364 2081 1429 benivolentia
2113 1364 2495 1445 conjunctos
2518 1414 2536 1447 ,
2580 1388 2692 1429 su-

558 1468 923 1557 perioribus
957 1469 1287 1534 mensibus
1325 1471 1599 1560 Regium
1643 1494 1849 1559 quum
1887 1472 2256 1553 venissent,
2308 1471 2690 1536 Pontificem

558 1598 725 1639 max.
758 1576 1080 1658 comitati,
1117 1576 1275 1640 mihi
1312 1594 1609 1641 auctores
1649 1579 1876 1661 fuisse,
1917 1594 2025 1659 ut,
2058 1601 2201 1666 quae
2235 1578 2694 1642 intellexissent

560 1704 596 1744 a
642 1704 746 1744 me
786 1682 854 1745 in
905 1681 1207 1770 Epistolis
1258 1682 1338 1746 ad
1372 1685 1661 1748 Atticum
1700 1683 2199 1773 interpretandis
2241 1685 2580 1772 explicata,
2619 1707 2695 1747 ea

558 1786 914 1875 foras·dari
969 1790 1278 1871 sinerem,
1335 1812 1456 1853 nec
1503 1806 1791 1877 paterer,
1842 1806 2160 1878 quantum
2213 1807 2379 1854 esset
2434 1790 2499 1853 in
2549 1813 2694 1872 me,

556 1893 796 1957 librum
827 1893 1021 1981 longe
1051 1895 1348 1958 omnium
1385 1918 1454 1958 re
1484 1919 1662 1979 vera,
1693 1913 1758 1960 et
1796 1897 2150 1961 doctissimi
2183 1896 2497 1983 cujusque
2517 1895 2696 1975 judi-

555 1999 659 2063 cio
681 1999 1128 2079 utilissimum,
1153 1997 1236 2062 de
1268 2000 1570 2064 manibus
1603 2001 1947 2064 hominum
1964 2049 1983 2082 ,
2028 2024 2248 2065 rerum
2272 2050 2289 2082 ,
2333 2024 2477 2089 quae
2511 2002 2577 2064 in
2613 2023 2696 2063 eo

560 2121 744 2187 sunt,
779 2106 1185 2193 ignoratione
1228 2107 1410 2192 quasi
1448 2104 1714 2195 deponi.
1765 2108 1879 2171 His
1928 2129 2049 2195 ego
2095 2108 2208 2170 etsi
2259 2124 2548 2194 poteram
2591 2129 2695 2169 re-

556 2208 903 2297 spondere:
932 2222 981 2272 οὔ
1010 2240 1086 2272 τοι
1113 2222 1308 2290 πέφυκα
1336 2221 1542 2290 μάντις,
1583 2227 1647 2275 et
1681 2234 1797 2275 cur
1825 2234 1940 2275 vos
1976 2212 2126 2275 bovi
2161 2211 2455 2294 clitellas,
2484 2233 2694 2298 quum

553 2330 842 2379 vestrum
880 2316 1007 2379 hoc
1054 2317 1136 2379 sit
1173 2316 1382 2379 onus?
1426 2317 1579 2404 quia
1613 2333 1827 2381 tamen
1868 2316 2144 2381 sciebam
2185 2332 2251 2380 et
2290 2339 2400 2381 eos
2443 2317 2510 2380 in
2556 2316 2693 2380 aliis

554 2422 750 2488 rebus
788 2425 995 2487 multo
1024 2422 1375 2503 majoribus
1398 2472 1416 2505 ,
1445 2447 1590 2510 quae
1608 2473 1625 2507 ,
1668 2441 1740 2488 ut
1773 2447 1963 2514 spero
1984 2473 2001 2507 ,
2049 2424 2226 2489 brevi
2255 2423 2694 2512 apparebunt,

555 2545 905 2617 occupatos
936 2551 1073 2592 esse
1095 2577 1112 2610 ,
1154 2545 1219 2592 et
1249 2528 1316 2606 id
1351 2553 1386 2592 a
1421 2552 1525 2594 me
1556 2532 1737 2617 quasi
1770 2529 2065 2594 debitum
2086 2530 2216 2610 jam
2245 2530 2589 2618 postulari,
2627 2546 2697 2593 et

552 2656 735 2722 paene
768 2632 1075 2722 flagitari,
1111 2649 1183 2697 ut
1210 2634 1762 2722 quemadmodum
1802 2635 2140 2699 familiares
2181 2635 2361 2716 olim,
2392 2634 2478 2697 ita
2513 2657 2694 2698 nunc

553 2739 872 2827 Epistolas
913 2738 995 2802 ad
1037 2741 1322 2803 Atticum
1378 2741 1801 2821 illustrarem3
1848 2763 2277 2832 quaecumque
2321 2741 2389 2803 in
2437 2762 2540 2804 eas
2593 2733 2713 2802 vel'

553 2844 966 2931 scripseram,
1007 2845 1105 2907 vel
1144 2868 1180 2906 a
1216 2868 1319 2908 me
1347 2846 1738 2933 excogitata,
1787 2861 1851 2908 et
1883 2845 1963 2909 de
1991 2845 2308 2934 superiori
2341 2844 2487 2908 loco
2521 2842 2694 2907 dicta

553 2953 1005 3033 memineram,
1043 2953 1299 3043 collegi,
1338 2968 1401 3016 et
1432 2953 1499 3015 in
1535 2976 1884 3016 commune
1911 2955 2193 3034 contuli,
2231 2975 2493 3041 sperans
2523 2953 2693 3033 fore,

553 3074 630 3122 ut
667 3058 908 3146 aliquid
944 3060 1121 3148 opis,
1178 3075 1371 3147 atque
1406 3056 1570 3122 adeo
1602 3060 1764 3124 lucis
1801 3059 2033 3124 harum
2073 3060 2511 3147 Epistolarum
2550 3074 2692 3122 stu-

552 3163 750 3229 diosis
779 3164 997 3229 videar
1027 3165 1334 3229 attulisse.
1365 3164 1517 3228 Haec
1541 3182 1615 3230 tu
1634 3215 1652 3248 ,
1686 3166 1967 3254 benigne
1997 3167 2220 3247 lector,
2258 3151 2347 3228 ita
2381 3167 2576 3255 leges,
2614 3180 2691 3227 ut

549 3271 632 3335 ab
670 3272 936 3335 homine
968 3273 1291 3359 profecta,
1321 3272 1432 3359 qui
1457 3294 1667 3334 unum
1699 3270 1860 3336 illud
1897 3273 2099 3361 egerit
2121 3319 2140 3353 ,
2178 3288 2252 3336 ut
2279 3272 2396 3335 tibi
2429 3269 2692 3359 prodes-

551 3393 669 3458 set,
698 3379 1066 3465 putaritque
1093 3375 1160 3440 id
1183 3376 1283 3439 vel
1317 3377 1672 3440 maximum
1707 3400 1980 3442 suorum
2018 3378 2314 3442 laborum
2355 3377 2694 3465 praemium

553 3481 722 3562 fore,
759 3484 812 3546 si
839 3483 906 3546 id
929 3499 1094 3546 esset
1116 3499 1565 3569 consequutus
1586 3507 1603 3564 ;
1627 3500 1824 3571 atque
1847 3500 1922 3547 ut
1949 3506 2021 3547 ea
2049 3483 2460 3546 commodius
2488 3484 2692 3571 legas,

555 3603 623 3651 et
654 3589 879 3653 melius
917 3589 1229 3679 intelligas
1251 3638 1267 3670 ,
1307 3590 1514 3677 placet
1544 3591 1885 3672 rationem,
1919 3613 2115 3677 quam
2141 3590 2399 3678 sequuti
2431 3611 2695 3670 sumuS,

556 3691 776 3780 paucis
812 3716 1152 3782 exponere.
1197 3693 1468 3758 Librum
1495 3695 1692 3784 igitur
1715 3718 1865 3759 cum
1889 3696 2088 3777 libro,
2125 3718 2265 3759 rem
2300 3718 2451 3758 cum
2490 3716 2591 3774 re,
2631 3710 2701 3758 et

556 3814 812 3886 tempus
859 3823 1008 3863 cum
1049 3819 1344 3890 tempore
1381 3803 1467 3865 ita
1506 3803 1998 3884 conjunximuS,
2050 3818 2162 3884 ut,
2205 3800 2385 3890 quod
2438 3800 2700 3887 scripsit

557 3904 894 3968 Cornelius
922 3906 1138 3995 Nepos
1160 3956 1178 3989 ,
1229 3909 1341 3994 qui
1379 3907 1696 3971 sexdecim
1732 3908 1869 3971 haec
1895 3908 2225 3971 volumina
2256 3906 2699 3995 Epistolarum

557 4009 641 4073 ab
682 4010 1022 4074 consulatu
1052 4012 1381 4076 Ciceronis
1406 4036 1619 4102 usque
1656 4012 1737 4076 ad
1778 4030 2139 4078 extremum
2177 4009 2550 4100 tempus'ad
2580 4012 2702 4073 At-

558 4116 760 4181 ticum
822 4115 1158 4180 missarum
1211 4118 1380 4206 legat
1405 4165 1422 4199 ,
1472 4141 1608 4185 non
1656 4118 1936 4184 multum
1988 4117 2308 4184 desideret
2357 4115 2699 4181 historiam
