3023 4773
643 443 783 529 584
1274 448 1371 512 M.
1423 447 1500 512 T.
1554 446 2137 516 CICERONIS

638 590 774 637 nec
814 589 975 637 sum
1011 569 1089 635 in
1125 565 1273 636 ulla
1306 589 1385 636 re
1426 563 1564 635 alia
1599 565 1942 641 molestus
1973 563 2418 651 civitatibus;
2452 562 2580 636 sed
2620 562 2774 635 for-

637 691 819 748 tasse
871 674 1038 763 tibi,
1089 679 1215 772 qui
1264 674 1414 746 haec
1461 673 1844 772 praedicem
1895 676 1985 746 de
2029 701 2169 746 me.
2215 674 2484 764 Perfer,
2536 680 2600 746 si
2659 699 2770 744 me

637 810 851 857 amas.
896 790 1005 855 Tu
1051 787 1243 855 enim
1284 809 1400 855 me
1447 784 1596 855 haec
1631 782 1864 856 facere
1897 785 2203 856 voluisti.
2242 790 2386 856 Iter
2420 788 2648 880 igitur
2673 784 2770 853 ita

634 921 768 994 per
800 897 1036 967 Asiam
1075 894 1208 967 feci
1229 949 1249 981 ‚
1297 909 1378 964 ut
1426 897 1640 964 etiam
1690 893 1915 967 fames
1937 948 1956 982 ,
2011 919 2155 991 qua
2202 893 2384 965 nihil
2436 895 2769 965 miserius

635 1020 742 1076 est
760 1060 779 1091 ,
818 1032 980 1103 quae
1010 1019 1163 1075 tum
1199 1018 1350 1075 erat
1376 1007 1454 1075 iu
1480 1005 1617 1075 hac
1647 1030 1806 1076 mea
1832 1007 1994 1075 Asia
2019 1003 2316 1098 (messis
2344 1008 2539 1074 enim
2573 1004 2769 1075 nulla

636 1113 947 1211 fuerat),
1001 1115 1176 1185 mihi
1225 1112 1543 1211 optanda
1599 1112 1834 1185 fuerit.
1884 1119 2361 1210 Quacumque
2410 1114 2547 1184 iter
2589 1109 2768 1200 feci,

636 1224 834 1295 nulla
860 1229 968 1310 vi,
1002 1225 1203 1295 nullo
1233 1222 1506 1319 judicio
1531 1279 1551 1312 ,
1592 1224 1790 1295 nulla
1833 1225 2306 1312 contumelia,
2342 1227 2766 1295 auctoritate

635 1348 707 1403 et
734 1332 1232 1404 cohortatione
1259 1332 1565 1431 perfeci,
1607 1349 1690 1405 ut
1717 1349 1788 1406 et
1817 1339 2045 1408 Graeci
2065 1390 2084 1424 ,
2125 1349 2196 1406 et
2233 1338 2420 1407 cives
2449 1335 2766 1422 romani,

633 1447 761 1538 qui
810 1441 1259 1514 frumentum
1319 1460 1925 1542 compresserant,
1977 1470 2318 1543 magnum
2373 1466 2766 1514 numerum

633 1552 925 1650 populis
969 1552 1506 1650 pollicerentur.

730 1660 981 1734 Idibus
1027 1659 1407 1733 februariis
1425 1658 1526 1749 ²³,
1570 1687 1720 1758 quo
1770 1662 1887 1733 die
1937 1663 2066 1735 has
2112 1663 2349 1735 literas
2400 1662 2604 1746 dedi,
2653 1661 2765 1733 fo-

633 1795 797 1840 rum
870 1774 1319 1842 institueram
1378 1775 1671 1866 agere²⁴
1739 1771 2101 1844 Laodiceae
2162 1772 2646 1870 Cibyraticum
2693 1786 2766 1843 et

634 1888 1073 1975 Apamense3
1110 1906 1198 1951 ex
1225 1879 1466 1951 idibus
1497 1896 1702 1951 mart.
1740 1880 2006 1953 ibidem
2042 1883 2541 1979 Synnadense,
2564 1886 2766 1952 Pam·

635 1984 963 2081 phylium
1025 1989 1241 2083 (tum
1274 1984 1602 2057 ‚Phemio
1669 1985 2028 2081 dispiciam
2092 1986 2350 2082 κέρας’5
2380 1987 2447 2082 ),
2497 1994 2762 2083 Lycao·

636 2094 833 2162 nium
856 2091 946 2180 ²⁶,
982 2099 1379 2168 Isauricum
1411 2122 1427 2165 ε
1465 2120 1555 2165 ex
1585 2094 1827 2165 idibus
1858 2098 2020 2167 mai.
2061 2100 2136 2167 in
2171 2097 2520 2168 Ciliciam.
2546 2111 2629 2167 ut
2658 2096 2763 2168 ibi

634 2205 882 2298 junius
921 2219 1409 2275 consumatur.
1440 2205 1673 2276 Velim
1709 2206 2094 2301 tranquille
2131 2230 2170 2278 a
2208 2207 2506 2278 Parthis.
2528 2209 2763 2297 Quin-

538 2345 541 2348 ·
638 2314 811 2400 tilis,
859 2317 918 2383 si
962 2315 1136 2402 erit,
1172 2328 1255 2384 ut
1291 2312 1662 2403 volumus,
1707 2317 1784 2384 in
1821 2317 2076 2386 itinere
2121 2330 2263 2404 est,
2302 2341 2432 2414 per
2467 2317 2760 2414 provin-

1744 2498 1940 2544 raticam
1956 2529 1970 2555 ,
1986 2499 2309 2560 Apamensem
2324 2532 2339 2556 ‚
2368 2498 2726 2562 Synnadenszm
2739 2532 2757 2555 ,

1742 2575 2075 2639 Pamphyliam
2090 2609 2104 2633 ,
2136 2576 2430 2639 Lycaoniam
2447 2610 2463 2636 ‚
2501 2578 2754 2625 Isaur’nm.

639 2502 701 2557 go
724 2496 1032 2558 invaluisset,
1063 2507 1118 2544 ut
1154 2497 1477 2560 provinciales
1504 2498 1656 2560 magi·

638 2575 866 2622 stratibus
884 2576 1077 2623 divinos
1111 2573 1323 2622 honores
1357 2576 1624 2623 tribuerent
1641 2610 1656 2634 ‚

641 2653 910 2717 templaque
932 2651 1249 2710 aedificarent,
1275 2653 1419 2700 etiam
1454 2655 1651 2717 quadri·

640 2749 721 2795 gas
772 2747 925 2780 aeueas
967 2746 1315 2778 marmoreasve
1370 2744 1650 2795 posuerunt.

638 2812 853 2858 Enicas-r.

711 2891 796 2939 23.
814 2888 982 2936 Idibus
981 2886 1116 2952 febr.
1134 2891 1316 2937 Eorum
1334 2888 1551 2939 officium
1568 2894 1654 2956 qui

640 2967 905 3032 provinciis
939 2979 1175 3031 praeerant
1194 3001 1210 3027 ,
1244 2968 1296 3021 in
1335 2969 1454 3017 duas
1494 2982 1653 3033 partes

637 3049 730 3095 fuit
752 3046 1088 3113 distributum,
1120 3057 1407 3110 potestatem
1437 3059 1485 3095 et
1501 3048 1654 3111 impe·

636 3126 777 3174 rium.
813 3125 1029 3173 Potestas
1048 3124 1226 3172 dicitur
1247 3126 1449 3173 facultas
1472 3142 1654 3190 coguo-

611 3217 615 3222 ·
637 3204 829 3263 scendi,
856 3216 905 3251 et
936 3200 1250 3250 conficiendae
1273 3204 1648 3263 jurisdictionis.

634 3283 926 3347 Imperium,
970 3280 1181 3328 ducendi
1207 3284 1374 3345 copias
1395 3295 1444 3331 et
1470 3284 1652 3333 bellum

634 3362 848 3426 gerendi.
866 3362 983 3408 Haec
1011 3376 1207 3408 munera
1234 3361 1299 3408 ita
1320 3362 1544 3411 colebant
1563 3399 1577 3424 ,
1594 3376 1650 3413 ut

634 3452 846 3488 aestatem
870 3440 968 3488 fere
1001 3439 1070 3486 rei
1091 3438 1286 3487 militari
1300 3473 1314 3495 ‚
1347 3440 1555 3491 hiemem
1581 3442 1649 3490 di·

634 3531 799 3567 carent
834 3517 1105 3581 cognitioni
1129 3519 1371 3580 praetoriae
1398 3533 1413 3578 ;
1445 3536 1556 3583 quae
1596 3522 1649 3570 iu

629 3597 969 3656 jurisdictione
1004 3596 1306 3658 potissimum
1353 3598 1647 3646 versabatur.

634 3678 907 3738 siccatus,
935 3675 996 3723 de
1036 3677 1237 3738 antiquo
1269 3676 1380 3735 jure
1413 3678 1643 3726 Provinc.

635 3757 714 3810 11,
757 3756 806 3802 5.

704 3839 788 3886 24.
813 3836 994 3880 Forum
1019 3832 1323 3881 institueram
1359 3849 1521 3898 agere.
1549 3836 1643 3883 Or-

626 3909 790 3958 dinem
812 3913 1016 3972 exponit
1027 3945 1044 3971 ,
1061 3928 1160 3974 quo
1178 3924 1341 3975 ageret
1354 3912 1458 3960 sora
1471 3924 1521 3960 et
1532 3929 1645 3961 con·

626 3999 798 4039 ventus
814 3987 1051 4047 juridicos
1061 3989 1115 4036 iu
1134 3991 1195 4037 iis
1208 3991 1483 4055 regionibus
1494 4024 1509 4048 ,
1524 4008 1642 4055 quas

627 4060 836 4117 habebat
868 4067 919 4112 in
947 4076 1202 4128 potestate.
1240 4070 1463 4118 Habebat
1479 4082 1639 4118 autem

626 4148 808 4197 Ciliciae
827 4144 1076 4205 adjunctas
1103 4145 1333 4194 dioeceses
1356 4163 1471 4209 se13
1490 4149 1641 4211 Cybi-

1742 2654 1866 2702 vide
1887 2654 2138 2717 sigonium
2162 2654 2223 2702 de
2239 2656 2390 2718 antiq.
2405 2656 2517 2716 jure
2533 2657 2758 2705 Provinc.

1738 2732 1827 2780 lib.
1851 2736 1917 2780 11.
1932 2736 2045 2796 Quo
2062 2736 2189 2782 circa
2203 2747 2549 2784 commemorat
2565 2758 2589 2778 ι
2607 2738 2756 2783 samm

1740 2811 2069 2875 Cybiraticum
2079 2847 2097 2874 ,
2110 2817 2382 2877 Apamense
2392 2850 2409 2874 ,
2423 2816 2759 2879 Synnafflmse,

1739 2890 2099 2955 Pamphylium,
2114 2895 2759 2957 Lycaonium,lsaurieum-.

1741 2968 1890 3016 Ouv.

1813 3050 1899 3096 25.
1920 3048 2096 3115 Κέρας.
2124 3050 2320 3099 Curabo
2340 3084 2355 3110 ,
2384 3061 2438 3098 ut
2466 3052 2666 3099 Phemio
2686 3054 2759 3099 in-

1742 3127 1962 3175 veniatur
1978 3161 1992 3185 ,
2034 3128 2385 3194 mandeturque
2411 3147 2567 3179 cornu
2590 3142 2758 3197 qitmn

1740 3222 1796 3254 ac
1831 3207 2106 3269 probatum.
2141 3209 2215 3255 De
2246 3209 2342 3257 hoc
2369 3209 2541 3258 eodem
2569 3225 2712 3275 supa
2740 3225 2758 3258 ε

1740 3306 1766 3326 σι
1781 3285 1981 3333 Phemio
2009 3288 2246 3350 quaeritur
2263 3286 2458 3354 κέρας».
2481 3288 2639 3346 Infra,
2659 3289 2725 3333 *1
2739 3321 2756 3345 ‚

1744 3378 1764 3408 1
1786 3397 1800 3420 ,
1815 3364 2002 3431 «Κέρας
2015 3366 2213 3413 Phemio
2233 3367 2513 3415 mandatum
2531 3378 2605 3415 est
2625 3366 2760 3416 ·.De

1737 3444 1919 3491 musico
1944 3444 2040 3492 hoc
2065 3446 2417 3504 instrumento,
2440 3446 2578 3510 quod
2598 3447 2760 3495 Goeci

1735 3521 1910 3589 κέρας,
1947 3524 2107 3571 Latini
2142 3540 2289 3572 cornu
2323 3536 2526 3583 vocant,
2564 3525 2764 3572 disserit

1737 3600 1992 3648 Salmasius
2029 3602 2080 3648 in
2114 3602 2266 3650 Solin.
2312 3619 2425 3667 pag.
2459 3606 2550 3651 123
2574 3637 2591 3664 ,
2634 3603 2755 3651 elit.

1745 3680 1875 3740 1629
1893 3692 1911 3738 3
1940 3679 2212 3744 probatque
2233 3697 2337 3728 nou
2363 3682 2560 3729 differre
2580 3681 2706 3731 illud
2730 3699 2762 3731 a

1738 3758 1883 3816 tibia,
1913 3774 2021 3820 quae
2039 3757 2249 3823 Phrygia
2286 3760 2483 3809 dicitur.
2519 3761 2652 3808 Hinc
2673 3779 2766 3825 ap·

1730 3846 1891 3898 paret,
1920 3852 2008 3883 cur
2042 3836 2172 3884 dicat
2196 3839 2367 3889 Cicero
2391 3840 2599 3902 :Quum
2627 3840 2762 3889 mad

1729 3926 1895 3978 agetur
1908 3914 2088 3976 sorum
2123 3917 2440 3977 Synnadense
2471 3916 2572 3984 (ad
2614 3919 2763 3981 quod

1728 3992 1910 4040 scilicet
1934 3994 2169 4041 ventitare
2195 3993 2412 4059 Phryges
2452 3996 2761 4063 oportebit)

1729 4083 1829 4119 tum
1851 4069 2052 4119 Phemio
2080 4072 2332 4134 dispiciam
2363 4073 2524 4141 κέρας.
2547 4077 2706 4124 Man,

1803 4148 1885 4198 26.
1912 4149 2221 4223 Lycaoniam.
2244 4151 2552 4201 Vocabulum
2570 4152 2758 4202 hocex
