3023 4773
493 428 1027 497 EPISTOLAE
1077 427 1210 495 AD
1262 425 1979 511 .⁴.TTICUM·‚V11,
2025 422 2138 493 26.
2242 422 2385 521 693

254 547 439 620 fama
482 562 610 618 est.
641 545 863 637 Quod
907 571 1023 617 me
1074 547 1503 617 amicissime
1530 546 1876 617 admones
1897 598 1917 632 ‚
1946 559 2032 616 ut
2061 568 2179 616 me
2212 548 2395 617 inte-

253 684 464 757 grum
480 712 499 745 ‚
519 658 761 755 quoad
784 659 1053 756 possim
1072 712 1091 745 ‚
1119 681 1396 729 servem
1418 683 1437 746 ;
1468 670 1754 756 gratum
1775 671 1903 726 est.
1923 654 2140 746 Quod
2161 654 2398 738 addis,

253 793 352 839 ne
389 770 825 866 propensior
851 766 941 838 ad
977 782 1264 866 turpem
1296 791 1580 838 causam
1621 765 1904 850 videar3
1943 757 2136 838 certe
2171 765 2398 837 videri

254 883 626 977 possum4.
662 884 815 976 Ego
865 903 982 950 me
1041 878 1303 949 ducem
1352 880 1431 948 in
1489 876 1678 948 civili
1734 875 1975 965 bello,
2021 876 2263 975 quoad
2306 876 2399 948 de

255 1013 434 1088 pace
473 1005 845 1087 ageretur,
881 991 1140 1087 negavi
1176 1013 1331 1060 esse
1370 1015 1386 1056 :
1433 1013 1583 1059 non
1629 990 1810 1085 quin
1849 1000 2127 1058 rectum
2176 1001 2399 1073 esset3

257 1101 386 1172 sed
422 1103 631 1198 quia,
678 1098 879 1197 quod
926 1099 1158 1170 multo
1195 1100 1460 1170 rectius
1499 1096 1677 1186 suit,
1732 1096 1805 1168 id
1847 1098 2023 1168 mihi
2072 1096 2400 1168 fraudem

259 1209 491 1282 tulit5.
520 1211 738 1282 Plane
782 1234 990 1298 eum,
1028 1212 1140 1280 cui
1176 1214 1435 1281 Cnaeus
1473 1205 1765 1281 noster⁶
1799 1209 2105 1279 alterum
2142 1232 2402 1279 consu·

258 1320 489 1391 latum
528 1319 840 1392 deferret
871 1336 946 1391 et
979 1319 1427 1416 triumphum
1449 1373 1469 1406 ‚
1505 1333 1578 1389 at
1603 1316 1873 1417 quibus
1899 1317 2179 1391 verbis?
2202 1349 2237 1384 α
2266 1342 2403 1417 pro

262 1432 411 1503 suis
445 1431 667 1503 rebus
703 1432 916 1528 gestis
966 1430 1418 1528 amplissimis
1440 1456 1459 1519 ;
1482 1459 1515 1493 »
1544 1430 1918 1499 inimicum
1957 1428 2227 1501 habere
2264 1453 2402 1499 no·

262 1540 564 1611 lueram.
594 1546 749 1636 Ego
786 1541 934 1609 scio
955 1594 974 1626 ‚
1015 1555 1088 1611 et
1119 1564 1339 1636 quem
1373 1552 1722 1623 metuam,
1748 1555 1821 1610 et
1848 1564 2067 1637 quam
2096 1537 2194 1610 ob
2223 1563 2402 1611 rem.

265 1650 391 1719 Sin
435 1653 571 1720 erit
596 1647 908 1734 bellum,
936 1662 1020 1718 ut
1053 1647 1264 1720 video
1298 1647 1500 1735 fore3
1540 1663 1784 1746 partes
1815 1673 1990 1721 meae
2028 1674 2179 1720 non
2215 1649 2405 1723 desi-

267 1757 742 1830 derabuntur.

364 1873 475 1940 De
492 1872 640 1939 H-s
672 1866 926 1939 millib.
961 1894 1058 1938 xx
1087 1868 1419 1939 Terentia
1448 1867 1581 1940 tibi
1612 1869 1998 1968 rescripsit.
2020 1870 2371 1967 Dionysio
2391 1924 2411 1958 ‚

270 1978 447 2050 dum
483 1980 972 2050 existimabam
997 2003 1215 2077 vagos
1237 2001 1374 2048 nos
1404 1976 1595 2066 fore,
1633 1980 1834 2052 nolui
1859 1981 2206 2053 molestus
2233 2006 2408 2052 esse.

270 2086 433 2158 Tibi
468 2105 708 2160 autem
733 2145 752 2178 ‚
804 2087 1062 2160 crebro
1089 2087 1199 2184 .³d
1241 2112 1358 2158 me
1409 2087 1755 2159 scribenti
1797 2090 1887 2162 de
1928 2091 2086 2186 ejus
2135 2089 2411 2178 offici0‚

276 2197 457 2268 nihil
491 2201 862 2299 rescripsi,
915 2198 1117 2296 quod
1164 2197 1356 2269 diem
1403 2222 1493 2268 ex
1541 2196 1658 2269 die
1709 2199 2208 2297 exspectabam
2248 2255 2268 2289 ‚
2335 2217 2419 2272 ut

276 2323 703 2402 statuerem,
770 2309 948 2409 quid
994 2323 1176 2381 esset
1231 2308 1665 2380 faciendum.
1725 2313 1979 2398 Nunc,
2033 2325 2114 2380 ut
2166 2309 2418 2400 video,

276 2425 489 2519 pueri
527 2436 719 2493 certe
747 2422 822 2491 in
861 2423 1243 2492 Formiano
1277 2420 1617 2491 videntur
1648 2419 2035 2490 hiematuri
2064 2447 2085 2488 .·
2130 2445 2308 2490 num
2346 2435 2420 2491 et

280 2556 452 2630 ego,
494 2533 762 2605 nescio.
802 2535 873 2603 si
912 2535 1105 2603 enim
1156 2534 1292 2602 erit
1334 2530 1649 2619 bellum,
1684 2555 1849 2602 cum
1881 2534 2230 2629 Pompeio
2267 2556 2423 2603 esse

281 2643 647 2713 constitui.
707 2643 924 2733 Quod
974 2640 1266 2713 habebo
1303 2643 1517 2729 certi,
1555 2640 1851 2729 faciam,
1889 2656 1971 2712 ut
2014 2646 2214 2713 scias.
2268 2647 2420 2738 Ego

282 2751 553 2823 bellum
610 2753 1086 2825 foedissimum
1135 2750 1462 2824 futurum
1516 2767 1739 2850 put03
1804 2754 1943 2824 nisi
1992 2755 2163 2849 qui,
2206 2767 2291 2823 ut
2341 2768 2424 2824 tu

284 2866 421 2935 scis
443 2920 461 2953 ,
489 2864 861 2935 Parthicus
898 2888 1102 2936 casus
1128 2874 1155 2918 ⁷
1195 2863 1567 2935 exstiterit.

358 3026 407 3074 4.
459 3017 595 3067 Certe
627 3015 793 3064 videri
808 3032 1020 3078 possum.
1046 3014 1309 3083 Εἶρωνικῶς

1396 3013 1574 3062 niciem
1611 3013 1858 3072 attulisse,
1883 3029 1977 3078 pro
2019 3025 2151 3062 recte
2199 3016 2337 3063 factis
2373 3016 2423 3063 in

288 3095 474 3144 dictum
512 3095 804 3158 :subjungit
847 3096 978 3142 enim
1011 3110 1024 3144 :
1064 3095 1201 3158 quod
1234 3111 1310 3143 me

1398 3092 1620 3141 exsilium
1651 3091 1817 3157 pulso.
1847 3096 1998 3141 Inus.

288 3176 461 3225 ducem
480 3176 534 3223 in
562 3176 694 3224 civili
718 3174 851 3222 bello
875 3191 977 3243 esse
1000 3176 1276 3238 negaverim
1295 3208 1311 3233 ,

288 3257 454 3322 quoad
494 3256 554 3304 de
591 3272 713 3320 pace
747 3255 1012 3319 agebatur3
1053 3270 1157 3302 non
1199 3253 1312 3301 ideo

291 3338 385 3384 feci
400 3371 414 3395 ,
434 3337 568 3401 quia,
595 3334 730 3399 qnod
754 3345 939 3382 rectum
961 3343 1113 3394 esset,
1128 3331 1182 3379 id
1194 3333 1314 3380 mihi

291 3431 394 3464 non
417 3416 657 3480 placeret3
685 3413 771 3462 sed
798 3412 916 3474 feci,
944 3428 1160 3460 meorum
1189 3422 1315 3460 tem-

291 3511 470 3560 porum
506 3495 736 3542 memoria
775 3501 1068 3541 commotus.
1110 3494 1311 3555 Itaque,

293 3574 432 3638 quod
449 3574 512 3621 ad
542 3574 670 3621 hane
688 3589 790 3620 rem
816 3572 992 3620 attinet
1008 3607 1023 3631 ‚
1045 3572 1230 3635 optima
1250 3587 1318 3617 ra·

295 3653 431 3702 tione
458 3653 709 3701 defendor.
737 3652 943 3716 Reliqua
972 3667 1090 3699 vero
1118 3666 1319 3714 prorsus

295 3749 374 3781 me
390 3732 453 3781 ab
470 3733 561 3781 hnc
578 3731 856 3795 suspicione
878 3730 1147 3779 vindicant.
1170 3731 1317 3778 Mn«.

369 3813 420 3860 5.
445 3812 689 3859 fraudem
716 3810 839 3859 tulit.
868 3810 1182 3859 Memineram
1201 3842 1215 3866 ,
1235 3807 1315 3854 in-

297 3892 435 3955 quit,
459 3890 597 3953 quod
624 3889 741 3937 olim
773 3889 989 3950 ejusdem
1039 3885 1319 3952 reipublicae

298 3987 441 4019 causa
464 3971 587 4030 feci,
608 3987 757 4034 quum
775 3970 996 4017 Catilinae
1024 3969 1320 4029 conjuratio·

302 4066 412 4100 nem
438 4051 683 4115 oppressi,
710 4049 760 4096 id
799 4049 917 4097 mihi
941 4064 1177 4096 summam
1205 4063 1323 4110 per-

1470 3173 1521 3220 6.
1570 3174 1761 3221 Noster.
1808 3172 2083 3236 Pompeius.
2125 3173 2284 3238 Epist.
2331 3178 2392 3222 16
2409 3210 2425 3235 ‚

1399 3252 1489 3302 lib.
1509 3255 1654 3300 vm.
1685 3253 1837 3302 Inus.

1477 3351 1527 3394 7.
1558 3332 1815 3381 Parthicus
1836 3348 1994 3380 casus.
2011 3334 2074 3380 In
2098 3344 2287 3381 nostras
2314 3351 2429 3398 pro-

1403 3413 1588 3460 vincias
1610 3412 1768 3461 subita
1794 3412 2087 3462 Parthorum
2108 3412 2319 3477 irruptio
2341 3429 2355 3463 ε
2377 3426 2434 3463 ut

1402 3493 1718 3555 Pompeium,
1746 3502 1830 3540 aut
1852 3493 2086 3540 Caesarem
2104 3491 2334 3540 adversus
2348 3510 2436 3542 eos

1403 3570 1651 3635 proficisci
1678 3588 1754 3619 res
1789 3581 1950 3634 cogat.
1977 3570 2120 3618 Unde
2168 3572 2353 3620 Coelius
2381 3575 2433 3622 in

1405 3651 1611 3715 epistola
1640 3651 1704 3698 ad
1745 3652 2032 3699 Ciceronem
2054 3664 2108 3697 :n
2125 3650 2177 3698 Si
2203 3650 2434 3700 alteruter

1406 3745 1602 3794 eorum,
1627 3731 1818 3792 inquit,
1844 3730 1908 3777 ad
1942 3728 2223 3778 Parthicum
2251 3730 2435 3779 bellum

1407 3825 1509 3856 non
1532 3820 1637 3866 eat,
1657 3824 1852 3871 magnas
1877 3807 2024 3856 video
2038 3807 2321 3873 impendere
2337 3811 2435 3859 dis-

1408 3888 1601 3935 cordias
1620 3902 1634 3937 ε
1652 3904 1773 3950 quas
1794 3889 1974 3935 ferrum
1993 3898 2043 3935 et
2061 3888 2137 3935 vis
2147 3888 2435 3948 judicabitn.

1410 3967 1547 4013 Idem
1574 3966 1798 4014 arbitrari
1819 3967 2042 4015 Atticum
2061 4002 2076 4029 ,
2103 3969 2320 4018 ostendit
2346 3970 2431 4018 Ci-

1412 4061 1527 4092 cero
1546 4079 1560 4104 ,
1594 4061 1748 4108 quum
1774 4046 1877 4095 ait:
1908 4047 2012 4095 «Ut
2037 4057 2091 4095 tu
2115 4048 2210 4095 scis
2223 4069 2264 4096 u.
2287 4049 2432 4099 Mu«.

1033 4199 1716 4227 ——-—--=·-a——-———
