3023 4773
671 408 819 493 ηαδ
1320 411 1415 516 Μ.
1468 411 1547 476 Τ.
1599 394 2172 478 elcERO'le

675 607 766 627 m
771 606 1316 626 mmmm
1320 607 1806 629 “mm-mm

2084 605 2540 628 mmmm
2552 605 2812 626 mm„

1370 795 1948 874 EPISTOLA
2012 794 2107 870 V.

674 961 1009 1022 Gratissima
1052 962 1164 1022 sibi
1203 982 1327 1022 esse
1361 963 1539 1021 Attici
1575 963 1636 1021 in
1664 962 1993 1022 Terentiam
2030 960 2220 1020 officia
2266 959 2498 1032 scribit,
2535 973 2591 1017 et
2633 974 2697 1018 ut
2739 980 2806 1016 sc

750 1060 942 1138 ipsum
989 1079 1183 1118 amare
1226 1073 1592 1138 perseveret,
1652 1072 1836 1137 rogat.
1891 1057 2150 1130 (Thurii,
2206 1076 2362 1115 anno
2408 1062 2485 1116 U.
2529 1059 2592 1114 C.
2640 1057 2801 1134 695,

755 1175 953 1215 mense
980 1157 1200 1234 aprili.)

1343 1318 1658 1382 CICERO
1703 1316 2025 1382 ATTICO
2070 1316 2133 1379 S.

768 1451 1127 1517 Tenem-m
1164 1446 1297 1518 tibi
1344 1461 1417 1518 et
1449 1471 1676 1544 saepe‚
1731 1460 1803 1517 et
1848 1446 2184 1515 maximas
2225 1444 2374 1539 agit
2405 1444 2699 1539 gratias:
2727 1443 2801 1512 id

672 1569 780 1626 est
821 1555 1000 1626 mihi
1049 1558 1550 1652 gratissimum.
1599 1561 1751 1651 Ego
1800 1556 1968 1626 vivo
2012 1555 2491 1642 miserrimus,
2545 1567 2618 1624 et
2652 1578 2804 1623 ma-

674 1664 872 1735 ximo
915 1663 1168 1736 dolore
1219 1664 1588 1736 conficior.
1645 1662 1754 1734 Ad
1800 1678 1871 1735 te
1916 1663 2093 1761 quid
2136 1661 2481 1748 scribam,
2532 1664 2797 1733 nescio,

676 1774 751 1844 si
790 1776 986 1844 enim
1029 1799 1104 1844 es
1147 1778 1422 1859 Romae,
1454 1774 1604 1868 jam
1645 1797 1761 1844 me
1797 1775 2084 1869 assequi
2116 1798 2268 1844 non
2304 1786 2549 1870 potes;
2583 1776 2691 1842 sin
2732 1796 2805 1841 es

674 1884 751 1954 in
789 1886 933 1972 via,
970 1909 1199 1980 quum
1228 1888 1367 1954 eris
1398 1910 1513 1956 me
1539 1899 1967 1982 assequutus
1985 1939 2004 1970 ‚
2030 1909 2273 1956 coram
2300 1907 2624 1981 agemus,
2646 1908 2808 1979 quze

679 2008 895 2064 erunt
916 1993 1209 2089 agenda.
1240 2000 1549 2065 Tantum
1575 2009 1646 2067 te
1674 2019 1829 2082 orn,
1859 2010 1980 2082 ut,
2012 1997 2358 2091 quoniam
2392 2005 2535 2064 me¹
2572 1995 2806 2091 ipsum

679 2127 963 2200 semper
990 2107 1277 2191 amasti,
1305 2105 1562 2175 eodem
1594 2129 1840 2177 amore
1870 2108 1982 2175 sis.
2007 2109 2154 2201 Ego
2184 2105 2376 2176 enim
2403 2102 2592 2173 idem
2622 2127 2803 2173 sum.

679 2213 959 2283 Inimici
993 2238 1156 2284 mea
1187 2215 1361 2285 mihi
1381 2226 1437 2301 ²,
1474 2242 1627 2287 non
1652 2241 1769 2287 me
1800 2219 2075 2313 ipsum,
2111 2216 2560 2286 ademerunt.
2586 2219 2806 2294 Cura,

685 2336 764 2393 ut
805 2322 1054 2396 valeaS.
1086 2328 1243 2397 Dat.
1285 2350 1387 2395 ux
1429 2323 1525 2397 id.
1566 2351 1718 2425 apr.
1757 2320 2076 2396 Thurii³.

754 2524 801 2557 ι.
827 2511 911 2557 ue
930 2509 1101 2573 ipsum.
1119 2510 1236 2560 Non
1255 2527 1409 2559 meam
1427 2511 1700 2570 fortunam,
1789 2510 2054 2568 calabriae,
2081 2510 2210 2559 dicu
2244 2510 2504 2566 Thur-ium,
2538 2521 2588 2557 et
2621 2507 2816 2556 Thurioe

681 2586 768 2635 sed
791 2588 1027 2636 animum.
1053 2592 1145 2638 En.
1791 2589 1909 2636 olim
1948 2589 2174 2649 Sybaris,
2228 2604 2331 2652 quo
2367 2589 2569 2637 nomine
2614 2598 2814 2652 propter

753 2682 801 2715 a.
831 2667 960 2728 Alii,
984 2666 1079 2715 mei
1097 2684 1207 2715 mea
1225 2667 1362 2717 mihi.
1378 2670 1411 2716 J
1418 2704 1431 2717 .
1453 2670 1518 2718 V.
1540 2672 1596 2717 1..
1791 2667 2278 2716 snmmnsincolamm
2292 2668 2566 2733 voluptates
2580 2668 2810 2715 innotuit.

753 2745 801 2795 3.
829 2745 1009 2794 Thurii.
1027 2751 1124 2795 Iota
1142 2748 1258 2796 urbs
1275 2750 1573 2797 Bruttiorum
1586 2785 1601 2810 ,
1616 2767 1702 2797 seu
1793 2748 1954 2797 Hodie
1972 2760 2044 2797 est
2068 2750 2217 2797 Terra
2236 2748 2322 2797 del
2334 2748 2485 2813 Cupo.
2503 2749 2599 2797 En.

677 2963 1131 2983 mmmm
1138 2965 1411 2985 mmm
1417 2966 2242 2986 *mv-&mmmmm
2250 2965 2699 2986 mmm
2713 2965 2807 2984 m

1339 3152 1947 3231 EPISTOLA
2003 3156 2157 3231 VI.

682 3336 933 3395 Atticum
964 3356 1027 3395 se
1053 3356 1169 3395 uon
1199 3336 1411 3395 vidisse
1444 3337 1632 3406 dolet,
1672 3339 1897 3418 sibique
1937 3340 2047 3398 iter
2078 3360 2200 3398 esse
2239 3340 2296 3397 in
2334 3342 2530 3396 Asiam
2564 3336 2809 3395 nuntiat.

1002 3434 1115 3512 (De
1133 3435 1478 3504 Tarentino,
1508 3452 1661 3493 anno
1688 3441 1763 3495 U.
1788 3440 1851 3496 C.
1879 3437 2023 3514 695,
2060 3455 2254 3495 mense
2280 3435 2499 3513 aprili.)

1353 3623 1669 3687 CICERO
1720 3623 2036 3689 ATTICO
2086 3625 2151 3687 S.

774 3769 937 3835 Non
965 3764 1199 3837 fuerat
1233 3765 1406 3835 mihi
1435 3764 1773 3848 dubium,
1803 3769 1982 3861 quin
2015 3780 2083 3836 te
2105 3771 2395 3838 Tarenti
2430 3780 2557 3837 aut
2588 3771 2809 3835 Bruu-

679 3871 837 3942 disii
873 3877 1152 3946 visurus
1189 3901 1418 3947 essem
1454 3905 1468 3947 ε
1509 3875 1729 3972 idque
1765 3874 1853 3946 ad
1892 3877 2118 3947 multa
2157 3878 2538 3974 pertinuit;
2577 3876 2650 3945 in
2683 3876 2807 3950 eis,

680 3995 754 4051 et
785 3996 867 4050 ut
895 3984 966 4052 in
994 3985 1213 4082 Epiro
1251 3989 1845 4071 consisteremu5‚
1883 4000 1955 4056 et
1983 3986 2073 4057 de
2100 3987 2394 4083 reliquis
2435 3983 2656 4056 rebus
2688 3999 2808 4054 tuo

676 4092 979 4164 consilio
1008 4109 1399 4168 uteremur.
1443 4097 1806 4185 Quoniam
1845 4096 1917 4167 id
1949 4122 2098 4167 non
2139 4099 2476 4195 contigit,
2508 4097 2646 4166 erit
2675 4095 2805 4164 hoc
