3023 4773
652 415 793 500 406
1292 420 1389 486 M.
1441 379 1518 486 T.
1573 421 2132 487 elcssnoms

743 541 1005 609 Noster
1030 550 1271 608 autem
1306 536 1601 609 Publius
1628 539 1808 608 mihi
1841 540 2328 609 inimicatur²²
2352 565 2370 624 3
2399 540 2773 637 impendet

647 651 1012 744 negotium
1049 675 1065 716 ε
1100 647 1189 717 ad
1224 649 1428 744 quod
1455 663 1538 719 tu
1568 649 1834 720 scilicet
1870 646 2258 718 advolabis.
2295 648 2563 721 Videor
2588 652 2769 722 mihi

646 772 974 828 nostrum
1046 757 1251 828 illum
1317 757 1768 829 consularem
1799 753 1863 800 ²³
1936 759 2329 829 exercitum
2403 758 2766 831 bonorum

644 871 1010 954 omnium,
1053 871 1267 939 etiam
1313 872 1482 939 satis
1524 857 1929 957 bonorum,
1961 868 2228 940 habere
2253 867 2763 941 firmissimum.

644 981 1029 1076 Pompeius
1068 978 1416 1074 significat
1455 977 1772 1049 studium
1819 1004 1986 1076 erga
2028 1003 2144 1050 me
2195 1005 2343 1050 non
2385 979 2762 1051 mediocre.

641 1088 839 1158 Idem
895 1087 1236 1165 affirmat,
1289 1087 1593 1159 verbum
1637 1089 1727 1161 de
1771 1114 1884 1160 me
1923 1089 2150 1160 ullum
2169 1094 2233 1143 ²4
2273 1115 2424 1159 non
2469 1114 2613 1161 esse
2656 1088 2765 1160 fa-

642 1211 949 1267 cturum.
985 1202 1068 1267 In
1125 1222 1276 1293 quo
1325 1223 1473 1268 non
1527 1222 1642 1269 me
1681 1199 1800 1270 ille
1838 1197 2058 1285 fallit,
2117 1199 2240 1270 sed
2286 1202 2440 1297 ipse
2475 1198 2761 1271 fallitur.

642 1306 1081 1379 Cosconio²⁵
1126 1325 1453 1396 mortu0,
1497 1335 1657 1381 sum
1685 1311 1772 1378 in
1818 1311 1973 1404 ejus
2015 1308 2253 1380 locum
2291 1311 2646 1381 invitatus.
2683 1312 2765 1381 Id

642 1430 792 1486 erat
829 1421 1069 1487 vocari
1116 1421 1191 1487 in
1238 1418 1474 1490 locum
1510 1420 1801 1489 mortui.
1853 1419 2050 1489 Nihil
2088 1444 2206 1490 me
2243 1420 2528 1516 turpius
2575 1421 2764 1516 apud

640 1520 969 1592 homines
992 1521 1281 1611 fuisset3
1315 1549 1556 1621 neque
1580 1548 1777 1610 vero,
1796 1524 1884 1595 ad
1903 1526 2109 1595 istam
2125 1528 2349 1621 ipsam
2368 1523 2770 1622 dapium&

643 1632 1037 1730 quidquam
1091 1634 1412 1705 alienius.
1457 1638 1643 1704 Sunt
1681 1636 1877 1730 'enim
1922 1634 2024 1706 illi
2074 1634 2265 1732 apud
2314 1633 2551 1707 bonos
2587 1636 2764 1704 invi-

641 1742 820 1814 ‹liosi
848 1770 863 1812 τ
888 1769 1021 1840 ego
1038 1744 1234 1843 apud
1264 1742 1640 1841 improbos
1662 1769 1892 1815 meam
1916 1746 2366 1816 retinuissem
2394 1744 2765 1830 invidiam,

640 1852 941 1923 alienam
988 1855 1548 1949 assumpsissem.
1590 1858 1824 1925 Caesar
1867 1879 1983 1924 me
2017 1853 2153 1924 sibi
2195 1854 2350 1922 vult
2388 1877 2539 1924 esse
2574 1854 2764 1950 lega-

639 1976 817 2033 tum.
861 1967 1245 2034 Honestior
1285 1963 1436 2034 haec
1473 1962 1858 2035 declinatio
1895 1964 2216 2063 periculi.
2275 1962 2413 2033 Sed
2460 1989 2593 2060 ego
2631 1962 2770 2034 hoc

640 2070 1048 2166 repudio27.
1086 2071 1283 2163 Quid
1311 2098 1483 2171 ergo
1516 2074 1670 2144 est?
1702 2097 2029 2172 pugnare
2063 2075 2279 2146 malo.
2310 2073 2505 2145 Nihil
2531 2088 2766 2148 tamen

642 2183 840 2250 certi.
878 2184 1150 2252 Iterum
1181 2183 1374 2269 dico,
1408 2185 1686 2253 utinam
1725 2182 2046 2256 adesses!
2087 2183 2209 2254 sed
2243 2199 2515 2263 tamen,
2551 2185 2609 2253 si
2638 2186 2771 2254 erit

638 2311 968 2378 necesse,
1013 2316 1471 2363 arcessemuS.
1517 2292 1715 2382 Quid
1756 2293 1997 2365 aliud?
2032 2292 2257 2391 quid?
2300 2292 2441 2364 hoc
2482 2295 2767 2392 opinor.

642 2398 833 2464 Certi
884 2421 1134 2468 sumus
1189 2403 1455 2496 perisse
1513 2403 1778 2470 omnia.
1836 2400 2026 2490 Quid
2083 2404 2274 2471 enim
2328 2396 2768 2494 οἱκκ.ιζίἰμιεθοι’8

648 2503 970 2574 tamdiu?
1006 2506 1143 2577 Sed
1175 2506 1324 2578 haec
1354 2511 1605 2607 scripsi
1644 2534 2084 2607 properans3
2125 2524 2197 2580 et
2240 2510 2649 2581 mehercule
2680 2512 2771 2580 ti-

642 2614 856 2684 mide.
914 2617 1218 2687 Posthac
1268 2619 1353 2688 ad
1412 2634 1518 2703 te,
1579 2634 1739 2706 aut,
1794 2624 1851 2690 si
1897 2618 2313 2717 perfidelem
2334 2628 2400 2675 ²9
2453 2617 2776 2705 habeb0‚

643 2724 983 2813 cuidem,
1014 2726 1332 2799 scribam
1371 2729 1585 2826 plane
1622 2731 1904 2816 omnia3
1943 2743 2102 2815 aut,
2142 2732 2200 2799 si
2239 2728 2547 2801 obscure
2598 2734 2770 2800 scri-

646 2831 848 2913 bam,
892 2849 972 2906 tu
1010 2851 1246 2909 tamen
1279 2840 1654 2936 intelliges.
1699 2845 1784 2909 In
1822 2842 1906 2910 iis
1935 2839 2257 2936 epistolis
2293 2865 2410 2910 me
2441 2841 2772 2927 Laelium,

647 2955 717 3009 te
766 2943 1056 3013 Furium
1081 2942 1147 2988 ³⁰
1192 2942 1444 3015 faciam
1489 2974 1504 3015 :
1552 2961 1786 3015 cetera
1833 2959 2047 3015 erunt
2093 2953 2150 3015 ἐν
2191 2943 2593 3042 αἰνιγμοῖςῂ.
2642 2948 2774 3015 Hic

644 3050 1082 3122 Caecilium³²
1127 3053 1429 3125 colimus
1473 3068 1549 3129 et
1582 3053 2044 3125 observamus
2087 3053 2485 3149 diligenter.
2527 3053 2770 3125 Edicta

647 3222 830 3259 rectum
861 3214 952 3269 eit,
984 3214 1068 3261 sed
1101 3216 1213 3277 quia
1251 3214 1522 3278 corrigendi
1553 3231 1662 3279 apes
1751 3231 1852 3262 ram
1879 3215 2024 3279 gessit
2049 3215 2286 3263 Cicerone
2310 3230 2409 3261 eos.
2449 3213 2511 3260 de
2552 3228 2652 3277 quo
2679 3230 2773 3277 pro

649 3306 751 3337 non
777 3302 869 3340 est.
898 3294 1042 3339 Mur.
1749 3295 1900 3343 Sulla.
1942 3321 2013 3330 —·
2044 3295 2159 3340 Post
2203 3303 2463 3357 praetnram
2509 3292 2770 3355 proconsul

715 3386 801 3417 αα.
844 3370 1150 3418 Inimicamr.
1205 3371 1334 3427 Alii,
1382 3371 1663 3431 minitatur,
1750 3376 1906 3422 fuerat
1923 3374 2170 3437 Hispania
2188 3372 2453 3420 ulterioris.
2481 3374 2595 3421 Sca.

653 3449 871 3497 inimicus
891 3461 976 3497 ese.
994 3452 1041 3499 J.
1063 3453 1121 3497 V.
1139 3451 1193 3497 1..
1206 3474 1273 3487 --
1294 3450 1388 3498 Sed
1408 3450 1558 3498 verbo
1576 3450 1661 3498 illo
1823 3454 1912 3500 26.
1943 3439 2242 3516 Ᾰσφσῖλειαν..
2255 3451 2589 3499 Securitatem.

649 3540 698 3576 et
716 3531 780 3591 Q.
798 3529 970 3578 Cicero
989 3529 1049 3576 de
1071 3531 1175 3578 Pet.
1195 3545 1332 3578 eous.
1354 3547 1471 3577 usus
1489 3543 1578 3588 est,
1614 3541 1660 3577 et
1824 3548 1908 3591 27.
1942 3530 2064 3585 Alii,
2087 3545 2217 3576 num:
2240 3529 2460 3594 repudio.
2490 3532 2540 3577 J.
2560 3530 2627 3577 V.
2656 3533 2707 3577 L.

653 3607 824 3655 Horat.
852 3626 995 3657 carm.
1017 3612 1106 3672 w,
1130 3610 1215 3667 15,
1238 3626 1317 3658 no.
1341 3611 1430 3658 En.
1826 3613 1908 3657 28.
1933 3597 2237 3674 Ᾰκκιζόμεθσι.
2267 3608 2658 3665 Dissimulamus,
2675 3590 2769 3653 ter-

724 3688 806 3735 23.
838 3689 1146 3737 Consularem
1180 3689 1461 3737 exercitum.
1499 3691 1665 3737 Bonos
1755 3690 2065 3753 giverumur.

650 3780 816 3812 omnes
830 3768 1130 3816 consularem
1148 3767 1358 3833 appellat
1376 3768 1638 3816 exercitum
1651 3801 1666 3825 ,
1827 3783 1911 3831 29.
1930 3770 1963 3817 J
1966 3768 2108 3815 unius
2126 3783 2188 3814 ex
2210 3766 2334 3815 MSS
2356 3764 2506 3813 Pelet.
2527 3787 2553 3806 ι-
2568 3766 2767 3812 Posthac

653 3859 775 3906 quos
796 3845 889 3893 sibi
913 3848 963 3895 in
987 3849 1238 3896 consulatu
1262 3847 1667 3912 praestantissimis
1754 3848 1816 3895 ad
1841 3860 1886 3895 te
1909 3858 2068 3895 autem
2083 3882 2097 3905 ,
2120 3848 2159 3893 si
2178 3863 2229 3911 p.
2248 3846 2300 3894 h.
2324 3867 2349 3886 .-
2368 3847 2417 3893 J.
2438 3846 2502 3892 V.
2525 3846 2577 3893 L.

647 3922 919 3971 actionibus
942 3927 1280 3975 obstrinxerat.
1306 3929 1448 3975 Mur.
1825 3930 1909 3976 30.
1958 3927 2173 3974 Furiam.
2222 3930 2273 3973 L.
2309 3924 2512 3973 Furium
2545 3923 2762 3975 Philum,

725 4010 808 4057 24.
839 4002 935 4050 Alii
955 4037 969 4058 ‚
996 4003 1146 4053 illum.
1172 4008 1298 4056 J.V.
1328 4009 1381 4053 L.
1757 4007 1888 4054 Laelii
1913 4006 2159 4070 oequnlem.
2192 4006 2264 4052 De
2284 4003 2445 4052 Amic.
2479 4004 2561 4049 26.

725 4084 806 4129 25.
842 4084 1088 4131 Cosconia
1113 4085 1406 4147 Vigintiriro
1432 4085 1561 4146 agris
1586 4083 1663 4129 di·
1828 4087 1908 4133 31.
1944 4075 2002 4135 ἐν
2031 4084 2278 4152 αἰνιγμοῖς.
2314 4087 2367 4130 In
2390 4080 2737 4144 enigmatibus.

634 4162 897 4209 *vidundim
946 4165 1162 4209 Fortnue
1230 4165 1303 4221 is,
1354 4166 1437 4226 qni
1487 4173 1666 4227 pratu·
1824 4166 1905 4212 32.
1951 4163 2206 4212 cecilium.
2244 4160 2556 4210 Avunculum
2599 4170 2746 4207 tuum.
