3023 4773
884 405 1437 491 EPISTOLAE,
1466 407 1629 488 XV,
1658 432 1723 475 2.
2247 410 2376 484 125

330 528 516 616 Quae
557 548 790 622 quum
832 548 1064 596 essem
1109 529 1184 593 in
1227 525 1530 597 consilio
1586 525 1790 598 meo⁵
1850 553 2016 599 cum
2056 555 2225 630 rege
2262 533 2370 605 lo-

240 652 514 733 quutus
540 691 560 725 ,
621 637 826 706 initio
867 636 989 706 ille
1029 636 1378 707 orationis
1415 661 1560 707 suae
1601 636 1807 714 vobis
1853 642 2238 732 maximae,
2291 661 2379 718 ut

239 746 535 833 debuit,
577 744 842 817 deinde
880 746 1094 816 etiam
1124 745 1301 815 mihi
1342 749 1602 844 gratias
1640 751 1785 845 egit
1824 776 1840 819 ε
1886 752 2091 847 quod
2126 757 2192 826 ei
2223 780 2379 853 per-

234 881 581 954 magnum
605 871 676 927 et
695 854 1318 955 perhonorificum
1342 855 1747 946 videbatur,
1774 862 1840 929 S.
1866 865 2043 951 RQ.
2061 867 2143 934 R.
2167 879 2380 938 tantae

231 990 419 1037 curae
463 991 621 1039 esse
665 968 974 1039 salutem
1021 991 1267 1055 suam3
1308 991 1571 1065 meque
1612 982 1885 1039 tantam
1936 970 2378 1070 diligentiam

230 1075 618 1162 adhibere,
645 1091 727 1147 ut
765 1093 839 1148 et
882 1101 1042 1148 mea
1076 1074 1296 1164 fides,
1334 1091 1407 1148 et
1440 1077 2093 1151 commendationis
2130 1097 2378 1155 vestrae

227 1189 619 1259 auctoritas
679 1187 991 1286 perspici
1029 1200 1294 1284 posset.
1371 1191 1609 1283 Atque
1659 1187 1776 1259 ille
1832 1189 2111 1286 primo,-
2177 1193 2379 1288 quod

230 1297 404 1367 mihi
436 1299 769 1367 maximae
798 1297 1049 1368 laetitiae
1086 1295 1262 1379 fuit,
1288 1297 1387 1366 ita
1416 1321 1700 1368 mecum
1732 1297 2083 1396 loquutus
2118 1317 2225 1372 est
2247 1357 2266 1391 ,
2295 1318 2380 1374 ut

231 1408 463 1479 nullas
492 1406 788 1478 insidias
817 1432 1059 1503 neque
1090 1408 1249 1476 vitae
1286 1430 1467 1494 suae,
1505 1431 1746 1504 neque
1782 1433 2007 1505 regno
2026 1465 2045 1498 ,
2074 1408 2380 1503 diceret,

226 1541 294 1590 se
333 1533 466 1589 aut
498 1517 902 1616 intelligere
937 1516 1092 1589 fieri
1114 1572 1133 1602 ,
1172 1532 1297 1587 aut
1328 1520 1538 1588 etiam
1571 1520 1933 1616 suspicari.
1955 1522 2212 1622 Quum
2242 1540 2380 1621 ego

227 1630 285 1699 ei
325 1627 732 1725 gratulatus
766 1650 995 1698 essem
1022 1682 1040 1715 ,
1070 1625 1294 1724 idque
1332 1651 1448 1698 me
1482 1627 1801 1725 gaudere
1838 1628 2216 1720 dixissem3
2251 1658 2375 1704 co-

230 1739 602 1827 hortatus,
658 1753 744 1808 ut
778 1736 1284 1809 recordaretur
1334 1762 1580 1808 casum
1616 1738 1823 1809 illum
1861 1742 2194 1814 interitus
2245 1767 2373 1842 pa·

229 1846 490 1937 ternif’,
528 1863 605 1919 et
640 1848 1022 1946 vigilanter
1066 1872 1141 1918 se
1196 1854 1549 1937 tueretur,
1580 1862 1799 1948 atque
1840 1851 2220 1925 admonitu
2261 1880 2373 1927 se-

227 1975 437 2030 natus
488 1958 914 2030 consuleret·
964 1958 1176 2030 saluti
1230 1984 1373 2030 suae
1418 1988 1434 2030 z
1491 1974 1648 2030 tum
1687 1986 1728 2032 a
1768 1986 1886 2033 me
1930 1962 2255 2036 discessit
2297 1967 2374 2036 in

225 2068 584 2168 oppidum
616 2068 967 2166 Cybistra.
1010 2074 1306 2141 Postero
1340 2084 1584 2141 autem
1622 2069 1737 2141 die
1766 2095 1942 2143 cum>
1963 2075 2372 2165 Ariarathe,

225 2180 440 2252 fratre
478 2206 656 2265 suo,
701 2194 775 2250 et
812 2204 978 2250 cum
1032 2181 1352 2277 paternis
1392 2181 1678 2269 amicis,
1717 2181 2113 2276 majoribus
2150 2200 2370 2277 natu,

227 2292 309 2362 ad
338 2294 563 2362 mein
593 2305 822 2362 castra
849 2291 1081 2377 venit3
1121 2288 1735 2388 perturbatusque
1772 2306 1846 2362 et
1880 2290 2093 2380 flens,
2137 2320 2369 2391 quum

227 2401 413 2473 idem
449 2416 525 2473 et
554 2400 774 2474 frater
805 2398 1106 2489 faceret,
1137 2415 1212 2472 et
1242 2402 1487 2488 amici,
1518 2427 1753 2473 meam
1774 2400 1990 2475 fidem
2011 2460 2030 2490 ,
2058 2421 2369 2479 vestram

227 2510 931 2583 commendationem
960 2510 1347 2609 implorare
1383 2514 1624 2610 coepit.
1668 2516 1916 2605 Quum
1954 2517 2369 2608 admirarer,

229 2621 397 2718 quid
416 2620 798 2694 accidisset
823 2622 995 2691 novi
1027 2648 1044 2690 ε
1074 2618 1286 2708 dixit,
1315 2620 1404 2691 ad
1425 2647 1500 2693 se
1535 2620 1798 2694 indicia
1823 2623 2368 2698 manifestarum

229 2732 650 2803 insidiarum
709 2756 863 2803 esse
915 2730 1192 2819 delata,
1241 2756 1405 2828 quae
1462 2749 1700 2805 essent
1751 2750 1917 2807 ante
1972 2735 2368 2809 adventum

230 2867 468 2915 meum
495 2842 853 2913 occultata
880 2896 900 2930 ,
940 2841 1143 2939 quod
1177 2843 1262 2930 ii,
1289 2844 1417 2938 qui
1461 2867 1543 2915 ea
1585 2843 1986 2940 patefacere
2032 2864 2363 2944 possent,

232 2965 527 3049 propter
560 2965 838 3021 metum
878 2952 1368 3039 reticuissent;
1408 2977 1496 3024 eo
1542 2967 1782 3024 autem
1821 2969 2151 3053 tempore
2178 3011 2198 3045 ,
2235 2984 2364 3057 spe

232 3064 361 3132 mei
402 3059 755 3159 praesidii,
785 3059 1197 3157 complures
1225 3086 1304 3132 ea
1324 3115 1343 3148 ,
1374 3088 1534 3159 quae
1563 3064 1827 3134 scirent
1848 3118 1867 3151 ,
1904 3064 2244 3138 audacter
2270 3070 2363 3140 ad

230 3194 300 3240 se
326 3170 673 3242 detulisse
698 3197 717 3256 3
757 3170 832 3240 in
862 3169 973 3240 his
1001 3174 1571 3243 amantissimum
1601 3175 1752 3263 sui,
1788 3198 2065 3246 summa
2100 3179 2367 3274 pietate

230 3281 610 3378 praeditum
630 3335 649 3368 ,
677 3279 970 3351 fratrem
995 3334 1014 3366 ,
1045 3280 1284 3352 dicere
1317 3307 1434 3371 ea,
1463 3309 1625 3380 quae
1666 3285 1727 3356 is
1761 3309 1879 3356 me
1908 3311 2204 3382 quoque
2230 3312 2362 3360 au-

229 3390 467 3464 diente
500 3390 813 3493 dicebat,
848 3416 923 3464 se
958 3391 1414 3463 sollicitatum
1449 3418 1642 3481 esse,
1664 3408 1747 3465 ut
1783 3420 2084 3492 regnare
2107 3396 2360 3486 vellet;

227 3646 529 3694 Ariarathem
554 3656 605 3695 et
628 3647 1005 3696 Ariobarzanem
1022 3648 1244 3697 Euseben
1333 3650 1457 3696 ΝΟΥ
1470 3651 1767 3696 ΕΥΣΕΒΟΥΣ
1784 3650 2222 3699 ΦΙΛΟΡΩΜΑΙΟΥ.
2235 3653 2357 3702 Uns.

227 3736 267 3771 et
286 3726 683 3792 Philorofnaeum,
707 3738 885 3787 tuerer,
902 3730 1102 3792 ejusque
1121 3729 1247 3792 regis
1407 3729 1455 3776 5.
1478 3731 1541 3775 In
1571 3726 1768 3775 consilio
1792 3743 1914 3775 meu.
1937 3728 2254 3779 Praesentibus
2271 3732 2360 3794 qui

224 3804 441 3865 salntem,
467 3816 603 3853 etc.»
625 3805 785 3853 Incidi
812 3818 980 3870 postea
1006 3808 1060 3856 in
1076 3823 1248 3871 argen-
1334 3806 1534 3867 majoris
1576 3805 1710 3870 apud
1750 3821 1862 3853 eum
1907 3805 2159 3870 dignitatis
2190 3821 2359 3869 erant,

224 3892 347 3929 teum
396 3900 652 3931 nummum
689 3885 1032 3934 Ariobarzanis
1075 3887 1244 3948 buJus,
1333 3899 1576 3950 quaestore
1610 3885 1878 3946 Mescinio,
1917 3886 2085 3951 legatis
2120 3901 2359 3953 quatuor,

222 3978 361 4025 quem
382 3963 465 4010 hic
480 3962 709 4012 describit
723 3965 914 4024 Cicero,
929 3966 979 4013 in
993 3968 1132 4028 cnjus
1148 3982 1245 4013 una
1336 3978 1432 4014 etc.
1464 3966 1613 4014 Mn«.

223 4053 355 4102 parte
376 4042 722 4090 Ariobarzanis
746 4044 900 4108 ipsius
920 4045 1095 4108 imago,
1113 4045 1165 4091 in
1178 4044 1250 4090 al-
1406 4046 1457 4092 6.
1501 4044 1676 4092 Quum
1724 4042 1942 4092 interitus
1974 4045 2191 4108 paterni.
2228 4046 2357 4107 Quia

221 4130 317 4165 tera
334 4121 594 4186 inscriptio
606 4122 756 4171 incisa
770 4135 862 4183 est,
882 4121 1244 4173 APloBAPzA-
1333 4122 1616 4172 interfectus
1636 4133 1734 4171 erat
1758 4140 1846 4186 per
1869 4123 2085 4179 insidias,
2105 4139 2255 4186 quum
2272 4138 2360 4171 ex·
