3023 4773
474 439 1000 508 EPISTOLAE
1042 439 1187 507 AD
1238 441 1731 525 ATTICUM,
1774 443 1960 530 VII,
2019 467 2124 511 12.
2223 445 2365 542 673

237 574 435 630 certo
477 558 943 630 habebamus.
984 562 1071 629 Et
1117 559 1325 629 velim
1366 560 1393 645 <
1425 584 1903 657 quamquam,
1950 577 2031 633 ut
2066 565 2317 637 scribis
2347 579 2376 656 ,'

234 667 649 740 domesticis
698 684 769 739 te
821 667 1170 739 finibus¹⁰
1230 669 1521 758 tenes),
1573 668 1876 740 formam
1924 673 2102 742 mihi
2145 675 2363 747 Urbis

237 801 592 876 exponas,
631 777 918 875 ecquod
954 782 1275 875 Pompeii
1308 778 1781 868 desiderium,
1825 806 2052 878 ecqua
2079 787 2366 857 Caesaris

232 887 503 958 invidia
539 902 879 985 appareat
924 915 939 956 ε
994 891 1208 960 etiam
1257 889 1435 986 quid
1473 913 1761 961 censeas
1801 890 1891 961 de
1927 896 2258 965 Terentia
2294 912 2367 968 et

233 997 749 1085 Tullia,Romae
779 1022 896 1069 eas
921 1023 1101 1086 esse,
1134 1023 1227 1069 an
1258 1023 1579 1088 mecum,
1611 1024 1700 1069 an
1724 1001 1967 1098 aliquo
1990 1016 2149 1102 tuto
2181 1005 2363 1076 loco.

232 1111 318 1176 Et
354 1107 539 1193 haec,
592 1123 665 1179 et
701 1109 759 1179 si
801 1107 979 1205 quid
1029 1108 1262 1200 aliud,
1334 1108 1425 1181 ad
1475 1133 1594 1181 me
1638 1109 1904 1182 scribas
1948 1112 2201 1201 velim,
2249 1117 2363 1188 vel

234 1220 475 1313 potius
512 1220 885 1315 scriptites.

307 1425 384 1457 ιο.
426 1369 707 1458 Domesticis
717 1409 930 1478 finibus.
966 1409 1133 1458 Rebus
1163 1410 1372 1473 publicis
1400 1421 1447 1459 te
1471 1427 1573 1460 non
1592 1412 1844 1464 admisces.
1871 1417 2011 1464 Mur.

228 1590 318 1610 w-

503 1589 685 1609 mm
694 1588 961 1611 mmm
966 1589 1241 1613 mmm
1246 1590 1707 1612 mmmm
1711 1585 2254 1621 WWw-vt'n
2263 1595 2352 1618 νυύ

836 1781 1425 1863 EPISTOLA
1498 1781 1753 1898 xm.

226 1948 466 2032 Caesaris
495 1951 790 2032 praesidia,
818 1951 1081 2029 Pompeii
1110 1965 1347 2029 peccata
1370 1966 1429 2010 et
1455 1956 1956 2031 perturbationem
1991 1963 2255 2038 exponit3
2287 1947 2361 2022 de

305 2049 711 2120 Ciceronibus,
740 2047 814 2105 de
841 2067 1021 2105 uxore
1050 2060 1107 2105 et
1136 2048 1252 2105 filia
1289 2047 1430 2125 quid
1473 2051 1758 2126 agendum
1798 2054 1872 2112 sit
1912 2054 2155 2114 dubitat.
2202 2059 2361 2118 Atti-

304 2163 434 2204 cum
460 2157 655 2224 rogat,
700 2156 763 2202 ut
803 2143 944 2220 quid
990 2144 1248 2202 futurum
1299 2159 1466 2222 putet
1505 2145 1736 2204 scribat.
1791 2155 1858 2207 In
1899 2153 2196 2230 aenigmate
2237 2156 2361 2232 ejus

303 2243 547 2301 multum
573 2261 634 2299 se
658 2252 924 2297 aestuasse
957 2240 1053 2296 ait.
1087 2240 1351 2318 Denique
1378 2261 1439 2298 se
1466 2244 1530 2298 L.
1552 2243 1833 2300 Caesarem
1859 2246 2071 2303 vidisse
2096 2252 2355 2323 nuntiat,

302 2351 361 2398 et
392 2336 713 2396 Labienum
736 2340 995 2393 Teanum
1028 2336 1283 2407 venisse,
1322 2356 1382 2395 se
1412 2356 1555 2395 vero
1583 2336 1726 2415 quid
1752 2358 1786 2396 a
1814 2341 2036 2400 Caesare
2058 2344 2354 2418 afferatur,

299 2448 360 2495 et
400 2434 541 2513 quid
572 2433 858 2492 Domitius
883 2432 1167 2491 Thermus
1197 2446 1255 2491 et
1300 2435 1493 2501 Attius
1542 2449 1747 2514 agant,
1781 2453 2133 2515 exspectare.
2168 2442 2354 2521 (cali-

300 2533 439 2605 bus,
463 2552 615 2591 anno
638 2536 712 2591 U.
731 2533 794 2591 C.
818 2540 961 2603 704,
988 2550 1183 2589 mense
1203 2529 1519 2613 januario.)

891 2710 1202 2780 CICERO
1249 2713 1569 2781 ATTICO
1614 2719 1676 2782 S,

314 2865 425 2930 DE
478 2859 973 2928 Vennonianis
1016 2868 1035 2900 ¹
1092 2855 1310 2928 rebus
1363 2856 1495 2927 tibi
1535 2864 1905 2930 assentior.
1947 2860 2351 2936 Labienum

210 2955 383 3063 ἥρωα
415 2964 700 3061 judico;
739 2960 1014 3035 facinus
1040 2963 1189 3058 jam
1216 2962 1340 3034 diu
1365 2962 1652 3033 nullum
1678 2965 1880 3035 civile
1909 2968 2346 3060 praeclarius:

212 3077 348 3173 qui
383 3089 464 3145 ut
501 3071 695 3144 aliud
722 3073 939 3160 nihil,
975 3071 1117 3144 hoc
1153 3088 1396 3144 tamen
1430 3071 1775 3171 profecit3
1808 3073 2009 3146 dedit
2039 3076 2190 3147 illi²
2224 3079 2350 3151 do-

212 3185 467 3256 lorem.
498 3182 638 3255 Sed
662 3184 874 3254 etiam
903 3181 994 3253 ad
1027 3208 1378 3254 summam
1404 3182 1811 3282 profectum
1844 3185 2115 3282 aliquid
2143 3204 2345 3286 puto.

213 3299 393 3364 Amo
435 3298 646 3365 etiam
677 3294 1009 3363 Pisonem
1039 3289 1068 3334 3
1107 3317 1124 3362 ε
1162 3293 1370 3388 cujus
1399 3294 1756 3388 judicium
1796 3293 1885 3365 de
1922 3319 2189 3391 genero
2224 3325 2346 3371 su·

212 3407 454 3502 spicor
490 3405 718 3474 visum
752 3402 838 3472 iri
868 3426 1101 3499 grave.
1126 3406 1615 3501 Quamquam,
1652 3430 1877 3502 genus
1901 3403 2118 3477 belli‘*
2147 3411 2348 3506 quod

212 3517 306 3586 sit
334 3568 355 3603 ,
399 3512 594 3585 vides
641 3541 657 3582 :
712 3517 813 3583 ita
856 3512 1058 3584 civile
1102 3529 1248 3601 est,
1298 3529 1383 3585 ut
1430 3539 1585 3584 non
1626 3538 1715 3585 ex
1761 3517 2022 3586 civium
2069 3516 2346 3592 dissen-

211 3625 450 3712 sione,
489 3621 616 3694 sed
649 3640 736 3693 ex
762 3623 976 3693 unius
1001 3623 1263 3721 perditi
1296 3623 1469 3694 civis
1505 3621 1799 3694 audacia
1835 3638 2089 3694 natum
2126 3628 2237 3698 sit.
2278 3634 2347 3701 Is

291 3824 338 3859 x.
379 3806 724 3856 Vennonianis.
768 3808 831 3857 C.
866 3804 1141 3867 Vennonii3
1177 3808 1239 3856 de
1326 3808 1569 3869 ecesserit,
1587 3824 1817 3872 generum
1835 3824 1976 3857 suum
1996 3806 2229 3859 caesarem
2249 3830 2351 3864 nou

211 3902 314 3953 quo
338 3883 426 3935 lib.
453 3886 547 3945 VI,
574 3901 652 3948 ep.
686 3899 707 3929 1
739 3894 788 3932 et
817 3887 863 3932 3.
894 3888 990 3934 Res
1018 3885 1238 3951 quaedam
1326 3899 1638 3952 exspectans,
1664 3889 1784 3952 qnid
1804 3889 1865 3936 de
1883 3905 1943 3936 eo
1955 3890 2173 3951 judicet,
2197 3896 2353 3941 nuni-

210 3967 433 4031 privatae.
566 4022 570 4025 v
1327 3969 1503 4016 festum
1526 3979 1616 4016 est.
1633 3969 1727 4016 Hic
1746 3979 1818 4017 est
1836 3971 1891 4017 L.
1910 3970 2198 4034 Calpurnius
2212 3974 2347 4032 Piso,

283 4061 312 4093 α
324 4080 337 4093 .
364 4043 465 4093 mi.
498 4041 675 4092 Caesari
688 4075 703 4099 ,
732 4057 761 4088 a
779 4057 880 4105 qno
898 4042 1132 4094 discessit.
1328 4046 1383 4095 in
1399 4063 1544 4111 quem
1562 4057 1719 4123 exstat
1732 4048 1982 4125 Ciceronis
2001 4050 2177 4098 oratio.
2199 4051 2343 4100 Mu«.

286 4123 337 4169 3.
365 4121 601 4169 Pisonem.
629 4120 729 4184 Qui
748 4136 900 4184 quum
921 4119 981 4166 ab
1010 4122 1142 4171 Urbe
1166 4123 1239 4172 di·
1378 4135 1449 4199 4.
1473 4127 1558 4176 Al.
1588 4126 1732 4176 tocius
1755 4126 1882 4177 belli.
1912 4128 1963 4177 J.
1986 4131 2051 4176 V.
2082 4129 2140 4177 L.

407 4209 498 4277 ΙΙ.
555 4220 653 4271 cto.
671 4236 792 4287 pars
829 4231 1017 4288 quana.
2020 4208 2113 4293 43
