3023 4773
797 440 1343 524 EPISTOLAE,
1377 409 1590 522 xlv,
1636 438 1739 508 16.
1811 513 1815 520 .
2202 442 2334 514 113

224 561 599 635 officiosior
636 584 829 647 esse,
875 585 1096 657 quam
1128 557 1304 645 fuit,
1341 575 1412 631 et
1450 558 1528 630 id
1569 561 1807 657 ipsum
1829 616 1848 652 ‚
1889 561 2092 660 quod
2132 561 2339 655 fecit,

221 674 443 771 potuit
493 657 1187 768 diligentius‘facere‘
1227 685 1299 742 et
1342 672 1645 741 cautius.
1702 675 2162 769 Quamquam
2206 675 2344 747 alia

219 798 406 871 sunt,
451 807 615 879 quae
648 782 874 879 magis
903 805 1271 869 curemuS,
1305 782 1678 877 magisque
1721 780 2091 854 doleamus
2127 810 2143 852 ε
2178 810 2340 881 quae

218 920 320 964 me
357 896 457 964 ita
504 891 952 979 conficiunt,
1000 907 1085 963 ut
1134 894 1183 961 ii
1226 892 1658 979 voluerunt,
1704 896 1832 987 qui
1879 917 1996 962 me
2051 892 2140 965 de
2184 920 2347 988 mea

216 1004 562 1075 sententia
585 997 1123 1074 detruserunt-⁹³.
1149 1005 1369 1088 Cura,
1389 1015 1474 1072 ut
1505 1000 1760 1072 valeas.
1786 1001 2026 1073 Pridie
2057 1001 2341 1075 kalend.

209 1115 477 1208 januar.

276 1276 324 1326 3.
358 1280 695 1324 Detrmerunt.
740 1275 936 1323 Ρνένωε
977 1275 1038 1323 de
1077 1275 1231 1324 Dola·
1320 1290 1524 1325 uxorem
1545 1275 1774 1339 epistolas
1796 1276 2009 1325 scribere
2041 1276 2262 1338 solebat3
2295 1290 2348 1328 et

214 1358 325 1405 bella
351 1355 619 1419 intelligit,
653 1357 794 1417 cujus
821 1347 1027 1403 consilio
1054 1355 1229 1405 Cicero
1319 1353 1465 1401 verba
1477 1353 1564 1401 ina
1582 1368 1594 1400 ε
1612 1355 1772 1402 «Sunt
1791 1354 2169 1419 aliaquaemagis
2185 1356 2345 1404 dolea-

212 1439 381 1485 iuvitns
412 1435 604 1482 Italiam
643 1435 948 1499 repetiverint.
990 1439 1227 1493 Fuerunt,
1317 1450 1486 1494 mus»,
1511 1450 1604 1498 pro
1632 1434 1720 1482 illo
1742 1434 1941 1493 dolore,
1961 1452 2104 1500 quem
2128 1453 2192 1484 ex
2218 1438 2344 1484 cala-

210 1517 286 1579 qni
304 1516 432 1563 hanc
455 1531 539 1578 ep.
566 1525 787 1577 tempore
815 1511 975 1559 exsilii
1001 1515 1231 1577 scriptam
1319 1514 1485 1562 unitate
1531 1511 1689 1561 exsilii
1731 1513 1982 1578 capiebat,
2029 1517 2129 1563 vim
2167 1516 2346 1565 habere

209 1612 301 1644 eae
332 1605 587 1660 putarent.
623 1593 722 1640 Sed
756 1602 862 1640 tum
887 1592 1138 1655 longiores
1167 1591 1230 1639 ad
1319 1593 1435 1640 satis
1461 1607 1686 1657 magnam
1709 1607 1814 1640 non
1841 1592 2084 1642 videntur.
2103 1597 2221 1643 Scn.

208 1790 851 1811 summm
858 1788 2342 1812 mmmmmmmmmmmmmm

810 1987 1403 2068 EPISTOLA
1468 1985 1756 2066 XVII.

204 2165 353 2224 Nihil
377 2182 506 2222 esse
535 2161 639 2233 ait,
668 2158 830 2237 quod
853 2157 1085 2217 scribat.
1101 2156 1414 2231 Quomodo
1441 2156 1568 2233 ipse
1595 2155 1703 2227 sit,
1735 2175 1807 2213 ex
1835 2158 2022 2234 Lepta
2047 2170 2110 2215 et
2124 2157 2347 2218 Treba-

277 2263 355 2320 tio
385 2279 564 2339 posse
581 2256 873 2335 cognosci.
900 2260 1137 2315 Constat
1162 2252 1438 2332 scriptam
1462 2252 1656 2324 fuisse,
1671 2271 1852 2329 quum
1872 2252 2163 2314 Brundisii
2181 2269 2346 2316 esset.

271 2356 642 2439 (Brundisii,
673 2373 828 2413 anno
851 2357 923 2414 U.
948 2356 1015 2413 C.
1044 2351 1187 2425 705,
1215 2369 1411 2409 mense
1433 2347 1775 2428 decembri.)

643 2540 736 2604 M.
759 2539 836 2602 T.
874 2538 949 2601 C.
974 2532 1441 2600 TERENTIAE
1485 2532 1675 2597 SUAE
1720 2533 1783 2598 S.
1818 2534 1899 2597 D.

281 2692 354 2758 S.
376 2688 470 2754 V.
495 2688 573 2753 B.
605 2686 685 2752 E.
709 2686 795 2752 V.
844 2680 914 2749 Si
951 2675 1131 2774 quid
1169 2674 1549 2760 haberem,
1596 2673 1799 2771 quod
1837 2673 1930 2745 ad
1970 2691 2043 2746 te
2075 2677 2341 2750 scribe-

197 2823 381 2886 rem,
422 2794 743 2866 facerem
783 2789 860 2860 id
906 2804 978 2859 et
1014 2785 1347 2886 pluribus
1382 2784 1650 2873 verbis,
1697 2800 1772 2856 et
1802 2787 2080 2884 saepius.
2125 2792 2340 2861 Nunc

198 2934 354 3005 quae
394 2910 588 2975 sint¹
649 2902 977 2998 negotia,
1033 2898 1255 2969 vides.
1299 2901 1451 2994 Ego
1492 2911 1737 2968 autem
1783 2898 2156 2994 quomodo
2202 2902 2337 2971 sim

196 3020 528 3103 affectuS‚
564 3041 654 3088 ex
676 3019 903 3112 Lepta
930 3027 1004 3083 et
1026 3010 1405 3083 Trebatio²
1443 3010 1716 3108 poteris
1753 3033 2210 3106 cognoscere.
2233 3017 2344 3083 Tu

194 3129 336 3218 fac,
365 3146 456 3201 ut
491 3143 697 3199 tuam
738 3138 810 3196 et
834 3122 1081 3193 Tulliae
1112 3119 1583 3191 valitudinem
1618 3142 1850 3189 cures.
1895 3119 2091 3190 Vale.

263 3368 308 3398 1.
323 3350 432 3398 Alii
447 3383 464 3407 ‚
491 3357 623 3395 sunt.
642 3347 696 3394 J.
713 3345 775 3391 V.
800 3345 857 3392 L.
1309 3338 1559 3388 Brundisii
1584 3347 1913 3386 convenerant
1926 3371 1944 3398 ,
1961 3352 2020 3384 nc
2044 3336 2219 3386 deinde
2237 3338 2341 3385 lto-

256 3445 307 3476 2.
334 3430 423 3476 Ex
450 3429 607 3491 Lepta
635 3435 686 3472 ee
715 3421 958 3471 Trebatio.
985 3420 1087 3484 Qui
1112 3435 1224 3468 eum
1310 3434 1439 3465 mam
1474 3417 1684 3482 profecti
1710 3427 1862 3465 erant.
1889 3416 1981 3464 En.

396 4213 489 4277 II,
545 4221 636 4267 Cic.
658 4236 766 4283 pars
797 4227 977 4281 quartu.
2065 4202 2106 4268 8
