<?xml version="1.0" encoding="UTF-8"?>
<!DOCTYPE html PUBLIC "-//W3C//DTD XHTML 1.0 Transitional//EN"
    "http://www.w3.org/TR/xhtml1/DTD/xhtml1-transitional.dtd">
<html xmlns="http://www.w3.org/1999/xhtml" xml:lang="en" lang="en">
 <head>
  <title>
</title>
<meta http-equiv="Content-Type" content="text/html;charset=utf-8" />
  <meta name='ocr-system' content='tesseract 3.04.00' />
  <meta name='ocr-capabilities' content='ocr_page ocr_carea ocr_par ocr_line ocrx_word'/>
</head>
<body>
  <div class='ocr_page' id='page_1' title='image "./mtciceronisquae01bouigoog_0407.png"; bbox 0 0 3023 4773; ppageno 0'>
   <div class='ocr_carea' id='block_1_1' title="bbox 596 383 2454 497">
    <p class='ocr_par' dir='ltr' id='par_1_1' title="bbox 596 383 2454 497">
     <span class='ocr_line' id='line_1_1' title="bbox 596 383 2454 497; baseline 0.004 -37"><span class='ocrx_word' id='word_1_1' title='bbox 596 383 1137 461; x_wconf 84' lang='lat' dir='ltr'><strong>EPISTOLAE</strong></span> <span class='ocrx_word' id='word_1_2' title='bbox 1188 388 1320 458; x_wconf 86' lang='lat' dir='ltr'>AD</span> <span class='ocrx_word' id='word_1_3' title='bbox 1371 386 1877 480; x_wconf 89' lang='lat' dir='ltr'><strong>ATTICUM‚</strong></span> <span class='ocrx_word' id='word_1_4' title='bbox 1928 398 2036 479; x_wconf 88' lang='grc' dir='ltr'>ΙΙ,</span> <span class='ocrx_word' id='word_1_5' title='bbox 2099 396 2202 467; x_wconf 89' lang='lat'>16.</span> <span class='ocrx_word' id='word_1_6' title='bbox 2322 395 2454 497; x_wconf 82' lang='lat'>397</span> 
     </span>
    </p>
   </div>
   <div class='ocr_carea' id='block_1_2' title="bbox 337 510 2477 2686">
    <p class='ocr_par' dir='ltr' id='par_1_2' title="bbox 337 510 2465 1263">
     <span class='ocr_line' id='line_1_2' title="bbox 340 510 2460 613; baseline -0.002 -31"><span class='ocrx_word' id='word_1_7' title='bbox 340 528 482 582; x_wconf 77' lang='lat' dir='ltr'>tem</span> <span class='ocrx_word' id='word_1_8' title='bbox 524 516 628 583; x_wconf 82' lang='grc' dir='ltr'>τὸν</span> <span class='ocrx_word' id='word_1_9' title='bbox 683 514 1041 607; x_wconf 78' lang='grc' dir='ltr'>θεωρητικὸν</span> <span class='ocrx_word' id='word_1_10' title='bbox 1057 520 1150 597; x_wconf 79' lang='lat'>²²,</span> <span class='ocrx_word' id='word_1_11' title='bbox 1205 510 1496 605; x_wconf 82' lang='lat' dir='ltr'>utrique</span> <span class='ocrx_word' id='word_1_12' title='bbox 1553 535 1593 580; x_wconf 84' lang='lat' dir='ltr'>a</span> <span class='ocrx_word' id='word_1_13' title='bbox 1648 536 1763 582; x_wconf 85' lang='lat' dir='ltr'>me</span> <span class='ocrx_word' id='word_1_14' title='bbox 1809 538 1967 586; x_wconf 85' lang='lat' dir='ltr'>mos</span> <span class='ocrx_word' id='word_1_15' title='bbox 2009 532 2460 613; x_wconf 72' lang='lat' dir='ltr'>gest113.esse</span> 
     </span>
     <span class='ocr_line' id='line_1_3' title="bbox 340 618 2458 700; baseline 0.005 -10"><span class='ocrx_word' id='word_1_16' title='bbox 340 622 684 691; x_wconf 82' lang='lat' dir='ltr'>videatur.</span> <span class='ocrx_word' id='word_1_17' title='bbox 709 625 891 692; x_wconf 89' lang='lat' dir='ltr'>Puto</span> <span class='ocrx_word' id='word_1_18' title='bbox 911 624 1105 692; x_wconf 89' lang='lat' dir='ltr'>enim</span> <span class='ocrx_word' id='word_1_19' title='bbox 1125 644 1241 689; x_wconf 89' lang='lat' dir='ltr'>me</span> <span class='ocrx_word' id='word_1_20' title='bbox 1271 619 1685 690; x_wconf 86' lang='lat' dir='ltr'>Dicaearcho</span> <span class='ocrx_word' id='word_1_21' title='bbox 1711 618 1979 693; x_wconf 87' lang='lat' dir='ltr'>affatim</span> <span class='ocrx_word' id='word_1_22' title='bbox 2006 625 2458 700; x_wconf 82' lang='lat' dir='ltr'>satisfecisse:</span> 
     </span>
     <span class='ocr_line' id='line_1_4' title="bbox 339 726 2458 829; baseline 0.005 -29"><span class='ocrx_word' id='word_1_23' title='bbox 339 734 644 829; x_wconf 81' lang='lat' dir='ltr'>respicio</span> <span class='ocrx_word' id='word_1_24' title='bbox 666 754 864 801; x_wconf 91' lang='lat' dir='ltr'>nunc</span> <span class='ocrx_word' id='word_1_25' title='bbox 890 731 980 802; x_wconf 83' lang='lat' dir='ltr'>ad</span> <span class='ocrx_word' id='word_1_26' title='bbox 1000 731 1186 802; x_wconf 89' lang='lat' dir='ltr'>hanc</span> <span class='ocrx_word' id='word_1_27' title='bbox 1204 726 1640 817; x_wconf 80' lang='lat' dir='ltr'>familiam²³‚</span> <span class='ocrx_word' id='word_1_28' title='bbox 1668 754 1830 826; x_wconf 82' lang='lat' dir='ltr'>quae</span> <span class='ocrx_word' id='word_1_29' title='bbox 1850 732 2025 802; x_wconf 88' lang='lat' dir='ltr'>mihi</span> <span class='ocrx_word' id='word_1_30' title='bbox 2045 760 2192 806; x_wconf 90' lang='lat' dir='ltr'>non</span> <span class='ocrx_word' id='word_1_31' title='bbox 2214 737 2458 828; x_wconf 80' lang='lat' dir='ltr'>modu,</span> 
     </span>
     <span class='ocr_line' id='line_1_5' title="bbox 341 837 2465 940; baseline 0.006 -32"><span class='ocrx_word' id='word_1_32' title='bbox 341 853 422 909; x_wconf 92' lang='lat' dir='ltr'>ut</span> <span class='ocrx_word' id='word_1_33' title='bbox 453 841 892 935; x_wconf 84' lang='lat' dir='ltr'>requiescam</span> <span class='ocrx_word' id='word_1_34' title='bbox 920 895 938 927; x_wconf 94' lang='lat'>‚</span> <span class='ocrx_word' id='word_1_35' title='bbox 976 839 1369 938; x_wconf 86' lang='lat' dir='ltr'>permittit,</span> <span class='ocrx_word' id='word_1_36' title='bbox 1407 837 1534 909; x_wconf 91' lang='lat' dir='ltr'>sed</span> <span class='ocrx_word' id='word_1_37' title='bbox 1565 838 2068 935; x_wconf 84' lang='lat' dir='ltr'>reprehendit,</span> <span class='ocrx_word' id='word_1_38' title='bbox 2102 848 2272 940; x_wconf 88' lang='lat' dir='ltr'>quia</span> <span class='ocrx_word' id='word_1_39' title='bbox 2309 873 2465 919; x_wconf 90' lang='lat' dir='ltr'>non</span> 
     </span>
     <span class='ocr_line' id='line_1_6' title="bbox 337 946 2463 1046; baseline 0.005 -29"><span class='ocrx_word' id='word_1_40' title='bbox 337 972 624 1046; x_wconf 82' lang='lat' dir='ltr'>semper</span> <span class='ocrx_word' id='word_1_41' title='bbox 657 950 982 1046; x_wconf 89' lang='lat' dir='ltr'>quierim.</span> <span class='ocrx_word' id='word_1_42' title='bbox 1002 953 1244 1040; x_wconf 84' lang='lat' dir='ltr'>Quare</span> <span class='ocrx_word' id='word_1_43' title='bbox 1275 946 1866 1036; x_wconf 78' lang='lat' dir='ltr'>incumbam·u5,o</span> <span class='ocrx_word' id='word_1_44' title='bbox 1895 967 2140 1024; x_wconf 88' lang='lat' dir='ltr'>noster</span> <span class='ocrx_word' id='word_1_45' title='bbox 2155 956 2339 1044; x_wconf 88' lang='lat' dir='ltr'>Tite,</span> <span class='ocrx_word' id='word_1_46' title='bbox 2368 956 2463 1027; x_wconf 90' lang='lat' dir='ltr'>ad</span> 
     </span>
     <span class='ocr_line' id='line_1_7' title="bbox 337 1056 2464 1163; baseline 0.006 -38"><span class='ocrx_word' id='word_1_47' title='bbox 337 1056 457 1126; x_wconf 85' lang='lat' dir='ltr'>illa</span> <span class='ocrx_word' id='word_1_48' title='bbox 494 1057 828 1154; x_wconf 84' lang='lat' dir='ltr'>praeclara</span> <span class='ocrx_word' id='word_1_49' title='bbox 854 1057 1089 1129; x_wconf 89' lang='lat' dir='ltr'>studia</span> <span class='ocrx_word' id='word_1_50' title='bbox 1110 1112 1128 1144; x_wconf 95' lang='lat'>,</span> <span class='ocrx_word' id='word_1_51' title='bbox 1168 1072 1240 1127; x_wconf 86' lang='lat' dir='ltr'>et</span> <span class='ocrx_word' id='word_1_52' title='bbox 1275 1082 1363 1127; x_wconf 92' lang='lat' dir='ltr'>eo</span> <span class='ocrx_word' id='word_1_53' title='bbox 1385 1111 1404 1144; x_wconf 94' lang='lat'>,</span> <span class='ocrx_word' id='word_1_54' title='bbox 1442 1056 1639 1129; x_wconf 84' lang='lat' dir='ltr'>unde</span> <span class='ocrx_word' id='word_1_55' title='bbox 1668 1058 2035 1132; x_wconf 84' lang='lat' dir='ltr'>discedere</span> <span class='ocrx_word' id='word_1_56' title='bbox 2074 1088 2222 1133; x_wconf 92' lang='lat' dir='ltr'>non</span> <span class='ocrx_word' id='word_1_57' title='bbox 2247 1090 2464 1163; x_wconf 88' lang='lat' dir='ltr'>opor-</span> 
     </span>
     <span class='ocr_line' id='line_1_8' title="bbox 341 1165 1767 1263; baseline 0.001 -29"><span class='ocrx_word' id='word_1_58' title='bbox 341 1166 512 1252; x_wconf 83' lang='lat' dir='ltr'>tuit,</span> <span class='ocrx_word' id='word_1_59' title='bbox 553 1165 942 1263; x_wconf 82' lang='lat' dir='ltr'>aliquando</span> <span class='ocrx_word' id='word_1_60' title='bbox 981 1181 1453 1238; x_wconf 85' lang='lat' dir='ltr'>revertamur.</span> <span class='ocrx_word' id='word_1_61' title='bbox 1753 1185 1767 1193; x_wconf 24' lang='lat' dir='ltr'>i</span> 
     </span>
    </p>

    <p class='ocr_par' dir='ltr' id='par_1_3' title="bbox 339 1274 2477 2686">
     <span class='ocr_line' id='line_1_9' title="bbox 437 1274 2466 1376; baseline 0 -31"><span class='ocrx_word' id='word_1_62' title='bbox 437 1275 649 1367; x_wconf 84' lang='lat' dir='ltr'>Qu&#39;od</span> <span class='ocrx_word' id='word_1_63' title='bbox 683 1275 772 1346; x_wconf 92' lang='lat' dir='ltr'>de</span> <span class='ocrx_word' id='word_1_64' title='bbox 805 1277 1059 1366; x_wconf 88' lang='lat' dir='ltr'>Quinti</span> <span class='ocrx_word' id='word_1_65' title='bbox 1096 1274 1331 1345; x_wconf 85' lang='lat' dir='ltr'>fratris</span> <span class='ocrx_word' id='word_1_66' title='bbox 1365 1274 1665 1373; x_wconf 86' lang='lat' dir='ltr'>epistola</span> <span class='ocrx_word' id='word_1_67' title='bbox 1692 1274 1974 1365; x_wconf 88' lang='lat' dir='ltr'>scribis,</span> <span class='ocrx_word' id='word_1_68' title='bbox 2015 1278 2104 1348; x_wconf 88' lang='lat' dir='ltr'>ad</span> <span class='ocrx_word' id='word_1_69' title='bbox 2135 1304 2250 1349; x_wconf 92' lang='lat' dir='ltr'>me</span> <span class='ocrx_word' id='word_1_70' title='bbox 2285 1305 2466 1376; x_wconf 87' lang='lat' dir='ltr'>quo..</span> 
     </span>
     <span class='ocr_line' id='line_1_10' title="bbox 339 1375 2467 1477; baseline 0.002 -26"><span class='ocrx_word' id='word_1_71' title='bbox 339 1405 484 1476; x_wconf 91' lang='lat' dir='ltr'>que</span> <span class='ocrx_word' id='word_1_72' title='bbox 506 1380 641 1452; x_wconf 87' lang='lat' dir='ltr'>fuit</span> <span class='ocrx_word' id='word_1_73' title='bbox 664 1385 889 1477; x_wconf 82' lang='grc' dir='ltr'>πρόσθε</span> <span class='ocrx_word' id='word_1_74' title='bbox 908 1387 1088 1471; x_wconf 80' lang='grc' dir='ltr'><strong>λέων,</strong></span> <span class='ocrx_word' id='word_1_75' title='bbox 1118 1385 1316 1454; x_wconf 79' lang='grc' dir='ltr'>ὄπιθεν</span> <span class='ocrx_word' id='word_1_76' title='bbox 1348 1375 1509 1451; x_wconf 48' lang='grc' dir='ltr'>δέη.</span> <span class='ocrx_word' id='word_1_77' title='bbox 1531 1380 1720 1471; x_wconf 88' lang='lat' dir='ltr'>Quid</span> <span class='ocrx_word' id='word_1_78' title='bbox 1747 1379 1973 1452; x_wconf 89' lang='lat' dir='ltr'>dicam</span> <span class='ocrx_word' id='word_1_79' title='bbox 2003 1387 2266 1455; x_wconf 90' lang='lat' dir='ltr'>nescio.</span> <span class='ocrx_word' id='word_1_80' title='bbox 2285 1389 2467 1458; x_wconf 86' lang='lat' dir='ltr'>Nam</span> 
     </span>
     <span class='ocr_line' id='line_1_11' title="bbox 342 1488 2469 1591; baseline 0.003 -32"><span class='ocrx_word' id='word_1_81' title='bbox 342 1491 438 1560; x_wconf 86' lang='lat' dir='ltr'>ita</span> <span class='ocrx_word' id='word_1_82' title='bbox 452 1488 781 1587; x_wconf 81' lang='lat' dir='ltr'>deplorat</span> <span class='ocrx_word' id='word_1_83' title='bbox 796 1494 1043 1589; x_wconf 88' lang='lat' dir='ltr'>primis</span> <span class='ocrx_word' id='word_1_84' title='bbox 1056 1489 1382 1563; x_wconf 88' lang='lat' dir='ltr'>versibus</span> <span class='ocrx_word' id='word_1_85' title='bbox 1402 1491 1847 1560; x_wconf 89' lang='lat' dir='ltr'>mansionem</span> <span class='ocrx_word' id='word_1_86' title='bbox 1869 1516 2070 1562; x_wconf 87' lang='lat' dir='ltr'>suam</span> <span class='ocrx_word' id='word_1_87' title='bbox 2084 1547 2103 1579; x_wconf 93' lang='lat'><strong>‚</strong></span> <span class='ocrx_word' id='word_1_88' title='bbox 2123 1509 2204 1564; x_wconf 87' lang='lat' dir='ltr'>ut</span> <span class='ocrx_word' id='word_1_89' title='bbox 2219 1520 2469 1591; x_wconf 88' lang='lat' dir='ltr'>quem·</span> 
     </span>
     <span class='ocr_line' id='line_1_12' title="bbox 342 1601 2464 1700; baseline 0.003 -33"><span class='ocrx_word' id='word_1_90' title='bbox 342 1601 446 1671; x_wconf 86' lang='lat' dir='ltr'>vis</span> <span class='ocrx_word' id='word_1_91' title='bbox 483 1626 774 1673; x_wconf 88' lang='lat' dir='ltr'>movere</span> <span class='ocrx_word' id='word_1_92' title='bbox 817 1604 1042 1700; x_wconf 89' lang='lat' dir='ltr'>possit</span> <span class='ocrx_word' id='word_1_93' title='bbox 1082 1629 1097 1670; x_wconf 90' lang='lat'>:</span> <span class='ocrx_word' id='word_1_94' title='bbox 1141 1606 1238 1671; x_wconf 91' lang='lat' dir='ltr'>ita</span> <span class='ocrx_word' id='word_1_95' title='bbox 1274 1625 1525 1671; x_wconf 85' lang='lat' dir='ltr'>rursus</span> <span class='ocrx_word' id='word_1_96' title='bbox 1565 1602 1900 1688; x_wconf 90' lang='lat' dir='ltr'>remittit,</span> <span class='ocrx_word' id='word_1_97' title='bbox 1950 1616 2034 1671; x_wconf 92' lang='lat' dir='ltr'>ut</span> <span class='ocrx_word' id='word_1_98' title='bbox 2072 1627 2184 1673; x_wconf 89' lang='lat' dir='ltr'>me</span> <span class='ocrx_word' id='word_1_99' title='bbox 2225 1619 2464 1700; x_wconf 87' lang='lat' dir='ltr'>roget,</span> 
     </span>
     <span class='ocr_line' id='line_1_13' title="bbox 344 1707 2468 1801; baseline 0.002 -22"><span class='ocrx_word' id='word_1_100' title='bbox 344 1725 425 1780; x_wconf 84' lang='lat' dir='ltr'>ut</span> <span class='ocrx_word' id='word_1_101' title='bbox 466 1711 758 1783; x_wconf 85' lang='lat' dir='ltr'>annales</span> <span class='ocrx_word' id='word_1_102' title='bbox 796 1737 965 1783; x_wconf 89' lang='lat' dir='ltr'>suos</span> <span class='ocrx_word' id='word_1_103' title='bbox 1013 1707 1495 1798; x_wconf 79' lang='lat' dir='ltr'>emende1n2⁵‚</span> <span class='ocrx_word' id='word_1_104' title='bbox 1552 1724 1623 1780; x_wconf 92' lang='lat' dir='ltr'>et</span> <span class='ocrx_word' id='word_1_105' title='bbox 1670 1709 1898 1780; x_wconf 89' lang='lat' dir='ltr'>edam.</span> <span class='ocrx_word' id='word_1_106' title='bbox 1952 1710 2140 1781; x_wconf 91' lang='lat' dir='ltr'>Illud</span> <span class='ocrx_word' id='word_1_107' title='bbox 2190 1725 2468 1801; x_wconf 84' lang='lat' dir='ltr'>tamen,</span> 
     </span>
     <span class='ocr_line' id='line_1_14' title="bbox 339 1818 2470 1917; baseline 0.002 -28"><span class='ocrx_word' id='word_1_108' title='bbox 339 1820 542 1917; x_wconf 88' lang='lat' dir='ltr'>quod</span> <span class='ocrx_word' id='word_1_109' title='bbox 581 1818 831 1891; x_wconf 89' lang='lat' dir='ltr'>scribit</span> <span class='ocrx_word' id='word_1_110' title='bbox 853 1876 872 1908; x_wconf 94' lang='lat'>,</span> <span class='ocrx_word' id='word_1_111' title='bbox 916 1820 1436 1891; x_wconf 86' lang='lat' dir='ltr'>animadvertas</span> <span class='ocrx_word' id='word_1_112' title='bbox 1469 1820 1719 1907; x_wconf 87' lang='lat' dir='ltr'>velim,</span> <span class='ocrx_word' id='word_1_113' title='bbox 1756 1819 1846 1890; x_wconf 86' lang='lat' dir='ltr'>de</span> <span class='ocrx_word' id='word_1_114' title='bbox 1883 1822 2210 1917; x_wconf 88' lang='lat' dir='ltr'>portorio</span> <span class='ocrx_word' id='word_1_115' title='bbox 2227 1818 2292 1864; x_wconf 77' lang='lat'>²⁶</span> <span class='ocrx_word' id='word_1_116' title='bbox 2331 1825 2470 1893; x_wconf 90' lang='lat' dir='ltr'>cir-</span> 
     </span>
     <span class='ocr_line' id='line_1_15' title="bbox 342 1927 2472 2017; baseline 0.002 -18"><span class='ocrx_word' id='word_1_117' title='bbox 342 1931 860 1999; x_wconf 88' lang='lat' dir='ltr'>cumvectionis</span> <span class='ocrx_word' id='word_1_118' title='bbox 892 1957 908 1998; x_wconf 87' lang='lat'>:</span> <span class='ocrx_word' id='word_1_119' title='bbox 944 1930 1079 2017; x_wconf 89' lang='lat' dir='ltr'>ait,</span> <span class='ocrx_word' id='word_1_120' title='bbox 1132 1954 1207 2000; x_wconf 91' lang='lat' dir='ltr'>se</span> <span class='ocrx_word' id='word_1_121' title='bbox 1246 1927 1335 1998; x_wconf 91' lang='lat' dir='ltr'>de</span> <span class='ocrx_word' id='word_1_122' title='bbox 1379 1930 1657 1999; x_wconf 89' lang='lat' dir='ltr'>consilii</span> <span class='ocrx_word' id='word_1_123' title='bbox 1708 1931 2137 2000; x_wconf 79' lang='lat' dir='ltr'>sententia²7</span> <span class='ocrx_word' id='word_1_124' title='bbox 2184 1956 2333 2003; x_wconf 89' lang='lat' dir='ltr'>rem</span> <span class='ocrx_word' id='word_1_125' title='bbox 2380 1932 2472 2004; x_wconf 90' lang='lat' dir='ltr'>ad</span> 
     </span>
     <span class='ocr_line' id='line_1_16' title="bbox 342 2028 2470 2131; baseline 0.003 -24"><span class='ocrx_word' id='word_1_126' title='bbox 342 2052 678 2107; x_wconf 86' lang='lat' dir='ltr'>senatum</span> <span class='ocrx_word' id='word_1_127' title='bbox 712 2028 1059 2131; x_wconf 83' lang='lat' dir='ltr'>rejecisse.</span> <span class='ocrx_word' id='word_1_128' title='bbox 1103 2036 1451 2108; x_wconf 88' lang='lat' dir='ltr'>Nondum</span> <span class='ocrx_word' id='word_1_129' title='bbox 1495 2037 1825 2108; x_wconf 89' lang='lat' dir='ltr'>videlicet</span> <span class='ocrx_word' id='word_1_130' title='bbox 1863 2063 2057 2110; x_wconf 89' lang='lat' dir='ltr'>meas</span> <span class='ocrx_word' id='word_1_131' title='bbox 2089 2041 2328 2113; x_wconf 88' lang='lat' dir='ltr'>literas</span> <span class='ocrx_word' id='word_1_132' title='bbox 2365 2042 2470 2114; x_wconf 91' lang='lat' dir='ltr'>le-</span> 
     </span>
     <span class='ocr_line' id='line_1_17' title="bbox 345 2145 2476 2250; baseline 0.004 -35"><span class='ocrx_word' id='word_1_133' title='bbox 345 2161 589 2243; x_wconf 81' lang='lat' dir='ltr'>gerat3</span> <span class='ocrx_word' id='word_1_134' title='bbox 621 2146 889 2244; x_wconf 88' lang='lat' dir='ltr'>quibus</span> <span class='ocrx_word' id='word_1_135' title='bbox 918 2145 1008 2217; x_wconf 93' lang='lat' dir='ltr'>ad</span> <span class='ocrx_word' id='word_1_136' title='bbox 1043 2171 1209 2218; x_wconf 89' lang='lat' dir='ltr'>eum</span> <span class='ocrx_word' id='word_1_137' title='bbox 1235 2200 1253 2232; x_wconf 94' lang='lat'>,</span> <span class='ocrx_word' id='word_1_138' title='bbox 1296 2171 1374 2215; x_wconf 87' lang='lat' dir='ltr'>re</span> <span class='ocrx_word' id='word_1_139' title='bbox 1415 2147 1745 2217; x_wconf 86' lang='lat' dir='ltr'>consulta</span> <span class='ocrx_word' id='word_1_140' title='bbox 1777 2161 1848 2217; x_wconf 91' lang='lat' dir='ltr'>et</span> <span class='ocrx_word' id='word_1_141' title='bbox 1881 2150 2285 2245; x_wconf 84' lang='lat' dir='ltr'>explorata,</span> <span class='ocrx_word' id='word_1_142' title='bbox 2314 2176 2476 2250; x_wconf 90' lang='lat' dir='ltr'>per-</span> 
     </span>
     <span class='ocr_line' id='line_1_18' title="bbox 345 2254 2477 2353; baseline 0.004 -27"><span class='ocrx_word' id='word_1_143' title='bbox 345 2257 797 2353; x_wconf 88' lang='lat' dir='ltr'>scripseram,</span> <span class='ocrx_word' id='word_1_144' title='bbox 820 2283 972 2329; x_wconf 94' lang='lat' dir='ltr'>non</span> <span class='ocrx_word' id='word_1_145' title='bbox 991 2255 1258 2327; x_wconf 91' lang='lat' dir='ltr'>deberi.</span> <span class='ocrx_word' id='word_1_146' title='bbox 1277 2254 1535 2344; x_wconf 86' lang='lat' dir='ltr'>Velim,</span> <span class='ocrx_word' id='word_1_147' title='bbox 1552 2261 1608 2327; x_wconf 91' lang='lat' dir='ltr'>si</span> <span class='ocrx_word' id='word_1_148' title='bbox 1629 2259 1758 2353; x_wconf 86' lang='lat' dir='ltr'>qui</span> <span class='ocrx_word' id='word_1_149' title='bbox 1770 2260 2002 2329; x_wconf 83' lang='lat' dir='ltr'>Groeci</span> <span class='ocrx_word' id='word_1_150' title='bbox 2011 2259 2158 2353; x_wconf 89' lang='lat' dir='ltr'>jam</span> <span class='ocrx_word' id='word_1_151' title='bbox 2174 2267 2477 2334; x_wconf 87' lang='lat' dir='ltr'>Romam</span> 
     </span>
     <span class='ocr_line' id='line_1_19' title="bbox 342 2365 2473 2454; baseline 0.003 -16"><span class='ocrx_word' id='word_1_152' title='bbox 342 2393 438 2438; x_wconf 79' lang='lat' dir='ltr'>ex</span> <span class='ocrx_word' id='word_1_153' title='bbox 468 2368 629 2438; x_wconf 88' lang='lat' dir='ltr'>Asia</span> <span class='ocrx_word' id='word_1_154' title='bbox 664 2366 754 2439; x_wconf 90' lang='lat' dir='ltr'>de</span> <span class='ocrx_word' id='word_1_155' title='bbox 781 2394 864 2438; x_wconf 89' lang='lat' dir='ltr'>ea</span> <span class='ocrx_word' id='word_1_156' title='bbox 903 2392 1114 2440; x_wconf 85' lang='lat' dir='ltr'>causa</span> <span class='ocrx_word' id='word_1_157' title='bbox 1146 2381 1538 2454; x_wconf 84' lang='lat' dir='ltr'>venerunt,</span> <span class='ocrx_word' id='word_1_158' title='bbox 1576 2365 1848 2452; x_wconf 83' lang='lat' dir='ltr'>videas,</span> <span class='ocrx_word' id='word_1_159' title='bbox 1881 2382 1989 2453; x_wconf 91' lang='lat' dir='ltr'>et,</span> <span class='ocrx_word' id='word_1_160' title='bbox 2030 2369 2088 2440; x_wconf 85' lang='lat' dir='ltr'>si</span> <span class='ocrx_word' id='word_1_161' title='bbox 2114 2368 2242 2441; x_wconf 90' lang='lat' dir='ltr'>tibi</span> <span class='ocrx_word' id='word_1_162' title='bbox 2273 2372 2473 2444; x_wconf 83' lang='lat' dir='ltr'>vide·</span> 
     </span>
     <span class='ocr_line' id='line_1_20' title="bbox 345 2476 2475 2573; baseline 0.002 -25"><span class='ocrx_word' id='word_1_163' title='bbox 345 2477 577 2567; x_wconf 88' lang='lat' dir='ltr'>bitur,</span> <span class='ocrx_word' id='word_1_164' title='bbox 620 2478 730 2548; x_wconf 90' lang='lat' dir='ltr'>his</span> <span class='ocrx_word' id='word_1_165' title='bbox 764 2476 1213 2549; x_wconf 87' lang='lat' dir='ltr'>demonstres</span> <span class='ocrx_word' id='word_1_166' title='bbox 1235 2531 1254 2564; x_wconf 94' lang='lat'>,</span> <span class='ocrx_word' id='word_1_167' title='bbox 1295 2476 1469 2573; x_wconf 92' lang='lat' dir='ltr'>quid</span> <span class='ocrx_word' id='word_1_168' title='bbox 1507 2501 1642 2573; x_wconf 84' lang='lat' dir='ltr'>ego</span> <span class='ocrx_word' id='word_1_169' title='bbox 1677 2476 1766 2548; x_wconf 90' lang='lat' dir='ltr'>de</span> <span class='ocrx_word' id='word_1_170' title='bbox 1813 2502 1894 2549; x_wconf 92' lang='lat' dir='ltr'>ea</span> <span class='ocrx_word' id='word_1_171' title='bbox 1934 2503 2012 2549; x_wconf 92' lang='lat' dir='ltr'>re</span> <span class='ocrx_word' id='word_1_172' title='bbox 2046 2485 2369 2551; x_wconf 84' lang='lat' dir='ltr'>sentiam.</span> <span class='ocrx_word' id='word_1_173' title='bbox 2399 2484 2475 2553; x_wconf 90' lang='lat' dir='ltr'>Si</span> 
     </span>
     <span class='ocr_line' id='line_1_21' title="bbox 349 2584 2475 2686; baseline 0.001 -28"><span class='ocrx_word' id='word_1_174' title='bbox 349 2611 644 2684; x_wconf 89' lang='lat' dir='ltr'>possum</span> <span class='ocrx_word' id='word_1_175' title='bbox 669 2587 1034 2660; x_wconf 89' lang='lat' dir='ltr'>discedere</span> <span class='ocrx_word' id='word_1_176' title='bbox 1048 2584 1139 2675; x_wconf 82' lang='lat'>²⁸,</span> <span class='ocrx_word' id='word_1_177' title='bbox 1162 2612 1255 2658; x_wconf 87' lang='lat' dir='ltr'>ne</span> <span class='ocrx_word' id='word_1_178' title='bbox 1282 2611 1491 2657; x_wconf 89' lang='lat' dir='ltr'>causa</span> <span class='ocrx_word' id='word_1_179' title='bbox 1515 2587 1785 2684; x_wconf 87' lang='lat' dir='ltr'>optima</span> <span class='ocrx_word' id='word_1_180' title='bbox 1815 2588 1891 2657; x_wconf 89' lang='lat' dir='ltr'>in</span> <span class='ocrx_word' id='word_1_181' title='bbox 1917 2602 2171 2659; x_wconf 85' lang='lat' dir='ltr'>senatu</span> <span class='ocrx_word' id='word_1_182' title='bbox 2192 2605 2439 2686; x_wconf 88' lang='lat' dir='ltr'>pereat</span> <span class='ocrx_word' id='word_1_183' title='bbox 2456 2644 2475 2677; x_wconf 93' lang='lat'>,</span> 
     </span>
    </p>
   </div>
   <div class='ocr_carea' id='block_1_3' title="bbox 349 2829 1368 2973">
    <p class='ocr_par' dir='ltr' id='par_1_4' title="bbox 349 2829 1368 2973">
     <span class='ocr_line' id='line_1_22' title="bbox 419 2829 1368 2898; baseline -0.001 -20"><span class='ocrx_word' id='word_1_184' title='bbox 419 2847 505 2878; x_wconf 74' lang='lat'>22.</span> <span class='ocrx_word' id='word_1_185' title='bbox 527 2830 618 2879; x_wconf 72' lang='grc' dir='ltr'>Τὸν</span> <span class='ocrx_word' id='word_1_186' title='bbox 646 2829 938 2898; x_wconf 72' lang='grc' dir='ltr'>θεωρητικόν.</span> <span class='ocrx_word' id='word_1_187' title='bbox 975 2832 1099 2894; x_wconf 75' lang='lat' dir='ltr'>Quae</span> <span class='ocrx_word' id='word_1_188' title='bbox 1124 2831 1174 2877; x_wconf 83' lang='lat' dir='ltr'>in</span> <span class='ocrx_word' id='word_1_189' title='bbox 1207 2845 1368 2877; x_wconf 84' lang='lat' dir='ltr'>rernm</span> 
     </span>
     <span class='ocr_line' id='line_1_23' title="bbox 349 2910 1044 2973; baseline 0.001 -17"><span class='ocrx_word' id='word_1_190' title='bbox 349 2910 761 2973; x_wconf 76' lang='lat' dir='ltr'>contemplatione</span> <span class='ocrx_word' id='word_1_191' title='bbox 778 2920 1012 2958; x_wconf 70' lang='lat' dir='ltr'>versatur.</span> <span class='ocrx_word' id='word_1_192' title='bbox 1037 2931 1044 2939; x_wconf 92' lang='lat'>·</span> 
     </span>
    </p>
   </div>
   <div class='ocr_carea' id='block_1_4' title="bbox 1453 2828 2475 2974">
    <p class='ocr_par' dir='ltr' id='par_1_5' title="bbox 1453 2828 2475 2974">
     <span class='ocr_line' id='line_1_24' title="bbox 1453 2828 2471 2894; baseline 0.005 -18"><span class='ocrx_word' id='word_1_193' title='bbox 1453 2843 1548 2892; x_wconf 83' lang='lat' dir='ltr'>pro</span> <span class='ocrx_word' id='word_1_194' title='bbox 1598 2828 1768 2888; x_wconf 77' lang='lat' dir='ltr'>rebus,</span> <span class='ocrx_word' id='word_1_195' title='bbox 1812 2846 1919 2892; x_wconf 79' lang='lat' dir='ltr'>quae</span> <span class='ocrx_word' id='word_1_196' title='bbox 1961 2829 2471 2894; x_wconf 73' lang='lat' dir='ltr'>circumvehebantur,</span> 
     </span>
     <span class='ocr_line' id='line_1_25' title="bbox 1455 2907 2475 2974; baseline 0.006 -21"><span class='ocrx_word' id='word_1_197' title='bbox 1455 2907 1729 2971; x_wconf 81' lang='lat' dir='ltr'>portorium</span> <span class='ocrx_word' id='word_1_198' title='bbox 1764 2907 1856 2955; x_wconf 74' lang='lat' dir='ltr'>sibi</span> <span class='ocrx_word' id='word_1_199' title='bbox 1885 2908 2100 2957; x_wconf 85' lang='lat' dir='ltr'>dicerent</span> <span class='ocrx_word' id='word_1_200' title='bbox 2133 2910 2329 2969; x_wconf 83' lang='lat' dir='ltr'>deberi,</span> <span class='ocrx_word' id='word_1_201' title='bbox 2356 2926 2475 2974; x_wconf 81' lang='lat' dir='ltr'>pro-</span> 
     </span>
    </p>
   </div>
   <div class='ocr_carea' id='block_1_5' title="bbox 349 2985 1368 3525">
    <p class='ocr_par' dir='ltr' id='par_1_6' title="bbox 353 2985 1368 3129">
     <span class='ocr_line' id='line_1_26' title="bbox 423 2985 1368 3051; baseline 0 -17"><span class='ocrx_word' id='word_1_202' title='bbox 423 2989 508 3037; x_wconf 78' lang='lat'>23.</span> <span class='ocrx_word' id='word_1_203' title='bbox 539 2989 625 3036; x_wconf 84' lang='lat' dir='ltr'>Ad</span> <span class='ocrx_word' id='word_1_204' title='bbox 651 2989 782 3036; x_wconf 75' lang='lat' dir='ltr'>hanc</span> <span class='ocrx_word' id='word_1_205' title='bbox 792 2985 1068 3051; x_wconf 72' lang='lat' dir='ltr'>familiam.</span> <span class='ocrx_word' id='word_1_206' title='bbox 1098 2986 1181 3035; x_wconf 79' lang='lat' dir='ltr'>Ad</span> <span class='ocrx_word' id='word_1_207' title='bbox 1207 2986 1368 3046; x_wconf 73' lang='lat' dir='ltr'>Theo·</span> 
     </span>
     <span class='ocr_line' id='line_1_27' title="bbox 353 3064 916 3129; baseline 0.004 -16"><span class='ocrx_word' id='word_1_208' title='bbox 353 3065 533 3129; x_wconf 74' lang='lat' dir='ltr'>phrasti</span> <span class='ocrx_word' id='word_1_209' title='bbox 553 3078 747 3115; x_wconf 77' lang='lat' dir='ltr'>sectam.</span> <span class='ocrx_word' id='word_1_210' title='bbox 768 3064 916 3115; x_wconf 68' lang='lat' dir='ltr'>MAx.</span> 
     </span>
    </p>

    <p class='ocr_par' dir='ltr' id='par_1_7' title="bbox 349 3142 1366 3525">
     <span class='ocr_line' id='line_1_28' title="bbox 422 3142 1365 3213; baseline -0.001 -22"><span class='ocrx_word' id='word_1_211' title='bbox 422 3154 507 3201; x_wconf 72' lang='lat'>24.</span> <span class='ocrx_word' id='word_1_212' title='bbox 536 3142 714 3213; x_wconf 77' lang='grc' dir='ltr'>Πρόσθε</span> <span class='ocrx_word' id='word_1_213' title='bbox 745 3145 882 3194; x_wconf 77' lang='grc' dir='ltr'><strong>λέων.</strong></span> <span class='ocrx_word' id='word_1_214' title='bbox 918 3152 1048 3193; x_wconf 79' lang='lat' dir='ltr'>Ante</span> <span class='ocrx_word' id='word_1_215' title='bbox 1074 3145 1149 3192; x_wconf 82' lang='lat' dir='ltr'>leo</span> <span class='ocrx_word' id='word_1_216' title='bbox 1169 3178 1185 3203; x_wconf 87' lang='lat'>,</span> <span class='ocrx_word' id='word_1_217' title='bbox 1212 3144 1303 3191; x_wconf 86' lang='lat' dir='ltr'>sed</span> <span class='ocrx_word' id='word_1_218' title='bbox 1331 3161 1365 3191; x_wconf 84' lang='lat' dir='ltr'><strong><em>a</em></strong></span> 
     </span>
     <span class='ocr_line' id='line_1_29' title="bbox 349 3223 1366 3290; baseline -0.001 -19"><span class='ocrx_word' id='word_1_219' title='bbox 349 3236 512 3290; x_wconf 71' lang='lat' dir='ltr'>tergo,</span> <span class='ocrx_word' id='word_1_220' title='bbox 558 3237 653 3274; x_wconf 79' lang='lat' dir='ltr'>etc..</span> <span class='ocrx_word' id='word_1_221' title='bbox 699 3231 809 3276; x_wconf 80' lang='lat' dir='ltr'>Hoc</span> <span class='ocrx_word' id='word_1_222' title='bbox 854 3226 1007 3273; x_wconf 84' lang='lat' dir='ltr'>dicit:</span> <span class='ocrx_word' id='word_1_223' title='bbox 1046 3224 1116 3271; x_wconf 88' lang='lat' dir='ltr'>Ut</span> <span class='ocrx_word' id='word_1_224' title='bbox 1154 3223 1366 3285; x_wconf 75' lang='lat' dir='ltr'>Quintus</span> 
     </span>
     <span class='ocr_line' id='line_1_30' title="bbox 350 3301 1366 3370; baseline -0.001 -21"><span class='ocrx_word' id='word_1_225' title='bbox 350 3304 495 3352; x_wconf 77' lang='lat' dir='ltr'>frater</span> <span class='ocrx_word' id='word_1_226' title='bbox 519 3305 571 3351; x_wconf 85' lang='lat' dir='ltr'>in</span> <span class='ocrx_word' id='word_1_227' title='bbox 598 3305 801 3370; x_wconf 77' lang='lat' dir='ltr'>epistola</span> <span class='ocrx_word' id='word_1_228' title='bbox 827 3303 890 3351; x_wconf 80' lang='lat' dir='ltr'>ad</span> <span class='ocrx_word' id='word_1_229' title='bbox 914 3313 961 3350; x_wconf 81' lang='lat' dir='ltr'>te</span> <span class='ocrx_word' id='word_1_230' title='bbox 982 3302 1161 3366; x_wconf 76' lang='lat' dir='ltr'>scripta</span> <span class='ocrx_word' id='word_1_231' title='bbox 1176 3336 1192 3359; x_wconf 91' lang='lat'>‚</span> <span class='ocrx_word' id='word_1_232' title='bbox 1218 3303 1283 3348; x_wconf 76' lang='lat' dir='ltr'>ita</span> <span class='ocrx_word' id='word_1_233' title='bbox 1304 3301 1366 3349; x_wconf 75' lang='lat' dir='ltr'>ad</span> 
     </span>
     <span class='ocr_line' id='line_1_31' title="bbox 351 3381 1365 3448; baseline -0.004 -18"><span class='ocrx_word' id='word_1_234' title='bbox 351 3400 427 3430; x_wconf 81' lang='lat' dir='ltr'>nie</span> <span class='ocrx_word' id='word_1_235' title='bbox 453 3399 650 3448; x_wconf 87' lang='lat' dir='ltr'>quoque</span> <span class='ocrx_word' id='word_1_236' title='bbox 672 3382 890 3431; x_wconf 73' lang='lat' dir='ltr'>scribens</span> <span class='ocrx_word' id='word_1_237' title='bbox 914 3382 1008 3431; x_wconf 86' lang='lat' dir='ltr'>fuit</span> <span class='ocrx_word' id='word_1_238' title='bbox 1033 3381 1194 3427; x_wconf 67' lang='lat' dir='ltr'>varius</span> <span class='ocrx_word' id='word_1_239' title='bbox 1217 3390 1265 3427; x_wconf 84' lang='lat' dir='ltr'>et</span> <span class='ocrx_word' id='word_1_240' title='bbox 1292 3381 1365 3426; x_wconf 90' lang='lat' dir='ltr'>in-</span> 
     </span>
     <span class='ocr_line' id='line_1_32' title="bbox 349 3460 1366 3525; baseline -0.004 -17"><span class='ocrx_word' id='word_1_241' title='bbox 349 3473 607 3521; x_wconf 78' lang='lat' dir='ltr'>constans,</span> <span class='ocrx_word' id='word_1_242' title='bbox 635 3472 690 3509; x_wconf 83' lang='lat' dir='ltr'>ut</span> <span class='ocrx_word' id='word_1_243' title='bbox 719 3463 802 3525; x_wconf 90' lang='lat' dir='ltr'>qui</span> <span class='ocrx_word' id='word_1_244' title='bbox 829 3463 883 3509; x_wconf 89' lang='lat' dir='ltr'>in</span> <span class='ocrx_word' id='word_1_245' title='bbox 913 3462 1067 3524; x_wconf 78' lang='lat' dir='ltr'>prima</span> <span class='ocrx_word' id='word_1_246' title='bbox 1096 3470 1234 3524; x_wconf 75' lang='lat' dir='ltr'>parte</span> <span class='ocrx_word' id='word_1_247' title='bbox 1264 3460 1366 3521; x_wconf 86' lang='lat' dir='ltr'>epi-</span> 
     </span>
    </p>
   </div>
   <div class='ocr_carea' id='block_1_6' title="bbox 346 3525 1394 3589">
    <p class='ocr_par' dir='ltr' id='par_1_8' title="bbox 346 3525 1394 3589">
     <span class='ocr_line' id='line_1_33' title="bbox 346 3525 1394 3589; baseline -0.003 -2"><span class='ocrx_word' id='word_1_248' title='bbox 346 3528 488 3589; x_wconf 55' lang='lat' dir='ltr'>stolae</span> <span class='ocrx_word' id='word_1_249' title='bbox 519 3541 582 3588; x_wconf 89' lang='lat' dir='ltr'>de</span> <span class='ocrx_word' id='word_1_250' title='bbox 611 3542 862 3589; x_wconf 74' lang='lat' dir='ltr'>mansione</span> <span class='ocrx_word' id='word_1_251' title='bbox 886 3557 970 3588; x_wconf 74' lang='lat' dir='ltr'>eun</span> <span class='ocrx_word' id='word_1_252' title='bbox 1001 3540 1054 3587; x_wconf 87' lang='lat' dir='ltr'>in</span> <span class='ocrx_word' id='word_1_253' title='bbox 1085 3538 1199 3587; x_wconf 75' lang='lat' dir='ltr'>Asia</span> <span class='ocrx_word' id='word_1_254' title='bbox 1228 3525 1394 3585; x_wconf 16' lang='lat' dir='ltr'>valde&amp;</span> 
     </span>
    </p>
   </div>
   <div class='ocr_carea' id='block_1_7' title="bbox 349 3616 1373 4159">
    <p class='ocr_par' dir='ltr' id='par_1_9' title="bbox 349 3616 1373 4159">
     <span class='ocr_line' id='line_1_34' title="bbox 349 3616 1368 3679; baseline -0.004 -12"><span class='ocrx_word' id='word_1_255' title='bbox 349 3620 586 3668; x_wconf 71' lang='lat' dir='ltr'>sollicitus</span> <span class='ocrx_word' id='word_1_256' title='bbox 605 3632 750 3679; x_wconf 72' lang='lat' dir='ltr'>esset,</span> <span class='ocrx_word' id='word_1_257' title='bbox 781 3622 834 3668; x_wconf 89' lang='lat' dir='ltr'>in</span> <span class='ocrx_word' id='word_1_258' title='bbox 850 3622 998 3668; x_wconf 76' lang='lat' dir='ltr'>altera</span> <span class='ocrx_word' id='word_1_259' title='bbox 1023 3619 1275 3666; x_wconf 83' lang='lat' dir='ltr'>minimum</span> <span class='ocrx_word' id='word_1_260' title='bbox 1297 3616 1368 3663; x_wconf 79' lang='lat' dir='ltr'>la-</span> 
     </span>
     <span class='ocr_line' id='line_1_35' title="bbox 351 3696 1367 3748; baseline -0.004 -2"><span class='ocrx_word' id='word_1_261' title='bbox 351 3699 564 3747; x_wconf 79' lang='lat' dir='ltr'>boraret.</span> <span class='ocrx_word' id='word_1_262' title='bbox 589 3701 875 3748; x_wconf 73' lang='lat' dir='ltr'>Homericus</span> <span class='ocrx_word' id='word_1_263' title='bbox 893 3714 1059 3746; x_wconf 73' lang='lat' dir='ltr'>versus</span> <span class='ocrx_word' id='word_1_264' title='bbox 1079 3697 1141 3746; x_wconf 89' lang='lat' dir='ltr'>de</span> <span class='ocrx_word' id='word_1_265' title='bbox 1161 3696 1367 3745; x_wconf 83' lang='lat' dir='ltr'>Chimae-</span> 
     </span>
     <span class='ocr_line' id='line_1_36' title="bbox 351 3777 1280 3841; baseline -0.001 -17"><span class='ocrx_word' id='word_1_266' title='bbox 351 3793 402 3824; x_wconf 84' lang='lat' dir='ltr'>ra</span> <span class='ocrx_word' id='word_1_267' title='bbox 426 3778 612 3841; x_wconf 79' lang='lat' dir='ltr'>integer</span> <span class='ocrx_word' id='word_1_268' title='bbox 636 3791 709 3827; x_wconf 75' lang='lat' dir='ltr'>est</span> <span class='ocrx_word' id='word_1_269' title='bbox 732 3778 871 3826; x_wconf 76' lang='lat' dir='ltr'>Iliad.</span> <span class='ocrx_word' id='word_1_270' title='bbox 896 3780 990 3838; x_wconf 82' lang='lat' dir='ltr'>VI,</span> <span class='ocrx_word' id='word_1_271' title='bbox 1017 3778 1133 3824; x_wconf 80' lang='lat'>181.</span> <span class='ocrx_word' id='word_1_272' title='bbox 1159 3777 1280 3823; x_wconf 77' lang='lat' dir='ltr'>Por.</span> 
     </span>
     <span class='ocr_line' id='line_1_37' title="bbox 424 3852 1370 3906; baseline -0.003 -2"><span class='ocrx_word' id='word_1_273' title='bbox 424 3858 506 3906; x_wconf 74' lang='lat'>25.</span> <span class='ocrx_word' id='word_1_274' title='bbox 523 3852 594 3905; x_wconf 47' lang='lat' dir='ltr'>&#39;Ue</span> <span class='ocrx_word' id='word_1_275' title='bbox 608 3859 812 3905; x_wconf 77' lang='lat' dir='ltr'>annales</span> <span class='ocrx_word' id='word_1_276' title='bbox 827 3873 937 3904; x_wconf 82' lang='lat' dir='ltr'>suos</span> <span class='ocrx_word' id='word_1_277' title='bbox 953 3854 1215 3903; x_wconf 81' lang='lat' dir='ltr'>emendem.</span> <span class='ocrx_word' id='word_1_278' title='bbox 1235 3855 1370 3902; x_wconf 85' lang='lat' dir='ltr'>Tam·</span> 
     </span>
     <span class='ocr_line' id='line_1_38' title="bbox 351 3933 1371 3998; baseline -0.003 -14"><span class='ocrx_word' id='word_1_279' title='bbox 351 3951 497 3998; x_wconf 78' lang='lat' dir='ltr'>qnam</span> <span class='ocrx_word' id='word_1_280' title='bbox 549 3937 635 3985; x_wconf 89' lang='lat' dir='ltr'>din</span> <span class='ocrx_word' id='word_1_281' title='bbox 681 3937 951 3985; x_wconf 76' lang='lat' dir='ltr'>abfuturus.</span> <span class='ocrx_word' id='word_1_282' title='bbox 1003 3939 1078 3984; x_wconf 88' lang='lat' dir='ltr'>De</span> <span class='ocrx_word' id='word_1_283' title='bbox 1119 3933 1371 3983; x_wconf 78' lang='lat' dir='ltr'>annalibus</span> 
     </span>
     <span class='ocr_line' id='line_1_39' title="bbox 355 4014 1369 4077; baseline -0.003 -16"><span class='ocrx_word' id='word_1_284' title='bbox 355 4014 526 4076; x_wconf 82' lang='lat' dir='ltr'>Quinti</span> <span class='ocrx_word' id='word_1_285' title='bbox 543 4017 792 4065; x_wconf 79' lang='lat' dir='ltr'>Ciceronis</span> <span class='ocrx_word' id='word_1_286' title='bbox 805 4017 917 4065; x_wconf 79' lang='lat' dir='ltr'>vide</span> <span class='ocrx_word' id='word_1_287' title='bbox 931 4016 1017 4063; x_wconf 82' lang='lat' dir='ltr'>lib.</span> <span class='ocrx_word' id='word_1_288' title='bbox 1035 4017 1178 4070; x_wconf 73' lang='lat'>1111,</span> <span class='ocrx_word' id='word_1_289' title='bbox 1192 4030 1268 4077; x_wconf 87' lang='lat' dir='ltr'>ep.</span> <span class='ocrx_word' id='word_1_290' title='bbox 1292 4014 1369 4059; x_wconf 79' lang='lat'>13.</span> 
     </span>
     <span class='ocr_line' id='line_1_40' title="bbox 373 4092 1373 4159; baseline -0.001 -19"><span class='ocrx_word' id='word_1_291' title='bbox 373 4123 378 4128; x_wconf 88' lang='lat'><em>-</em></span> <span class='ocrx_word' id='word_1_292' title='bbox 428 4096 514 4144; x_wconf 84' lang='lat'>26.</span> <span class='ocrx_word' id='word_1_293' title='bbox 549 4097 624 4144; x_wconf 88' lang='lat' dir='ltr'>De</span> <span class='ocrx_word' id='word_1_294' title='bbox 646 4097 879 4159; x_wconf 80' lang='lat' dir='ltr'>portorio.</span> <span class='ocrx_word' id='word_1_295' title='bbox 921 4097 1088 4158; x_wconf 81' lang='lat' dir='ltr'>Quum</span> <span class='ocrx_word' id='word_1_296' title='bbox 1121 4092 1373 4158; x_wconf 77' lang='lat' dir='ltr'>publicani</span> 
     </span>
    </p>
   </div>
   <div class='ocr_carea' id='block_1_8' title="bbox 1451 2985 2485 4141">
    <p class='ocr_par' dir='ltr' id='par_1_10' title="bbox 1451 2985 2476 3270">
     <span class='ocr_line' id='line_1_41' title="bbox 1453 2985 2473 3051; baseline 0.005 -18"><span class='ocrx_word' id='word_1_297' title='bbox 1453 2985 1684 3033; x_wconf 74' lang='lat' dir='ltr'>vinciales</span> <span class='ocrx_word' id='word_1_298' title='bbox 1702 3018 1718 3042; x_wconf 87' lang='lat'>‚</span> <span class='ocrx_word' id='word_1_299' title='bbox 1754 2994 1805 3033; x_wconf 86' lang='lat' dir='ltr'>et</span> <span class='ocrx_word' id='word_1_300' title='bbox 1843 2988 2167 3048; x_wconf 75' lang='lat' dir='ltr'>negotiatores</span> <span class='ocrx_word' id='word_1_301' title='bbox 2210 2999 2473 3051; x_wconf 78' lang='lat' dir='ltr'>negarent:</span> 
     </span>
     <span class='ocr_line' id='line_1_42' title="bbox 1452 3064 2475 3129; baseline 0.005 -19"><span class='ocrx_word' id='word_1_302' title='bbox 1452 3074 1731 3129; x_wconf 63' lang='lat' dir='ltr'>propraetor</span> <span class='ocrx_word' id='word_1_303' title='bbox 1764 3064 2010 3127; x_wconf 74' lang='lat' dir='ltr'>Quintus,</span> <span class='ocrx_word' id='word_1_304' title='bbox 2056 3064 2201 3112; x_wconf 78' lang='lat' dir='ltr'>dubIa</span> <span class='ocrx_word' id='word_1_305' title='bbox 2240 3067 2475 3115; x_wconf 71' lang='lat' dir='ltr'>sententia</span> 
     </span>
     <span class='ocr_line' id='line_1_43' title="bbox 1452 3142 2476 3206; baseline 0.006 -17"><span class='ocrx_word' id='word_1_306' title='bbox 1452 3142 1724 3204; x_wconf 73' lang='lat' dir='ltr'>fluctuans,</span> <span class='ocrx_word' id='word_1_307' title='bbox 1765 3159 1863 3192; x_wconf 87' lang='lat' dir='ltr'>rem</span> <span class='ocrx_word' id='word_1_308' title='bbox 1908 3142 1970 3191; x_wconf 78' lang='lat' dir='ltr'>ad</span> <span class='ocrx_word' id='word_1_309' title='bbox 2021 3154 2238 3192; x_wconf 75' lang='lat' dir='ltr'>senatum</span> <span class='ocrx_word' id='word_1_310' title='bbox 2291 3145 2476 3206; x_wconf 82' lang='lat' dir='ltr'>rejecit.</span> 
     </span>
     <span class='ocr_line' id='line_1_44' title="bbox 1451 3223 1665 3270; baseline 0.005 -1"><span class='ocrx_word' id='word_1_311' title='bbox 1451 3223 1665 3270; x_wconf 54' lang='lat' dir='ltr'>Munna</span> 
     </span>
    </p>

    <p class='ocr_par' dir='ltr' id='par_1_11' title="bbox 1455 3299 2477 3596">
     <span class='ocr_line' id='line_1_45' title="bbox 1529 3299 2477 3362; baseline 0.001 -14"><span class='ocrx_word' id='word_1_312' title='bbox 1529 3316 1616 3362; x_wconf 82' lang='lat'>27·</span> <span class='ocrx_word' id='word_1_313' title='bbox 1643 3303 1715 3347; x_wconf 83' lang='lat' dir='ltr'>De</span> <span class='ocrx_word' id='word_1_314' title='bbox 1730 3299 1922 3349; x_wconf 77' lang='lat' dir='ltr'>consilii</span> <span class='ocrx_word' id='word_1_315' title='bbox 1943 3299 2201 3348; x_wconf 76' lang='lat' dir='ltr'>sentencia.</span> <span class='ocrx_word' id='word_1_316' title='bbox 2230 3300 2357 3348; x_wconf 74' lang='lat' dir='ltr'>Nam</span> <span class='ocrx_word' id='word_1_317' title='bbox 2374 3317 2477 3349; x_wconf 76' lang='lat' dir='ltr'>ma-</span> 
     </span>
     <span class='ocr_line' id='line_1_46' title="bbox 1455 3378 2476 3442; baseline -0.003 -17"><span class='ocrx_word' id='word_1_318' title='bbox 1455 3379 1684 3442; x_wconf 77' lang='lat' dir='ltr'>gistratus</span> <span class='ocrx_word' id='word_1_319' title='bbox 1719 3378 1771 3426; x_wconf 91' lang='lat' dir='ltr'>in</span> <span class='ocrx_word' id='word_1_320' title='bbox 1802 3378 2069 3442; x_wconf 77' lang='lat' dir='ltr'>provinciis</span> <span class='ocrx_word' id='word_1_321' title='bbox 2099 3378 2355 3426; x_wconf 73' lang='lat' dir='ltr'>consilium</span> <span class='ocrx_word' id='word_1_322' title='bbox 2383 3380 2476 3428; x_wconf 71' lang='lat' dir='ltr'>ha.</span> 
     </span>
     <span class='ocr_line' id='line_1_47' title="bbox 1455 3456 2475 3520; baseline 0.003 -16"><span class='ocrx_word' id='word_1_323' title='bbox 1455 3456 1659 3515; x_wconf 81' lang='lat' dir='ltr'>bebant,</span> <span class='ocrx_word' id='word_1_324' title='bbox 1693 3456 1753 3504; x_wconf 86' lang='lat' dir='ltr'>de</span> <span class='ocrx_word' id='word_1_325' title='bbox 1774 3459 1912 3519; x_wconf 73' lang='lat' dir='ltr'>cujus</span> <span class='ocrx_word' id='word_1_326' title='bbox 1929 3458 2166 3504; x_wconf 77' lang='lat' dir='ltr'>sententia</span> <span class='ocrx_word' id='word_1_327' title='bbox 2191 3460 2475 3520; x_wconf 76' lang='lat' dir='ltr'>pronuntia·</span> 
     </span>
     <span class='ocr_line' id='line_1_48' title="bbox 1455 3536 2170 3596; baseline 0 -14"><span class='ocrx_word' id='word_1_328' title='bbox 1455 3545 1582 3583; x_wconf 85' lang='lat' dir='ltr'>rent.</span> <span class='ocrx_word' id='word_1_329' title='bbox 1611 3537 1666 3580; x_wconf 90' lang='lat' dir='ltr'>In</span> <span class='ocrx_word' id='word_1_330' title='bbox 1696 3538 1832 3583; x_wconf 83' lang='lat' dir='ltr'>Verr.</span> <span class='ocrx_word' id='word_1_331' title='bbox 1864 3538 1940 3596; x_wconf 90' lang='lat'>11,</span> <span class='ocrx_word' id='word_1_332' title='bbox 1968 3537 2020 3582; x_wconf 88' lang='lat'>6.</span> <span class='ocrx_word' id='word_1_333' title='bbox 2051 3536 2170 3582; x_wconf 80' lang='lat' dir='ltr'>Scn.</span> 
     </span>
    </p>

    <p class='ocr_par' dir='ltr' id='par_1_12' title="bbox 1455 3612 2485 4141">
     <span class='ocr_line' id='line_1_49' title="bbox 1528 3612 2476 3679; baseline 0.005 -18"><span class='ocrx_word' id='word_1_334' title='bbox 1528 3614 1616 3661; x_wconf 81' lang='lat'>28.</span> <span class='ocrx_word' id='word_1_335' title='bbox 1659 3613 1712 3660; x_wconf 86' lang='lat' dir='ltr'>Si</span> <span class='ocrx_word' id='word_1_336' title='bbox 1739 3613 1935 3677; x_wconf 73' lang='lat' dir='ltr'>possum</span> <span class='ocrx_word' id='word_1_337' title='bbox 1974 3612 2236 3660; x_wconf 77' lang='lat' dir='ltr'>discedere.</span> <span class='ocrx_word' id='word_1_338' title='bbox 2275 3614 2476 3679; x_wconf 74' lang='lat' dir='ltr'>Elegnne</span> 
     </span>
     <span class='ocr_line' id='line_1_50' title="bbox 1455 3691 2472 3755; baseline 0.004 -14"><span class='ocrx_word' id='word_1_339' title='bbox 1455 3694 1714 3753; x_wconf 75' lang='lat' dir='ltr'>sententia,</span> <span class='ocrx_word' id='word_1_340' title='bbox 1736 3709 1824 3741; x_wconf 87' lang='lat' dir='ltr'>nec</span> <span class='ocrx_word' id='word_1_341' title='bbox 1846 3703 2008 3740; x_wconf 76' lang='lat' dir='ltr'>tamen</span> <span class='ocrx_word' id='word_1_342' title='bbox 2026 3691 2211 3751; x_wconf 80' lang='lat' dir='ltr'>adhuc,</span> <span class='ocrx_word' id='word_1_343' title='bbox 2229 3704 2285 3741; x_wconf 87' lang='lat' dir='ltr'>ut</span> <span class='ocrx_word' id='word_1_344' title='bbox 2303 3696 2472 3755; x_wconf 85' lang='lat' dir='ltr'>video,</span> 
     </span>
     <span class='ocr_line' id='line_1_51' title="bbox 1456 3771 2476 3840; baseline 0.003 -19"><span class='ocrx_word' id='word_1_345' title='bbox 1456 3774 1572 3821; x_wconf 74' lang='lat' dir='ltr'>satis</span> <span class='ocrx_word' id='word_1_346' title='bbox 1595 3784 1727 3821; x_wconf 77' lang='lat' dir='ltr'>nota.</span> <span class='ocrx_word' id='word_1_347' title='bbox 1750 3773 1922 3835; x_wconf 85' lang='lat' dir='ltr'>Neque</span> <span class='ocrx_word' id='word_1_348' title='bbox 1943 3771 2072 3818; x_wconf 87' lang='lat' dir='ltr'>enim</span> <span class='ocrx_word' id='word_1_349' title='bbox 2098 3771 2342 3820; x_wconf 76' lang='lat' dir='ltr'>discedere</span> <span class='ocrx_word' id='word_1_350' title='bbox 2356 3792 2476 3840; x_wconf 87' lang='lat' dir='ltr'>pro-</span> 
     </span>
     <span class='ocr_line' id='line_1_52' title="bbox 1457 3849 2475 3922; baseline 0.005 -24"><span class='ocrx_word' id='word_1_351' title='bbox 1457 3851 1563 3917; x_wconf 85' lang='lat' dir='ltr'>prie</span> <span class='ocrx_word' id='word_1_352' title='bbox 1589 3849 1671 3896; x_wconf 87' lang='lat' dir='ltr'>hic</span> <span class='ocrx_word' id='word_1_353' title='bbox 1697 3849 2034 3913; x_wconf 71' lang='lat' dir='ltr'>accipiendum</span> <span class='ocrx_word' id='word_1_354' title='bbox 2051 3885 2066 3909; x_wconf 91' lang='lat'>‚</span> <span class='ocrx_word' id='word_1_355' title='bbox 2101 3851 2187 3899; x_wconf 75' lang='lat' dir='ltr'>sed</span> <span class='ocrx_word' id='word_1_356' title='bbox 2219 3869 2475 3922; x_wconf 74' lang='grc' dir='ltr'>μεταφορι-</span> 
     </span>
     <span class='ocr_line' id='line_1_53' title="bbox 1461 3928 2483 3993; baseline 0.004 -15"><span class='ocrx_word' id='word_1_357' title='bbox 1461 3933 1556 3987; x_wconf 77' lang='grc' dir='ltr'>κῶς</span> <span class='ocrx_word' id='word_1_358' title='bbox 1578 3945 1590 3976; x_wconf 88' lang='lat'>:</span> <span class='ocrx_word' id='word_1_359' title='bbox 1618 3928 1756 3991; x_wconf 70' lang='lat' dir='ltr'>quasi</span> <span class='ocrx_word' id='word_1_360' title='bbox 1784 3928 1995 3977; x_wconf 82' lang='lat' dir='ltr'>dixerit:</span> <span class='ocrx_word' id='word_1_361' title='bbox 2017 3929 2070 3976; x_wconf 88' lang='lat' dir='ltr'>Si</span> <span class='ocrx_word' id='word_1_362' title='bbox 2093 3946 2290 3993; x_wconf 75' lang='lat' dir='ltr'>possum</span> <span class='ocrx_word' id='word_1_363' title='bbox 2311 3948 2483 3982; x_wconf 82' lang='lat' dir='ltr'>come·</span> 
     </span>
     <span class='ocr_line' id='line_1_54' title="bbox 1459 4008 2485 4077; baseline 0.001 -18"><span class='ocrx_word' id='word_1_364' title='bbox 1459 4010 1544 4075; x_wconf 87' lang='lat' dir='ltr'>qui</span> <span class='ocrx_word' id='word_1_365' title='bbox 1559 4045 1574 4069; x_wconf 94' lang='lat'>,</span> <span class='ocrx_word' id='word_1_366' title='bbox 1593 4008 1636 4056; x_wconf 73' lang='lat' dir='ltr'>si</span> <span class='ocrx_word' id='word_1_367' title='bbox 1651 4008 1782 4056; x_wconf 85' lang='lat' dir='ltr'>hunc</span> <span class='ocrx_word' id='word_1_368' title='bbox 1802 4009 1987 4056; x_wconf 73' lang='lat' dir='ltr'>exitum</span> <span class='ocrx_word' id='word_1_369' title='bbox 2008 4026 2081 4057; x_wconf 78' lang='lat' dir='ltr'>res</span> <span class='ocrx_word' id='word_1_370' title='bbox 2099 4010 2277 4059; x_wconf 82' lang='lat' dir='ltr'>habere</span> <span class='ocrx_word' id='word_1_371' title='bbox 2295 4021 2485 4077; x_wconf 72' lang='lat' dir='ltr'>potest,</span> 
     </span>
     <span class='ocr_line' id='line_1_55' title="bbox 1461 4088 2482 4141; baseline 0.002 -2"><span class='ocrx_word' id='word_1_372' title='bbox 1461 4108 1524 4140; x_wconf 88' lang='lat' dir='ltr'>ne</span> <span class='ocrx_word' id='word_1_373' title='bbox 1544 4091 1705 4141; x_wconf 77' lang='lat' dir='ltr'>Groeci</span> <span class='ocrx_word' id='word_1_374' title='bbox 1732 4105 1872 4137; x_wconf 76' lang='lat' dir='ltr'>cansa</span> <span class='ocrx_word' id='word_1_375' title='bbox 1900 4088 2088 4138; x_wconf 70' lang='lat' dir='ltr'>cadant.</span> <span class='ocrx_word' id='word_1_376' title='bbox 2118 4090 2255 4139; x_wconf 85' lang='lat' dir='ltr'>Idem</span> <span class='ocrx_word' id='word_1_377' title='bbox 2283 4091 2482 4141; x_wconf 82' lang='lat' dir='ltr'>verbum</span> 
     </span>
    </p>
   </div>
  </div>
 </body>
</html>
