3023 4773
561 434 1075 509 EPISTOLAE
1123 439 1257 505 AD
1308 436 1804 524 ΑΤΤΙΟΠΜ,
1855 440 1923 524 1,
1974 464 2089 509 20.
2253 434 2383 512 351

256 566 687 634 sententiam
726 559 997 658 pedarii
1050 571 1549 629 cucurrerunt.
1616 558 2011 632 Inducendi
2064 575 2397 634 senatus·

257 670 573 744 consulti
596 669 964 740 maturitas
1001 667 1333 738 nondum
1364 682 1508 737 est:
1530 667 1731 764 quod
1753 692 1993 766 neque
2033 688 2204 743 sunt
2223 728 2241 761 ,
2270 674 2399 771 qui

257 794 708 880 querantur;
765 795 838 850 et
892 780 1101 849 multi
1151 780 1410 876 partim
1470 778 1959 849 malivolentia
1987 791 2076 867 ¹7,
2131 786 2395 879 partim

256 898 605 991 opinione
628 890 977 987 requitatis
1007 888 1480 960 delectantur.
1515 887 1847 959 Metellus
1873 902 2045 959 tuus
2068 903 2176 959 est
2201 915 2399 987 egre-

259 1007 419 1100 gius
460 1000 745 1072 consul.
790 1002 1035 1068 Unum
1073 997 1778 1095 reprehendo‚quod
1822 1000 2050 1068 otium
2090 1024 2130 1071 e
2172 1001 2402 1071 Gallia

260 1114 585 1184 nuntiari
611 1136 760 1182 non
789 1133 1233 1207 magnopere
1256 1108 1543 1207 gaudet.
1575 1110 1831 1207 Cupit,
1867 1109 2117 1195 credo,
2145 1112 2399 1180 trium-

265 1224 507 1321 phare.
555 1228 709 1293 Hoc
744 1220 1002 1291 vellem
1056 1219 1486 1291 mediocrius
1526 1247 1539 1288 :
1581 1234 1817 1290 cetera
1871 1224 2177 1316 egregia.
2231 1222 2398 1291 Auli

263 1333 446 1404 filius
483 1357 656 1404 vero
692 1334 790 1402 ita
827 1354 903 1402 se
945 1331 1159 1428 gerit,
1199 1343 1280 1401 ut
1318 1330 1472 1424 ejus
1508 1330 1925 1399 consulatus
1954 1352 2105 1399 non
2143 1345 2425 1402 consu-¹¹

266 1440 444 1509 latus
480 1444 610 1523 sit,
647 1437 774 1509 sed
805 1438 1047 1532 Magni
1075 1438 1305 1507 nostri
1334 1443 1606 1505 ὑπώπιον
1630 1430 1716 1504 ¹⁸.
1753 1439 1860 1506 De
1886 1436 2067 1507 meis
2092 1436 2409 1533 scriptun,

269 1552 426 1620 misi
445 1548 535 1619 ad
557 1563 630 1618 te
650 1570 878 1643 graece
906 1544 1301 1642 perfectum
1328 1556 1391 1603 ¹9
1430 1536 1886 1616 consulatum
1919 1568 2163 1614 meum
2193 1571 2209 1614 :
2240 1568 2408 1615 eum

267 1659 530 1729 librum
551 1664 626 1730 L.
660 1659 990 1729 Cossinio
1028 1657 1215 1728 dedi.
1246 1663 1435 1727 Puto
1453 1672 1527 1727 te
1552 1657 1788 1727 latinis
1816 1658 1994 1727 meis
2030 1655 2403 1742 delectari;

271 1768 443 1838 huic
475 1783 714 1837 autem
747 1790 980 1863 graeco
1015 1770 1345 1837 Graecum
1367 1778 1432 1810 ²⁰
1464 1765 1810 1863 invidere.
1841 1767 1981 1837 Alii
2017 1769 2074 1836 si
2105 1768 2409 1864 scripse-

267 1882 447 1965 rint,
502 1878 871 1948 mittemus
917 1875 1007 1947 ad
1052 1892 1164 1965 te;
1206 1877 1368 1962 sed,
1407 1874 1586 1947 mihi
1640 1876 1890 1965 crede,
1937 1875 2147 1947 simul
2188 1891 2409 1973 atque

267 1987 409 2060 hoc
446 2002 777 2058 nostrum
818 1987 1145 2083 legerunt
1168 2040 1187 2071 ‚
1222 1987 1466 2057 nescio
1489 2011 1641 2082 quo
1670 2001 1883 2082 pacto
1920 1986 2405 2057 retardantur.
2444 1996 2447 1997 ’

268 2094 490 2167 Nunc
513 2096 632 2190 (ut
670 2096 756 2166 ad
793 2120 947 2166 rem
990 2120 1223 2167 meam
1275 2094 1610 2188 redeam)
1654 2099 1732 2165 L.
1784 2097 2113 2193 Papirius
2147 2100 2419 2185 Paetus,

271 2208 384 2275 vir
424 2204 701 2294 bonust,
740 2221 1164 2302 amatorque
1209 2221 1494 2289 noster,
1536 2203 1713 2274 mihi
1756 2202 1985 2275 libros
2023 2194 2182 2291 eoS,
2221 2232 2410 2304 quos

271 2320 469 2388 Serv.
527 2313 942 2388 claudius²1
1000 2315 1330 2414 reliquit,
1375 2314 1691 2386 donavit.
1731 2318 1975 2406 Quum
2022 2316 2236 2406 mihi,
2277 2341 2412 2417 per

274 2429 502 2526 legem
529 2427 846 2498 Cinciam
866 2437 928 2469 ²²
963 2425 1176 2498 licere
1207 2451 1494 2524 capere,
1527 2426 1818 2497 Cincius
1837 2421 1901 2468 ²³
1940 2427 2212 2498 amicus
2241 2440 2411 2499 tuus

276 2537 588 2609 diceret:
625 2535 937 2607 libenter
976 2536 1157 2623 dixi,
1208 2561 1326 2607 me
1368 2550 1873 2633 accepturum,
1925 2537 1985 2605 si
2034 2535 2408 2608 attulisset.

277 2653 513 2732 Nunc,
556 2651 613 2720 si
662 2672 777 2718 me
813 2670 1032 2734 amas,
1070 2649 1125 2718 si
1161 2664 1233 2719 te
1271 2667 1313 2717 a
1340 2669 1458 2716 me
1495 2647 1715 2716 amari
1750 2649 1924 2734 scis,
1968 2649 2243 2719 enitere
2276 2673 2410 2747 per

280 2881 539 2928 adversum
585 2893 658 2929 eat
675 2916 690 2939 ,
729 2879 850 2928 illud
871 2915 886 2939 ‚
927 2903 952 2922 κ
977 2882 1052 2928 De
1099 2881 1298 2944 populis
1390 2881 1591 2927 cessaria
1615 2895 1628 2929 :
1672 2880 1802 2927 idem
1822 2882 1951 2928 enim
1976 2898 2155 2930 nomen
2179 2899 2414 2946 gramma-

282 2960 452 3006 liberis
480 2982 504 3000 ι-
521 2994 535 3016 ,
558 2959 670 3006 addi
707 2961 810 3007 sine
833 2959 1093 3006 multorum
1119 2959 1298 3006 damno
1387 2960 1474 3007 tici
1508 2959 1713 3006 celebris
1741 2975 1759 3005 .·
1782 2971 1833 3006 et
1860 2961 1994 3007 Serv.
2033 2961 2319 3019 Claudium,
2354 2977 2409 3013 ut

285 3055 391 3086 non
431 3053 588 3102 posse.
617 3042 735 3087 Hac
773 3039 949 3085 iterum
969 3072 984 3096 ‚
1024 3049 1074 3085 et
1107 3038 1299 3102 planius
1388 3038 1561 3086 Cicero
1580 3038 1660 3085 hic
1676 3071 1690 3092 ,
1714 3035 1937 3084 nominat
1950 3038 2139 3107 Gellius
2160 3040 2409 3101 lib.x‚111‚

284 3120 431 3182 epist.
471 3134 491 3163 ι
514 3154 530 3180 ,
555 3118 640 3165 lib.
669 3120 734 3165 11.
763 3120 910 3166 Mut-
1390 3133 1497 3180 cap.
1542 3133 1624 3163 αι.
1660 3117 1797 3164 Serv.
1836 3116 2066 3164 Clodium
2105 3115 2296 3165 Plinius
2322 3121 2409 3168 lib.

361 3214 380 3243 1
395 3214 441 3258 7.
496 3196 851 3244 Malivoleneia.
903 3199 963 3243 In
1023 3194 1302 3242 creditores.
1393 3199 1619 3244 xxxm
1633 3230 1647 3254 ‚
1667 3212 1773 3260 cap.
1792 3204 1819 3251 4
1833 3230 1849 3255 ‚
1865 3208 1915 3245 et
1934 3197 2196 3245 Suetonius
2216 3199 2265 3245 in
2283 3199 2413 3246 libro

284 3277 550 3341 AEquieatis
571 3294 590 3324 .·
610 3279 664 3324 in
682 3277 942 3333 debitores,
952 3275 1039 3339 qui
1064 3291 1213 3337 quum
1239 3275 1302 3322 li·
1394 3274 1454 3321 de
1473 3275 1614 3322 elaris
1634 3275 1985 3324 Grammaticis.
2010 3278 2116 3323 Fuit
2133 3287 2294 3324 autem
2316 3278 2417 3325 fra·

284 3356 383 3402 beri
430 3357 527 3402 sint
547 3392 563 3416 ,
611 3372 804 3418 equum
845 3371 947 3402 non
985 3353 1180 3401 videtur
1218 3368 1303 3400 eoa
1394 3362 1465 3400 ter
1492 3355 1671 3417 Papirii
1698 3355 1839 3411 Paeti,
1858 3365 1941 3401 aut
1961 3356 2416 3417 consobrinus,aut

285 3435 410 3497 cogi.
440 3438 599 3483 Inna.
1391 3446 1452 3478 ex
1497 3432 1664 3479 eadem
1702 3443 1874 3490 matre,
1914 3432 2108 3481 diverso
2145 3445 2320 3496 patre:
2352 3435 2414 3482 de

364 3515 440 3561 18.
466 3502 702 3562 Ῠπώπιον.
730 3513 951 3570 Macula,
975 3512 1175 3576 proprie
1197 3511 1303 3557 vul·
1394 3523 1496 3570 quo
1521 3511 1572 3556 in
1596 3512 1738 3575 epist.
1762 3511 1824 3557 ad
1849 3513 2050 3559 Paetum.
2079 3514 2237 3559 Pom.

285 3608 375 3638 nm
401 3593 454 3639 in
482 3593 620 3644 facie,
645 3594 759 3640 En:
1466 3603 1554 3636 22.
1596 3592 1693 3635 Per
1715 3590 1867 3653 legem
1898 3589 2133 3637 Cinciam.
2162 3593 2285 3653 Quae
2313 3606 2414 3643 erat

361 3687 439 3732 ¹9·
483 3671 586 3719 Alii
626 3671 814 3718 malunt
869 3692 894 3711 σ-
919 3669 1244 3734 perscriptum
1264 3690 1305 3714 ιο.
1397 3665 1457 3713 de
1482 3666 1625 3714 donis
1645 3678 1692 3714 et
1711 3668 2007 3714 muneribus.
2024 3670 2229 3716 Jocatur
2250 3670 2310 3718 de
2328 3689 2413 3721 no-

284 3751 315 3796 J
324 3752 404 3795 .V.
431 3753 484 3797 L.
1396 3745 1527 3792 mine
1545 3742 1706 3795 Cincii
1726 3744 1911 3792 tribuni
1939 3747 2025 3808 qui
2042 3747 2197 3810 legem
2222 3750 2417 3812 tulerat,

357 3828 619 3876 20.Groeco
633 3826 1158 3890 Groecum.Te‚utpote
1174 3829 1309 3875 Grae-
1397 3835 1447 3871 et
1472 3823 1611 3882 alius,
1636 3824 1722 3887 qui
1750 3822 1901 3871 Attici
1936 3824 2197 3875 familiaris.
2214 3829 2332 3878 vid.
2360 3832 2420 3879 de

183 3900 187 3904 ⁴
285 3906 582 3963 eum‚11bro
614 3921 724 3953 meo
771 3922 924 3970 graece
954 3908 1144 3969 scripto
1184 3906 1306 3953 invi·
1404 3903 1495 3951 hac
1524 3904 1627 3968 lege
1669 3904 1772 3951 Liv.
1813 3905 2061 3962 XXX1V3
2101 3906 2161 3954 de
2191 3908 2327 3958 Orat.
2350 3912 2423 3966 11,

287 3984 416 4035 dere.
444 3989 532 4033 En.
1408 3999 1491 4044 7¹·
1523 3985 1613 4032 En.

358 4081 384 4110 a
402 4082 442 4112 1.
485 4066 616 4111 Serv.
665 4063 910 4111 Claudius.
949 4065 1082 4111 Libri
1124 4063 1309 4127 vulgati
1473 4065 1558 4110 23.
1589 4061 1794 4111 Cincius.
1818 4063 1911 4112 Hic
1935 4063 2086 4112 Attici
2110 4068 2301 4128 negotia
2328 4070 2427 4116 Ro·

291 4143 512 4190 nonnulli
540 4141 762 4195 Clodius,
795 4143 1063 4191 mutatione
1092 4158 1193 4189 non
1224 4159 1307 4189 nc·
1400 4157 1490 4189 mae
1518 4140 1827 4207 procurabat.
1861 4143 2012 4206 Epist.
2040 4144 2087 4191 6.
2111 4145 2265 4192 I'orn.
