3023 4773
523 419 658 492 166
1157 422 1256 489 M.
1308 420 1385 486 T.
1440 420 1993 489 CICERONIS

512 542 781 616 tissime
829 569 847 611 z
897 538 1025 612 sed
1065 553 1308 611 tamen
1345 540 1423 612 in
1456 564 1539 611 ea
1577 540 1949 637 voluptate
1999 537 2201 608 hunc
2234 541 2473 637 accepi
2518 540 2654 612 do·-

510 651 740 726 lorem
759 705 779 739 ,
824 647 1026 748 quod
1092 674 1322 747 quum
1379 648 1817 722 incendisses
1880 647 2348 747 cupiditatem
2407 673 2650 720 meam

511 759 1054 835 consuetudinis
1082 759 1427 857 augendas
1457 774 1718 830 nostrae
1758 760 1968 855 (nam
2002 758 2093 830 ad
2130 782 2453 829 amorem
2481 762 2649 856 qui-

511 870 677 943 dem
715 869 896 943 nihil
941 885 1225 969 poterat
1257 867 1677 966 accedere),
1721 877 1883 944 tum
1920 867 2228 940 discedis
2268 894 2311 940 a
2352 867 2563 939 nobis
2590 866 2649 952 3,

510 1005 773 1078 meque
810 994 1012 1052 tanto
1052 979 1410 1051 desiderio
1442 978 1705 1066 afficis,
1731 993 1817 1050 ut
1852 1002 2069 1049 unam
2109 977 2288 1048 mihi
2325 978 2648 1049 consola-

511 1092 787 1164 tionem
811 1090 1178 1187 relinquas
1196 1145 1215 1178 ,
1239 1089 1395 1163 fore
1416 1145 1437 1180 ‚
1460 1106 1546 1161 ut
1568 1092 1949 1187 utriusque
1977 1104 2309 1160 nostrum
2331 1089 2650 1160 absentis

510 1200 948 1274 desiderium
986 1200 1258 1272 crebris
1300 1216 1375 1273 et
1415 1202 1649 1299 longis
1694 1199 2016 1299 epistolis
2054 1199 2387 1272 leniatur.
2430 1198 2650 1290 Quod

511 1334 645 1406 ego
689 1336 839 1382 non
876 1310 1103 1383 ¹modo
1140 1312 1234 1383 de
1269 1336 1387 1383 me
1427 1311 1563 1383 tibi
1600 1311 1962 1411 spondere
2001 1336 2298 1410 possum
2323 1365 2342 1400 ,
2385 1311 2512 1382 sed
2558 1309 2652 1382 de

509 1436 583 1493 te
621 1422 836 1492 etiam
878 1423 1091 1493 mihi:
1120 1423 1397 1495 nullam
1427 1425 1621 1495 enim
1660 1422 1857 1520 apud
1891 1447 2010 1493 me
2042 1422 2400 1519 reliquisti
2439 1420 2652 1493 dubi-

513 1533 889 1620 tationem,
928 1550 1287 1631 quantum
1315 1559 1437 1605 me
1463 1559 1767 1606 amares.
1793 1538 2011 1622 Nam,
2041 1548 2126 1604 ut
2151 1534 2270 1604 illa
2297 1534 2653 1618 omittam,

511 1666 671 1740 quae
712 1644 993 1715 civitate
1032 1658 1212 1716 teste
1247 1643 1555 1733 fecisti⁴,
1593 1641 1825 1743 quum
1869 1640 2206 1716 mecum⁵
2242 1645 2653 1714 inimicitias

510 1755 1092 1840 communicasti,
1123 1779 1354 1850 quum
1385 1780 1503 1827 me
1542 1754 2023 1827 concionibus
2053 1755 2195 1825 tuis
2230 1751 2657 1838 defendisti,

510 1865 742 1960 quum
775 1862 1139 1960 quaestor⁶
1168 1870 1245 1935 in
1275 1890 1437 1937 mea
1469 1881 1688 1963 atque
1711 1867 1787 1938 in
1818 1865 2112 1964 publica
2144 1888 2358 1936 causa
2392 1889 2659 1937 consu-

512 1974 666 2044 lum
698 1987 937 2074 partes
964 1978 1379 2074 suscepisti,
1425 1989 1449 2033 7
1472 2001 1704 2073 quum
1735 1976 2040 2048 tribuno
2072 1974 2308 2073 plebis
2337 1988 2660 2072 quaestor

511 2106 664 2153 non
714 2084 1054 2181 paruisti,
1087 2090 1203 2156 cui
1251 2100 1419 2157 tuus
1454 2091 1850 2184 praesertim
1891 2086 2166 2182 collega
2202 2098 2519 2184 pareret3
2570 2099 2662 2154 ut

511 2193 659 2264 hoec
690 2196 1042 2282 recentia,
1083 2221 1245 2293 quas
1281 2199 1683 2271 meminero
1716 2222 2025 2297 semper,
2058 2196 2461 2283 obliviscar,
2489 2220 2660 2293 quae

511 2318 636 2374 tua
669 2304 1078 2377 sollicitudo
1115 2305 1208 2378 de
1236 2330 1353 2379 me
1382 2309 1459 2377 in
1492 2309 1709 2379 armis
1726 2305 1782 2399 ⁸,
1799 2333 1961 2406 quae
1998 2308 2239 2379 laetitia
2271 2309 2345 2377 in
2374 2305 2611 2376 reditu
2639 2331 2661 2389 ς

513 2439 674 2511 quae
704 2440 912 2503 cura,
946 2419 1075 2513 qui
1099 2416 1334 2505 dolor,
1361 2444 1593 2516 quum
1631 2418 1722 2490 ad
1760 2434 1832 2490 te
1873 2443 2062 2490 curae
2090 2433 2164 2491 et
2194 2417 2481 2489 dolores
2509 2420 2659 2485 mei

513 2522 1008 2623 perferrentur
1028 2554 1048 2615 ;
1077 2528 1546 2602 Brundisium
1574 2530 1890 2628 denique
1917 2544 1986 2601 te
2009 2527 2102 2599 ad
2122 2554 2239 2600 me
2263 2542 2662 2599 venturum

511 2633 734 2708 fuisse
756 2691 776 2723 ,
808 2638 944 2708 nisi
977 2637 1222 2710 subito
1250 2641 1327 2710 in
1360 2642 1776 2739 Hispaniam
1809 2641 2066 2711 missus
2105 2662 2340 2723 esses;
2383 2651 2466 2707 ut
2498 2634 2665 2707 haec

511 2747 734 2843 igitur
763 2750 1091 2818 omittam
1107 2803 1128 2834 ,
1153 2775 1314 2848 quae
1342 2751 1519 2823 mihi
1548 2753 1730 2822 tanti
1753 2748 2167 2821 aestimanda
2183 2760 2376 2834 sunt,
2402 2747 2664 2844 quanti

508 2857 730 2926 vitam
757 2858 1030 2929 aestimo
1050 2872 1124 2929 et
1148 2859 1454 2931 salutem
1481 2887 1752 2932 meam:
1785 2859 1969 2932 liber
2000 2861 2132 2930 iste
2148 2871 2206 2945 9,
2225 2882 2443 2956 quem
2465 2855 2661 2926 mihi

426 2963 429 2966 ’
511 2967 787 3055 misisti,
802 2983 1150 3065 quantam
1178 2969 1401 3041 habet
1431 2970 1991 3044 declarationem
2028 2971 2296 3041 amoris
2332 2967 2483 3039 tui?
2505 2968 2658 3037 Pri·

511 3102 713 3149 mum
730 3077 934 3176 quod
950 3079 1083 3150 tibi
1097 3078 1411 3151 facetum
1422 3080 2098 3181 videtur,quidquid
2116 3104 2252 3177 ego
2271 3078 2441 3165 dixi3
2453 3077 2664 3174 quod

583 3283 632 3330 3.
658 3280 878 3330 Discedis
900 3298 935 3328 a
954 3282 1108 3330 nobis.
1145 3285 1202 3330 In
1230 3283 1535 3351 provinciam
1624 3287 1773 3335 verba
1814 3286 1923 3345 ills,
1957 3299 2148 3348 «quum
2196 3299 2275 3330 me
2326 3280 2663 3329 concionibus

508 3361 674 3409 Asiam
695 3360 1025 3427 proficiscens.
1053 3361 1211 3426 Epist.
1232 3362 1295 3410 16
1313 3362 1398 3411 lib.
1417 3365 1537 3415 ΧΠ.
1629 3366 1727 3414 tuis
1756 3363 2074 3413 defendisti».
2101 3365 2152 3411 J.
2170 3364 2235 3410 V.
2267 3365 2321 3410 L.

507 3445 654 3491 Mut-
1700 3448 1748 3496 8,
1772 3447 1833 3492 In
1850 3443 2014 3491 armis.
2044 3441 2194 3491 Civili
2217 3441 2370 3490 bello.

580 3526 629 3574 4.
676 3521 869 3570 Fecisti.
901 3521 1226 3586 Temporibus
1266 3521 1539 3571 Clodianis.
1700 3542 1750 3589 9.
1781 3524 1922 3571 Liber
1945 3523 2049 3570 iste.
2080 3523 2285 3570 Prorsus
2312 3519 2438 3567 male
2458 3519 2657 3566 Emest.

507 3598 654 3646 Msx.
1627 3604 1870 3653 intellexit
1886 3601 2064 3650 librum
2087 3601 2148 3648 de
2168 3617 2270 3665 quo
2287 3599 2563 3648 Trebonius
2589 3599 2658 3646 ad

582 3678 633 3724 5.
661 3680 869 3728 Mecum.
893 3681 1141 3730 Adversus
1159 3681 1387 3731 inimicos
1402 3697 1538 3730 meos
1631 3685 1918 3735 Ciceronem
1964 3682 2187 3745 scripsit,
2235 3683 2337 3729 ΧΠ
2355 3715 2370 3738 ,
2411 3680 2492 3726 16-
2534 3680 2668 3726 Haec

507 3756 778 3807 simultates
796 3763 1066 3826 suscepisti.
1088 3766 1137 3812 J.
1156 3765 1211 3811 F.
1233 3763 1406 3811 Gnox.
1631 3766 1761 3811 enim
1782 3764 1920 3827 epist.
1939 3761 2107 3822 serius,
2129 3775 2259 3807 suno
2283 3759 2475 3808 demum
2495 3760 2564 3806 U.
2599 3757 2665 3806 C.

579 3838 628 3883 6.
663 3839 822 3899 Quum
849 3854 1083 3904 quoestor.
1110 3842 1312 3906 Pighius
1344 3843 1402 3894 C.
1420 3844 1541 3890 Tre-
1635 3859 1751 3904 709,
1769 3844 1947 3906 scripta
1966 3851 2056 3897 est,
2078 3849 2125 3885 et
2145 3837 2672 3899 munusculum‚qnod

506 3917 712 3965 bonium
735 3934 958 3984 asperum
984 3933 1274 3987 quaestorem
1300 3922 1540 3970 urbanum
1629 3921 1728 3970 loc.
1742 3922 1825 3969 cit.
1843 3923 1908 3968 ait
1926 3918 2197 3967 Trebonius
2219 3935 2268 3965 se
2287 3918 2350 3965 ad
2370 3916 2674 3966 Ciceronem

509 3997 658 4048 fuisse
677 4013 807 4047 enno
825 4002 888 4046 U.
908 4003 964 4050 C.
979 4003 1083 4066 693
1097 4038 1111 4061 ,
1126 4020 1235 4050 cum
1255 4006 1319 4065 Q.
1339 4002 1541 4051 Caecilio
1632 4003 1850 4058 mittere,
1877 4000 1999 4048 nihil
2026 3998 2159 4046 alind
2186 4010 2290 4046 erat
2305 4033 2319 4057 ,
2347 4013 2496 4061 quum
2521 3996 2676 4044 Cice—

509 4078 573 4140 Q.
590 4081 645 4127 F.
662 4079 718 4128 1..
734 4079 800 4126 N.
819 4080 1024 4128 Metello
1051 4083 1260 4131 Cretico.
1280 4084 1372 4131 En.
1630 4082 1767 4128 mnis
1785 4080 1988 4137 dietum,
2001 4094 2030 4125 s
2048 4095 2099 4125 se
2117 4078 2335 4127 versibus
2351 4075 2677 4133 conclusum,

583 4175 632 4218 7.
662 4156 844 4207 Scbt'itz
877 4161 1239 4224 transponenda
1267 4160 1365 4209 huc
1395 4172 1536 4227 putat
1626 4160 1761 4224 quod
1803 4176 1865 4208 ne
1915 4158 2188 4207 Ernestium
2237 4156 2438 4221 quidem
2496 4156 2633 4218 sugit
2652 4191 2674 4217 ,

3003 1786 3021 1826 μ..
3001 1671 3023 1715 fl
3000 1561 3023 1604 m
3003 1451 3023 1493 u
2999 1337 3023 1380 L!
2997 1226 3023 1269 DC
2999 1116 3023 1158 Lx
3006 981 3023 1067 -..ῑι
3003 893 3023 934 ἐκ
3001 775 3023 823 ει
3002 671 3023 711 m
3005 559 3023 598 r..-
