3023 4773
691 422 786 498 36
1316 426 1414 496 M.
1463 426 1541 494 Τ.
1596 420 2151 496 CICERONIS

692 547 1163 646 hospitemsset
1205 544 1621 620 familiarem
1653 570 1934 635 meum,
1971 542 2626 635 commendassem3
2658 559 2814 618 tum

690 684 865 730 vero
906 672 1375 757 posteaquam
1428 683 1521 731 ex
1568 658 1791 730 literis
1841 656 2000 753 ejus
2051 656 2396 753 cognovi,
2451 654 2583 727 tibi
2646 682 2815 729 eum

688 766 869 841 falso
901 782 1315 866 suspectum
1351 766 1609 857 fuisse,
1648 766 2267 841 vehementissime
2302 763 2577 836 laetatus
2612 791 2812 854 sum,

685 903 803 951 me
852 893 998 950 tam
1048 876 1463 975 diligentem
1525 880 1602 949 in
1646 903 1736 950 eo
1789 874 2372 950 commendando
2421 874 2661 949 fuisse.
2709 882 2816 950 Ita

685 990 875 1059 enim
934 988 1218 1086 scripsit
1274 985 1367 1059 ad
1420 1012 1538 1059 me
1559 1041 1580 1076 ,
1630 984 1766 1059 sibi
1828 1012 2059 1059 meam
2114 986 2812 1059 commendationem

683 1099 997 1169 maximo
1049 1095 1472 1192 adjumento
1514 1095 1774 1187 fuisse,
1827 1095 2031 1195 quod
2068 1095 2162 1167 ad
2207 1111 2281 1169 te
2331 1095 2650 1168 delatum
2699 1095 2811 1169 di-

684 1222 917 1295 ceret,
950 1231 1105 1279 sese
1133 1222 1390 1279 contra
1425 1208 1842 1306 dignitatem
1879 1222 2077 1279 tuam
2111 1213 2357 1280 Romae
2386 1207 2477 1280 de
2509 1222 2581 1280 te
2609 1208 2813 1306 loqui

682 1317 979 1389 solitum
1005 1340 1185 1389 esse.
1221 1322 1332 1389 De
1368 1341 1555 1416 quo,
1592 1318 1722 1390 etsi
1761 1342 1897 1417 pro
1935 1332 2057 1389 tua
2089 1316 2421 1389 facilitate
2451 1334 2523 1390 et
2564 1317 2813 1390 huma-

680 1430 905 1499 nitate
939 1441 1327 1527 purgatum
1358 1451 1434 1500 se
1467 1427 1601 1500 tibi
1647 1426 1894 1500 scribit
1928 1452 2084 1501 esse
2114 1456 2131 1499 ε
2171 1443 2412 1499 tamen
2450 1429 2767 1526 primum
2790 1485 2811 1517 ‚

678 1551 764 1607 ut
798 1535 1056 1626 debeo,
1092 1536 1226 1609 tibi
1257 1540 1516 1635 gratias
1559 1561 1735 1637 ago,
1773 1563 2001 1636 quum
2041 1552 2322 1610 tantum
2368 1537 2590 1609 literae
2633 1564 2812 1611 meae

678 1660 1109 1745 potuerunt,
1141 1661 1252 1735 ut,
1300 1647 1412 1720 his
1448 1649 1650 1721 lectis
1673 1703 1692 1737 ‚
1727 1671 2022 1720 omnem
2064 1644 2542 1720 offensionem
2580 1652 2811 1749 suspi-

676 1758 936 1846 cionis,
966 1780 1184 1855 quam
1213 1756 1570 1830 habueras
1597 1759 1689 1831 de*
1717 1763 2004 1855 Lysone
2026 1811 2047 1846 ,
2073 1756 2508 1858 deponeres3
2545 1756 2810 1830 deinde

677 1867 928 1939 credas
960 1868 1141 1939 mihi
1168 1866 1555 1940 affirmanti
1587 1870 1800 1940 velim
1826 1921 1845 1957 ,
1875 1893 1990 1940 me
2011 1866 2153 1939 hoc
2176 1893 2328 1939 non
2358 1889 2494 1965 pro
2524 1872 2809 1965 Lysone

677 1980 939 2075 magis,
994 2001 1214 2075 quam
1261 2002 1397 2077 pro
1445 1978 1790 2051 omnibus
1843 1976 2158 2050 scribere
2181 2032 2200 2061 ‚
2239 1975 2608 2049 hominem
2653 2002 2809 2051 esse

674 2092 1068 2179 neminem,
1089 2090 1217 2186 qui
1234 2111 1584 2186 umquam
1607 2090 2055 2160 mentionem
2080 2089 2188 2157 tui
2207 2087 2360 2159 sine
2381 2100 2503 2158 tua
2526 2111 2809 2158 summa

672 2197 885 2270 laude
922 2197 1191 2270 fecerit.
1222 2204 1412 2295 Lyso
1441 2223 1614 2272 vero
1643 2223 1876 2297 quum
1905 2220 2189 2269 mecum
2218 2219 2450 2295 prope
2479 2198 2811 2293 quotidie
2854 2246 2860 2251 -

674 2322 894 2396 esset,
932 2332 1227 2407 unaque
1261 2310 1565 2397 viveret,
1603 2333 1757 2379 non
1796 2308 2069 2395 solum,
2111 2310 2282 2404 quia
2331 2331 2450 2377 me
2497 2306 2813 2381 libenter

660 2418 923 2490 'audire
950 2417 1496 2505 arbitrabatur¹·‚
1532 2417 1656 2489 sed
1693 2420 1861 2515 quia
1896 2415 2240 2489 libentius
2275 2419 2429 2515 ipse
2462 2416 2812 2513 loqueba-

671 2541 817 2613 tur,
858 2529 1102 2599 omnia
1139 2527 1316 2597 mihi
1353 2540 1475 2597 tua
1520 2542 1592 2599 et
1629 2524 1851 2613 facta,
1895 2541 1966 2598 et
1999 2525 2190 2598 dicta
2225 2524 2581 2598 laudabat.
2614 2531 2814 2620 Qua·

672 2652 996 2736 propter,
1036 2641 1168 2708 etsi
1209 2660 1251 2706 a
1294 2651 1364 2708 te
1398 2637 1496 2708 ita
1532 2650 1899 2724 tractatur,
1936 2652 2018 2709 ut
2059 2637 2209 2734 jam
2256 2662 2406 2708 non
2444 2636 2813 2713 desideret

675 2745 1379 2818 commendationem
1394 2749 1984 2846 meam‚unisque
2005 2772 2081 2821 se
2104 2748 2326 2819 literis
2354 2748 2530 2818 meis
2557 2751 2814 2821 omnia

671 2871 1209 2954 consequutum
1235 2867 1444 2955 putet
1472 2886 1488 2929 ε
1526 2874 1768 2930 tamen
1796 2881 1836 2927 a
1860 2872 1932 2930 te
1957 2870 2129 2955 peto
2155 2857 2231 2926 in
2265 2854 2614 2950 majorem
2648 2882 2813 2962 rno-

672 2964 886 3055 dum,
919 2973 1003 3036 ut
1035 2990 1202 3037 eum
1233 2968 1449 3038 etiam
1481 2981 1702 3062 atque
1738 2967 1951 3038 etiam
1989 2968 2128 3038 tuis
2163 2963 2457 3054 officiis,
2495 2964 2816 3040 liberali-

667 3087 847 3148 tate²
883 3077 1386 3174 complectare.
1419 3075 1824 3148 Scriberem
1857 3074 1947 3147 ad
1976 3091 2044 3147 te
2063 3130 2082 3164 ‚
2101 3076 2331 3173 qualis
2357 3077 2467 3147 vir
2492 3092 2817 3166 esset,ut

670 3183 1167 3283 superioribus
1189 3184 1412 3254 literis
1425 3182 1735 3258 feceram
1751 3239 1771 3271 ‚
1791 3187 1929 3257 nisi
1943 3209 2110 3256 eum
2126 3186 2276 3282 jam
2300 3209 2435 3284 per
2464 3187 2817 3285 seipsum

671 3292 805 3365 tibi
831 3295 999 3367 satis
1030 3316 1186 3365 esse
1219 3307 1476 3364 notum
1508 3293 1915 3367 arbitrarer.

748 3513 792 3545 x.
812 3496 1000 3546 Audin
1015 3496 1370 3546 arbiembaeur.
1389 3496 1507 3548 Scil.
1526 3496 1696 3547 laudes
1784 3496 1964 3568 officiis
2009 3510 2059 3548 ee
2102 3498 2396 3548 uhmtieaee
2414 3534 2429 3556 ‚
2473 3500 2614 3564 quod
2663 3503 2817 3556 facile

669 3586 796 3623 tuas.
816 3577 950 3624 Ean.
1778 3579 2108 3643 praetulerim
2137 3580 2227 3628 eui
2254 3579 2348 3627 alia
2368 3592 2484 3628 sunt
2499 3583 2699 3632 omissa
2718 3602 2818 3635 co-

743 3669 796 3702 a.
827 3653 934 3700 Tuis
957 3653 1155 3722 officiis,
1185 3653 1491 3706 humitate.
1507 3654 1688 3706 Bened.
1779 3656 1907 3720 pulae
1948 3658 2075 3706 inter
2120 3656 2221 3707 duo
2271 3658 2507 3708 vocabula
2551 3663 2821 3727 exempla,

666 3732 870 3796 conjicit
895 3731 1171 3793 liberaliter,
1202 3751 1304 3785 non
1329 3736 1469 3786 male.
1498 3737 1615 3785 Aac.
1643 3752 1687 3795 t,
1775 3752 1886 3801 qua
1911 3737 2161 3787 Manutius
2185 3737 2248 3787 ad
2273 3737 2334 3790 h.
2353 3738 2389 3790 l.
2413 3739 2625 3806 collegit.
2647 3741 2781 3793 θοι.

1458 3950 2030 3984 --—--0—-——-—
