3023 4773
831 392 1417 480 EPISTOLAE,
1463 395 1714 480 xm,
1768 396 1839 480 4.
2361 421 2403 492 7

271 521 345 591 C.
368 520 604 589 Caesar
624 511 910 615 primo⁵
944 539 1080 587 suo
1117 514 1502 587 consulatu
1540 516 1617 586 in
1656 514 1812 614 lege
1852 518 2124 616 agraria
2141 513 2404 615 ⁶ycom-

268 626 644 727 probavit,
679 649 1080 724 agrumque
1106 624 1664 703 Volaterranum
1705 639 1780 699 et
1814 626 2171 727 oppidum
2201 630 2403 699 omni

265 736 595 834 periculo
624 736 700 807 in
727 749 1162 834 perpetuum
1190 733 1564 807 liberavit:
1596 749 1681 807 ut
1704 734 1882 808 mihi
1911 735 2219 809 dubium
2250 763 2406 810 non

267 849 379 934 sit,
412 848 594 943 quin
621 848 703 932 is,
730 847 859 942 qui
888 869 1109 916 novas
1137 843 1704 918 necessitudines
1735 845 2121 944 adjungat,
2156 862 2404 920 vetera

266 980 394 1029 sua
440 953 799 1028 beneficia
847 959 1254 1027 conservari
1313 954 1508 1027 velit.
1569 954 2068 1051 Quamobrem
2113 971 2219 1029 est
2261 972 2403 1030 tuae

264 1065 705 1166 prudentiae,
732 1079 858 1137 aut
887 1067 1097 1165 sequi
1130 1067 1285 1163 ejus
1316 1069 1819 1138 auctoritatem
1839 1121 1859 1154 ‚
1895 1065 2105 1162 cujus
2134 1082 2401 1140 sectam

262 1191 482 1275 atque
517 1177 910 1274 imperium
952 1201 1233 1248 summa
1271 1200 1437 1248 cum
1478 1190 1604 1247 tua
1648 1174 1997 1274 dignitate
2048 1191 2404 1273 sequutus

262 1311 376 1376 es;
413 1301 538 1359 aut
583 1301 777 1359 certe
810 1286 916 1358 illi
950 1287 1304 1384 integram
1349 1310 1648 1383 omnem
1686 1308 1975 1357 causam
2008 1309 2396 1357 reservare.

259 1397 450 1470 Illud
486 1422 662 1470 vero
698 1396 1034 1469 dubitare
1067 1422 1219 1468 non
1262 1395 1510 1485 debes,
1533 1398 1717 1494 quin
1756 1410 1903 1466 tam
1940 1419 2154 1493 grave
2172 1407 2226 1482 ⁷,
2253 1410 2404 1467 tam

259 1506 553 1580 firmum
576 1561 596 1596 ,
641 1521 787 1582 tam
822 1506 1212 1580 honestum
1246 1507 1733 1605 municipium
1771 1503 1906 1578 tibi
1944 1519 2072 1577 tuo
2119 1529 2403 1579 summo

257 1615 617 1690 beneficio
648 1618 726 1687 in
758 1630 1196 1715 perpetuum
1227 1615 1535 1714 obligari
1567 1616 1764 1693 velis.

352 1726 498 1799 Sed
528 1728 719 1817 haec,
763 1752 925 1825 quae
962 1751 1182 1824 supra
1226 1728 1493 1825 scripta
1528 1741 1740 1815 sunt,
1774 1750 1863 1797 eo
1912 1741 2273 1825 spectant,
2318 1742 2405 1799 ut

262 1852 332 1909 te
368 1836 624 1910 horter
659 1853 737 1910 et
766 1837 1124 1909 suadeam.
1145 1836 1451 1935 Reliqua
1487 1851 1685 1924 sunt,
1706 1860 1868 1934 quae
1904 1837 2273 1935 pertinent
2308 1835 2403 1907 ad

257 1946 665 2045 rogandum
697 1976 714 2019 ι
744 1961 826 2018 ut
858 1972 1010 2019 non
1042 1946 1282 2018 solum
1303 1959 1429 2017 tua
1462 1970 1680 2019 causa
1712 1940 1844 2017 tibi
1872 1946 2258 2018 consilium
2282 1970 2401 2019 me

255 2056 430 2129 dare
489 2073 742 2156 putes,
798 2055 927 2128 sed
980 2060 1237 2145 etiam,
1266 2055 1483 2157 ,quod
1531 2056 1712 2134 mihi
1768 2082 1958 2158 opus
2014 2059 2142 2145 sit,
2197 2082 2313 2129 me
2363 2081 2406 2127 a

256 2182 327 2240 te
360 2182 618 2267 petere
656 2180 730 2238 et
765 2190 1041 2264 rogare.
1076 2167 1585 2239 Gratissimum
1629 2167 1848 2264 igitur
1892 2163 2071 2236 mihi
2117 2162 2402 2252 feceris,

250 2280 311 2351 si
336 2278 855 2350 Volaterranos
881 2275 1225 2347 omnibus
1249 2273 1470 2349 rebus
1498 2278 1821 2375 integros
1847 2276 2400 2374 incolumesque

250 2414 407 2463 esse
443 2388 790 2461 volueris.
829 2391 1095 2459 Eorum
1139 2411 1275 2486 ego
1305 2386 1705 2479 domicilia,
1745 2385 1981 2474 sedes,
2018 2411 2213 2472 rem,
2254 2384 2401 2458 for-

250 2514 470 2571 tunas
494 2552 518 2586 ‚
548 2522 712 2596 quae
752 2523 795 2569 a
835 2497 969 2568 diis
1012 2496 1575 2590 immortalibus,
1618 2513 1692 2571 et
1718 2523 1761 2569 a
1798 2498 2400 2596 praestantissimis

243 2611 319 2683 in
341 2623 601 2682 nostra
628 2608 997 2707 republica
1025 2608 1326 2698 civibuS,
1357 2632 1644 2682 summo
1678 2624 1967 2681 senatus
1995 2607 2399 2708 populique

241 2721 541 2794 romani
577 2718 854 2807 studio,
890 2735 1327 2791 conservatae
1361 2733 1574 2809 sunt,
1632 2734 1771 2791 tuae
1813 2717 2028 2790 fidei.
2065 2718 2397 2814 justitiae,

239 2830 718 2930 bonitatique
758 2829 1216 2901 commendo.
1256 2832 1331 2900 Si
1374 2853 1511 2927 pro
1548 2832 1726 2903 meis
1770 2828 2090 2928 pristinis
2131 2825 2398 2926 opibus

241 2941 674 3014 facultatem
708 2940 885 3012 mihi
922 2964 1036 3012 res
1062 2940 1206 3013 hoc
1244 2954 1576 3039 tempore
1612 2939 1848 3027 daret,
1882 2953 1967 3011 ut
2003 2940 2100 3010 ita
2140 2937 2394 3010 defen-

240 3049 425 3124 dere
456 3074 750 3150 possem
791 3049 1339 3140 VolaterranoS,
1382 3047 2004 3148 quemadmodum
2047 3051 2396 3120 consuevi

240 3163 439 3233 tueri
480 3184 731 3249 meos3
781 3159 1063 3232 nullum
1093 3157 1451 3246 officium,
1487 3158 1769 3230 nullum
1808 3157 2127 3254 denique
2169 3170 2396 3230 certa-

236 3296 453 3361 men,
499 3272 578 3342 in
613 3296 763 3368 quo
805 3269 941 3343 illis
984 3270 1329 3370 prodesse
1368 3294 1688 3369 possem,
1738 3267 2388 3368 praetermitterem.

236 3380 427 3468 Sed,
476 3374 825 3478 quando⁸
860 3380 1056 3479 apud
1098 3394 1171 3452 te
1207 3379 1681 3452 nibilominus
1723 3378 1868 3450 hoc
1911 3391 2239 3473 tempore
2277 3403 2393 3449 va-

232 3489 397 3563 lere
429 3515 557 3563 me
584 3488 905 3577 confido,
932 3514 1154 3588 quam
1182 3489 1532 3562 valuerim
1566 3511 1852 3586 semper
1885 3486 2079 3584 apud
2106 3513 2391 3578 omnes;

231 3625 384 3701 pro
411 3616 666 3674 nostra
693 3626 973 3673 summa
1001 3599 1530 3674 necessitudine
1548 3655 1568 3688 ‚
1602 3600 1904 3698 parique
1932 3599 2120 3670 inter
2151 3623 2285 3669 nos
2316 3613 2389 3670 et

228 3728 507 3786 mutua
542 3711 1032 3785 benivolentia
1053 3710 1182 3784 abs
1211 3726 1282 3783 te
1316 3725 1515 3812 peto,
1544 3724 1627 3781 ut
1662 3710 1763 3783 ita
1788 3707 1879 3780 de
1902 3708 2387 3781 Volaterranis

309 3911 364 3960 5.
397 3911 590 3960 Primo.
611 3909 920 3973 Quibusdam
950 3909 1089 3958 libris
1122 3909 1275 3960 deest.
1440 3925 1488 3970 7.
1513 3909 1633 3955 Tam
1653 3923 1817 3972 gne-e.
1836 3905 2013 3961 Grave,
2036 3906 2389 3975 moribunfir-

240 3990 440 4038 Gru-io
458 3988 665 4038 videtur
679 3990 933 4053 glossema.
1363 4004 1495 4035 mum
1517 4023 1534 4050 ,
1566 3985 1774 4051 opibun
1809 3986 2087 4042 honestum,
2125 3986 2387 4049 splendore

315 4068 376 4115 ⁶.
394 4071 455 4118 1-
486 4068 600 4134 Iege
627 4068 847 4133 agno-ia.
878 4069 1038 4131 Qun·
1069 4067 1131 4116 do
1155 4083 1273 4132 agro
1361 4066 1684 4130 municipum.
1706 4066 1852 4115 Hau.

239 4147 502 4212 C-qnno
527 4159 579 4196 ct
601 4147 797 4197 Stellate
826 4146 1101 4197 dividundo
1137 4147 1269 4197 tulit.
1433 4148 1483 4196 8.
1502 4147 1621 4206 Alii,
1664 4162 1827 4211 quun.
1851 4146 1975 4196 LV.
1999 4146 2055 4194 L.
