3023 4773
654 377 746 472 76
1293 383 1386 449 M.
1442 384 1519 449 T.
1568 384 2132 454 CICERONIS

646 500 795 567 suis
828 494 1164 593 obligare.
1209 503 1361 569 Hoc
1399 502 1475 568 in
1515 524 1779 596 genere
1809 502 1867 570 si
1906 525 2071 571 eum
2109 498 2467 593 adjuveris
2505 524 2592 571 eo
2623 518 2786 572 stu-

649 606 807 692 dio,
839 631 990 703 quo
1018 606 1425 695 ostendisti,
1455 609 1650 706 apud
1676 611 1911 708 ipsum
1942 610 2469 707 praeclarissime
2512 634 2783 708 posue-

649 718 780 804 ris;
824 715 952 787 sed
993 716 1170 786 mihi
1204 720 1417 788 etiam
1451 722 1941 817 gratissimum
1980 716 2256 791 feceris,

645 930 1564 950 mmmmmmmm

1855 930 2787 950 mmmmm-mmmm

1240 1132 1835 1210 EPISTOLA
1912 1131 2174 1208 LXV.

647 1301 963 1379 Hisponem
994 1302 1393 1371 commendat,
1446 1317 1508 1362 ut
1537 1304 1832 1381 pactiones
1869 1322 2000 1360 cum
2044 1300 2377 1359 civitatibus
2422 1321 2533 1378 pro
2575 1301 2785 1379 publi-

1006 1400 1162 1458 canis
1188 1401 1471 1459 conficiat.
1502 1406 1613 1473 (Ex
1640 1400 1871 1470 Cilicia,
1900 1419 2054 1457 anno
2074 1403 2150 1487 U..
2171 1401 2236 1457 C.
2258 1395 2419 1474 702.)

1082 1592 1172 1656 M.
1205 1592 1280 1655 T.
1316 1595 1384 1657 C.
1424 1593 1494 1656 P.
1532 1593 1750 1656 SILIO
1810 1591 2110 1655 PROPR.
2148 1592 2210 1654 S.
2254 1591 2332 1653 D.

742 1753 912 1819 CUM
942 1753 1018 1820 P.
1047 1752 1381 1821 Terentio
1413 1744 1731 1847 Hispone
1753 1804 1772 1835 ‚
1809 1750 1935 1845 qui
1969 1772 2224 1845 operas
2259 1759 2278 1788 ¹
2320 1752 2395 1816 in
2425 1749 2787 1842 scriptura

646 1882 783 1954 pro
819 1860 1158 1956 magistro
1196 1859 1357 1947 dat,
1394 1859 1570 1929 mihi
1612 1883 1891 1930 summa
1931 1856 2364 1928 familiaritas
2399 1871 2785 1926 consuetu-

645 1964 890 2062 doque
927 1985 1069 2053 est;
1107 1970 1475 2065 multaque
1517 1985 1588 2040 et
1619 1995 1870 2068 magna
1907 1971 2094 2039 inter
2134 1994 2265 2038 nos
2304 1965 2541 2037 officia
2578 1970 2785 2064 paria

648 2089 722 2145 et
762 2091 1013 2147 mutua
1044 2078 1523 2150 intercedunt.
1555 2080 1725 2173 Ejus
1761 2104 2042 2150 summa
2078 2079 2507 2149 existimatio
2539 2078 2784 2172 agitur

647 2184 724 2253 in
753 2211 865 2273 eo,
895 2201 976 2257 ut
1004 2191 1414 2285 pactiones²
1455 2214 1620 2260 cum
1656 2188 2061 2260 civitatibus
2086 2188 2382 2285 reliquis
2415 2183 2804 2267 conficiat„

648 2297 815 2365 Non
850 2322 966 2367 me
996 2302 1341 2396 premet-it,
1381 2324 1514 2370 nos
1551 2322 1707 2370 eam
1745 2323 1894 2370 rem
1928 2296 2190 2395 Ephesi
2221 2310 2551 2393 expertos
2585 2318 2742 2365 esse
2763 2351 2787 2378 .,

649 2429 888 2502 neque
917 2406 1008 2478 ab
1047 2408 1369 2506 Ephesiis
1407 2409 1557 2480 ullo
1586 2409 1805 2481 modo
1838 2411 2223 2507 impetrare
2252 2408 2593 2505 potuisse.
2635 2406 2785 2477 Sed

647 2540 917 2611 quum,
962 2520 1574 2615 quemadmodum
1619 2543 1874 2591 omnes
1906 2520 2354 2601 existimant,
2390 2531 2462 2587 et
2499 2541 2631 2614 ego
2673 2517 2786 2586 in-

650 2627 934 2725 telligo,
986 2646 1106 2701 tua
1150 2657 1379 2729 quum
1426 2656 1706 2702 summa
1743 2632 2189 2728 integritate,
2245 2643 2396 2698 tum
2439 2626 2785 2724 singulari

644 2735 1090 2811 humanitate
1133 2756 1205 2811 et
1255 2740 1809 2812 mansuetudine
1863 2751 2346 2834 consequutus
2392 2761 2506 2823 es»,
2562 2749 2641 2805 ut
2691 2737 2784 2806 li-

646 2844 1084 2920 bentissimis
1138 2853 1443 2940 Graecis,
1493 2866 1719 2936 nutu,
1770 2847 1972 2946 quod
2011 2845 2221 2932 velis,
2276 2869 2719 2941 consequare
2757 2875 2778 2915 :

646 2971 821 3053 peto
849 2984 888 3027 a
927 2973 996 3030 te
1024 2961 1095 3029 in
1122 2962 1470 3056 majorem
1494 2958 1794 3031 modum
1819 2956 1873 3044 ³,
1901 2972 2005 3043 ut,
2038 2957 2336 3026 honoris
2355 2958 2495 3026 mei
2527 2980 2738 3025 causa
2757 3012 2781 3043 ‚

651 3067 785 3138 hac
823 3067 1032 3141 laude
1064 3073 1461 3168 Hisponem
1497 3069 1685 3140 affici
1722 3068 1915 3139 velis.
1961 3071 2308 3136 Praeterea
2355 3089 2519 3135 cum
2562 3066 2783 3136 sociis

644 3182 1013 3278 scriptur-ze
1051 3183 1227 3252 mihi
1252 3206 1531 3252 summa
1558 3177 2009 3251 necessitudo
2047 3192 2188 3264 est,
2226 3201 2377 3246 non
2408 3175 2640 3246 solum
2670 3176 2780 3247 ob

647 3312 800 3358 eam
855 3316 1137 3362 causam
1163 3345 1181 3376 ‚
1226 3289 1428 3386 quod
1467 3316 1551 3361 ea
1587 3292 1888 3361 societas
1924 3289 2257 3359 universa
2303 3288 2376 3356 in
2421 3312 2582 3358 mea
2623 3285 2780 3359 fide

645 3411 792 3482 est,
844 3399 967 3470 sed
1004 3402 1214 3470 etiam
1263 3399 1466 3497 quod
1500 3400 1865 3498 plerisque
1910 3399 2121 3469 sociis
2158 3411 2325 3467 utor
2369 3394 2782 3468 familiaris-

721 3639 765 3670 ι.
815 3625 997 3687 Operas
1047 3627 1096 3673 in
1145 3627 1403 3692 scriptura.
1448 3629 1657 3691 Negotia
1821 3643 1873 3676 α.
1901 3626 2177 3676 pactiones.
2198 3630 2291 3674 Pro
2313 3625 2521 3690 pecunia
2545 3624 2784 3689 publiea·

641 3702 1014 3767 publicanorum
1066 3718 1219 3758 curat.
1271 3707 1458 3755 Eodem
1516 3724 1658 3754 sensu
1748 3708 1825 3756 nis
1852 3708 2031 3757 debita.
2053 3708 2176 3755 Nam
2206 3708 2332 3755 inter
2368 3708 2607 3754 sociorum
2645 3705 2785 3756 civi-

646 3781 772 3829 dixit
797 3781 938 3844 epist.
956 3798 993 3844 9
1010 3797 1023 3831 :
1043 3805 1069 3825 ι
1085 3787 1171 3833 Est
1188 3787 1241 3833 in
1264 3788 1427 3850 operis
1449 3787 1658 3835 societa-
1749 3798 1870 3837 tates
1898 3800 1948 3836 et
1976 3788 2263 3851 publicanos
2286 3790 2531 3835 Romanoa
2568 3794 2786 3836 contro-

646 3862 760 3908 tis».
802 3859 1049 3923 Scriptum
1096 3879 1214 3911 vero
1258 3877 1332 3914 est
1384 3868 1508 3915 ratio
1556 3877 1658 3913 tota
1752 3866 1903 3913 versia
1941 3867 2039 3913 fere
2076 3883 2264 3929 semper
2297 3866 2540 3915 oriebatur
2574 3865 2623 3911 in
2657 3881 2789 3917 exa-

646 3939 1052 4004 publicanorum,
1088 3945 1172 4005 qui
1201 3946 1275 3992 vel
1301 3946 1550 4002 decumas,
1583 3946 1656 3993 vel
1752 3947 1917 3993 ctione
1943 3946 2268 4008 vectigalium.
2301 3948 2352 3993 M
2360 3961 2449 3994 ut.

629 4021 862 4083 portoria
879 4054 894 4077 ,
918 4020 994 4066 vel
1028 4036 1201 4084 pascua
1230 4025 1494 4074 redimunt.
1517 4028 1659 4074 Man.
1824 4025 1876 4074 3.
1900 4026 2096 4074 Lnllem.
2132 4048 2153 4070 ι
2172 4027 2400 4085 maiorem
2427 4024 2479 4071 in
2506 4023 2712 4072 modum
2736 4052 2785 4078 ι..

643 4125 715 4134 -·
731 4100 805 4146 De
830 4100 926 4149 hoc
952 4113 1111 4150 autem
1132 4103 1242 4151 vide
1259 4104 1321 4152 ad
1338 4108 1443 4155 Att.
1467 4109 1563 4166 XI,
1585 4123 1660 4154 10.
1752 4108 1803 4155 J.
1823 4110 1883 4152 V.
1913 4108 1964 4154 L.
