3023 4773
850 377 1432 461 EPISTOLAE‚
1482 378 1703 461 XVI,
1752 379 1818 461 4.
2274 378 2406 474 173

275 497 587 596 publica,
631 497 705 565 in
741 497 1033 577 studiis,
1076 498 1151 566 in
1197 496 1418 569 literis
1450 497 1743 566 nostriS.
1796 499 2058 568 Omnia
2111 501 2402 591 viceris,

272 612 361 692 si,
394 624 477 679 ut
523 632 781 705 sper0,
825 621 896 677 te
941 607 1259 678 validum
1301 607 1573 680 videro.

353 724 508 816 Ego
535 731 718 817 puto
747 732 817 789 te
850 716 1274 806 bellissime,
1310 720 1368 789 si
1405 732 1601 789 recte
1636 716 1771 788 erit
1793 771 1812 805 ,
1847 742 2011 789 cum
2047 738 2402 817 quaestore

264 831 609 900 Mescinio
647 828 1143 899 decursurum.
1174 833 1341 900 Non
1374 828 1816 899 inhumanus
1853 844 2001 916 est,
2041 846 2294 929 teque,
2329 849 2408 904 ut

262 940 435 1010 mihi
484 944 679 1010 visus
724 953 868 1026 est,
907 938 1155 1035 diligit.
1204 936 1341 1009 Et⁵
1380 963 1610 1036 quum
1650 937 2028 1008 valitudini
2066 955 2216 1010 tuae·
2241 942 2402 1012 dili-

259 1052 677 1147 gentissime
707 1049 1194 1136 consulueris,
1234 1063 1392 1118 tum
1414 1103 1433 1135 ‚
1468 1050 1565 1119 mi
1585 1049 1785 1136 Tiro,
1810 1050 2174 1120 consulito
2213 1054 2406 1120 navi-

257 1162 551 1257 gationi.
587 1159 797 1231 Nulla
826 1160 899 1228 in
930 1184 1009 1228 re
1034 1158 1181 1253 jam
1217 1173 1286 1229 te
1312 1156 1650 1229 festinare
1686 1152 1875 1229 volo.
1907 1159 2103 1230 Nihil
2130 1158 2404 1247 labor0‚

258 1271 390 1340 nisi
431 1284 517 1339 ut
541 1269 774 1339 salvus
808 1270 925 1339 sis.
961 1269 1076 1338 Sic
1108 1265 1414 1353 habeto,
1447 1269 1545 1337 mi
1573 1269 1740 1338 Tiro
1765 1324 1784 1354 ‚
1814 1271 2180 1341 neminem
2199 1296 2400 1360 esse,

256 1382 380 1476 qui
411 1404 531 1449 me
560 1391 787 1464 amet,
829 1379 1007 1475 quin
1030 1376 1223 1447 idem
1246 1392 1316 1447 te
1350 1394 1544 1448 amet
1569 1405 1587 1466 3
1626 1392 1697 1448 et
1725 1405 1954 1475 quum
1991 1395 2118 1451 tua
2142 1397 2214 1451 et
2243 1408 2404 1453 mea

257 1492 571 1560 maxime
614 1489 911 1557 interest
947 1503 1017 1558 te
1056 1487 1328 1575 valere,
1374 1503 1534 1559 tum
1577 1488 1823 1560 multis
1862 1504 1969 1560 est
2001 1516 2210 1561 curae.
2257 1493 2398 1564 Ad·-

254 1600 437 1686 huc,
482 1598 661 1669 dum
705 1597 886 1667 mihi
940 1598 1142 1678 nullo
1182 1598 1344 1670 loco
1389 1597 1637 1669 deesse
1680 1600 1786 1668 vis
1816 1653 1835 1685 ‚
1882 1625 2282 1697 numquam
2327 1618 2398 1673 te

256 1709 688 1782 confirmare
742 1709 1063 1806 potuisti.
1117 1711 1331 1780 Nunc
1390 1725 1461 1780 te
1525 1709 1706 1779 nihil
1751 1709 2075 1807 impedit.
2141 1715 2401 1784 Omnia

253 1821 582 1920 depone,
617 1821 907 1918 corpori
937 1822 1143 1890 servi.
1174 1805 1536 1909 Qilantam
1568 1819 2008 1916 diligentiam
2045 1823 2121 1890 in
2151 1824 2401 1894 valitu-

254 1930 499 2002 dinem
538 1946 737 2001 tuam
767 1929 1161 2000 contuleris
1182 1986 1202 2018 ‚
1231 1933 1407 2001 tanti
1447 1956 1563 2002 me
1596 1928 1752 2000 fieri
1783 1930 2152 2024 judicabo.
2186 1934 2397 2019 Vale,

256 2041 348 2109 mi
388 2043 601 2125 Tiro,
635 2039 818 2126 vale,
843 2038 997 2109 vale
1020 2093 1039 2126 ,
1078 2054 1149 2110 et
1185 2040 1395 2111 salve.
1430 2045 1657 2136 Lepta
1695 2039 1825 2110 tibi
1855 2041 2158 2113 salutem
2182 2042 2394 2132 dicit,

252 2165 320 2221 et
354 2174 636 2220 omnes.
665 2148 858 2219 Vale.
887 2174 987 2218 vn
1018 2148 1177 2221 idus
1209 2147 1584 2220 novembr.
1619 2148 1969 2221 Leucade.

252 2341 509 2390 Meliorem
548 2340 992 2406 interpunctionem
1036 2339 1278 2388 dederunt
1442 2339 1584 2388 5.Ec.
1610 2341 1798 2389 Erneet.
1819 2340 2085 2406 copulandi
2106 2342 2391 2408 particulam

254 2422 479 2468 Graevius
498 2432 547 2468 et
566 2422 755 2467 Emezt.
774 2421 835 2467 Et
862 2419 940 2466 hic
959 2420 1157 2483 quidem
1185 2418 1279 2483 ipsi
1364 2417 1571 2465 alienam
1601 2418 1843 2479 judicavit
1859 2455 1873 2477 ‚
1910 2432 1958 2469 et
1979 2423 2150 2472 maluit
2176 2424 2281 2475 sed.
2304 2426 2388 2473 Se·

252 2499 515 2548 delendum
543 2510 728 2547 monet.
752 2500 802 2546 J.
816 2501 877 2545 V.
899 2502 952 2546 L.
1364 2497 1532 2560 quitur
1552 2497 1683 2545 hunc
1701 2499 1816 2548 Sch.
1832 2501 1925 2549 En.

273 2672 1842 2693 ”mmmmmmmmmm
1846 2675 2029 2694 mm
2036 2677 2373 2697 mm

955 2866 1527 2946 EPISTOLA
1582 2868 1678 2945 V.

253 3035 437 3106 Rogat
484 3031 793 3100 Tironem,
842 3041 909 3086 ut
955 3027 1332 3086 valitudinem
1397 3042 1577 3086 curet.
1636 3024 1952 3104 (Leucade,
2001 3050 2154 3088 anno
2207 3036 2277 3090 U.
2324 3033 2389 3088 C.

950 3127 1091 3197 703,
1120 3144 1312 3182 mense
1339 3122 1690 3200 novembri.)
2395 3120 2400 3125 ’

447 3309 849 3389 TULLIUS,
898 3307 1009 3370 ET
1058 3305 1406 3385 cmmm,
1452 3306 1566 3369 ET
1613 3306 1696 3389 Q.
1736 3306 1846 3388 Q.¹
1886 3307 2191 3372 T1RoN1

658 3411 1266 3483 HUMAN1ss1Mo
1313 3411 1428 3475 ET
1474 3410 1669 3475 OPT.
1705 3412 1768 3475 s,
1806 3414 1877 3476 P.
1911 3413 1994 3476 D.

348 3559 864 3651 V1n2,quanta
900 3554 992 3623 sit
1025 3552 1100 3621 in
1137 3565 1207 3621 te
1245 3551 1576 3621 suavitas.
1607 3555 1805 3622 Duas
1837 3551 2049 3621 horas
2072 3552 2335 3649 Thyrei
2359 3568 2388 3599 ²

259 3665 544 3737 fuimus,
594 3671 1056 3736 Xenomenes
1109 3661 1377 3759 hospes
1439 3674 1583 3729 tam
1632 3676 1704 3729 te
1759 3659 2022 3758 diligit,
2064 3687 2284 3759 quam
2329 3669 2386 3735 si

327 3889 368 3920 ι.
407 3873 468 3934 Q.
511 3873 572 3934 Q.
608 3870 821 3933 Quintus
859 3881 1021 3934 pater,
1055 3869 1270 3930 Quintus
1362 3866 1489 3915 Nam
1517 3865 1675 3913 Patris
1699 3864 1949 3931 Alyziam,
1980 3868 2096 3917 inde
2113 3869 2392 3935 Thyreum,

256 3950 389 4002 filius,
1362 3945 1562 4008 Thyreo
1582 3944 1850 3993 Leuefflem
1868 3946 2040 3995 Cicero
2067 3949 2201 3996 venit
2221 3964 2233 3996 :
2255 3949 2389 3996 unde

321 4049 366 4079 ι.
396 4029 855 4093 ΤΙΨνιῂΤΙηηυω
871 4028 1158 4077 Acarnaniae
1185 4042 1275 4089 op·
1364 4022 1680 4087 proficiscens
1723 4024 1849 4073 hanc
1888 4027 2141 4090 epistolam
2182 4028 2394 4091 scripsit.

255 4112 413 4173 pidum
456 4114 586 4159 inter
624 4110 844 4174 Alyziam
887 4120 934 4156 et
980 4106 1269 4156 Leucadem.
1368 4105 1518 4153 Mne.
