3023 4773
591 422 731 507 534
1226 421 1323 488 Μ.
1374 420 1453 485 Τ.
1506 418 2070 486 CICERONIS

590 557 910 631 ceretur,
944 539 1224 639 prolata
1251 562 1292 609 a
1323 539 1671 610 Memmio
1702 552 1811 608 est
1844 535 2264 610 nominibus
2298 536 2613 609 inductis
2635 550 2657 579 ¹
2676 548 2725 624 ¹,

588 667 882 726 auctore
922 650 1285 746 Pompeio.
1322 649 1455 719 Hic
1485 650 1761 746 Appius
1796 663 1950 719 erat
1986 648 2180 719 idem
2202 659 2284 717 ¹².
2323 647 2516 717 Nihil
2547 673 2725 734 sane

588 766 903 860 jacturae.
936 766 1324 833 corruerat
1351 759 1533 830 alter
1553 756 1639 846 ¹³,
1670 774 1743 831 et
1774 759 2025 856 plane,
2056 762 2353 855 inquam
2372 812 2390 842 ‚
2419 758 2724 853 jacebat.

551 961 557 968 '
592 874 980 944 Memmius
1009 885 1289 957 autem,
1320 869 1676 966 dirempta
1716 870 2103 940 coitione¹⁴
2137 869 2361 939 invito
2390 868 2727 952 Calvino,

594 984 809 1082 plane
843 980 1262 1069 refrixerat;
1304 995 1378 1051 et
1414 1004 1503 1050 eo
1543 982 1771 1078 magis
1817 1005 2015 1051 nunc
2050 981 2364 1076 cogitare
2414 978 2725 1049 dictatu-

591 1118 784 1179 ram,
816 1107 970 1163 tum
1000 1089 1237 1162 favere
1266 1089 1545 1184 justitio
1578 1105 1652 1160 et
1689 1091 2019 1161 omnium
2046 1112 2291 1160 rerum
2313 1085 2377 1131 ¹⁵
2405 1089 2728 1158 licentiae.

591 1205 918 1299 Perspice
956 1203 1387 1310 aequitatem,
1404 1202 1628 1270 animi
1657 1203 1797 1271 mei
1837 1216 1911 1271 et
1954 1198 2245 1284 ludum,
2284 1212 2358 1270 et
2395 1213 2732 1269 contem-

593 1321 920 1417 ptionem
978 1311 1494 1386 Seleucianae¹⁶
1527 1318 1948 1412 provinciae,
1996 1329 2068 1384 et
2105 1312 2520 1385 mehercule
2559 1336 2732 1383 cum

594 1433 864 1499 Caesare
923 1428 1411 1496 suavissimam
1472 1426 2064 1520 conjunctionem
2110 1423 2308 1519 (baec
2368 1424 2556 1494 enim
2612 1447 2737 1491 me

585 1561 731 1616 una
776 1560 865 1606 ex
911 1534 1054 1606 hoc
1105 1534 1480 1630 naufragio
1529 1533 1768 1604 tabula
1818 1532 2208 1626 delectat),
2262 1534 2391 1629 qui
2432 1531 2735 1629 quidem

593 1648 953 1739 Quintum
996 1670 1239 1717 meum
1281 1661 1670 1739 tuumque,
1714 1641 1812 1713 dii
1854 1641 2071 1716 boni!
2113 1641 2738 1740 quemadmodum

598 1772 853 1829 tractat
885 1756 1202 1841 honore,
1240 1755 1620 1850 (lignitate,
1646 1757 1914 1851 gratia?
1941 1779 2088 1825 non
2117 1778 2356 1837 secuS,
2395 1778 2476 1824 ac
2501 1755 2558 1822 si
2596 1777 2738 1848 ego

598 1891 825 1937 essem
866 1867 1258 1963 imperator
1293 1892 1309 1933 ε
1344 1861 1653 1934 hiberna
1692 1864 2138 1962 legionum¹⁷
2174 1863 2488 1961 eligendi
2525 1865 2740 1961 optio

591 1974 823 2046 delata
867 1971 1372 2057 commodum,
1426 1987 1509 2043 ut
1565 1971 1656 2042 ad
1713 1999 1830 2044 me
1876 1973 2145 2045 scribit.
2191 1980 2404 2046 Hunc
2452 1989 2532 2044 tu
2581 2000 2742 2045 non

591 2083 840 2154 ames?
872 2106 1093 2178 quem
1131 2082 1351 2179 igitur
1384 2083 1693 2152 istorum
1717 2078 1830 2154 ¹⁸?

687 2191 826 2263 Sed
865 2191 1046 2263 heus
1088 2207 1208 2279 tn,
1265 2194 1791 2289 scripseramne
1837 2171 2011 2283 tibi',
2063 2219 2178 2266 me
2221 2218 2374 2265 esse
2418 2193 2740 2290 legatum

592 2306 941 2402 Pompeio
961 2301 1069 2371 ¹9?
1105 2318 1178 2374 et
1204 2317 1403 2373 extra
1436 2302 1692 2373 urbem
1730 2304 2028 2401 quidem
2053 2302 2209 2375 fore
2231 2329 2319 2373 ex
2346 2300 2515 2373 idib.
2535 2302 2742 2398 jam?

591 2417 843 2486 Visum
863 2428 973 2485 est
994 2413 1134 2483 hoc
1154 2412 1330 2482 mihi
1351 2411 1442 2483 ad
1469 2413 1698 2484 multa
1718 2415 2098 2512 quadrare.
2124 2414 2262 2486 Sed
2286 2413 2464 2512 quid
2487 2413 2741 2512 plura?

1710 2647 1856 2683 vocat
1873 2635 2200 2685 Seleueiemm
2222 2653 2249 2684 a
2270 2637 2475 2685 Seleuco
2493 2636 2742 2684 Nieenore

1712 2716 1898 2767 victore
1920 2717 2219 2780 Lysimachi,
2246 2718 2334 2780 qui
2360 2727 2464 2763 tum
2483 2716 2737 2763 Thraciam

1711 2804 1760 2841 et
1804 2796 2144 2842 Macedoniam
2190 2797 2243 2843 in
2291 2796 2477 2843 ditione
2512 2794 2736 2842 babebat.

596 2653 705 2701 esp.
730 2637 763 2683 6
801 2635 915 2683 libri
939 2634 1091 2683 modo
1117 2633 1314 2681 laudati.
1354 2636 1618 2682 Guzvms.

672 2730 694 2762 ι
706 2731 727 2763 ι
738 2751 751 2763 .
766 2713 1008 2762 Inducti-5.
1024 2715 1064 2761 E
1077 2712 1249 2760 codiee
1264 2712 1450 2760 deletis.
1460 2715 1623 2762 Coun.

598 2821 669 2833 —-
685 2794 981 2843 Nominibus
999 2793 1179 2842 seilicet
1199 2808 1390 2852 eorum,
1412 2793 1500 2856 qni
1518 2793 1624 2841 baee

598 2873 730 2937 pecti
766 2884 903 2921 erant
918 2906 934 2932 ‚
972 2883 1023 2921 et
1061 2888 1195 2920 suem
1226 2870 1624 2935 interposuerant

598 2952 762 2999 tidem.

673 3047 752 3078 n.
783 3032 911 3078 Erae
936 3029 1080 3079 idem.
1110 3032 1182 3077 Ite
1209 3045 1313 3076 non
1340 3045 1623 3077 eommove-

596 3109 767 3169 betur,
792 3110 932 3173 qussi
959 3110 1083 3158 nihil
1116 3120 1259 3173 turpe
1285 3109 1620 3157 commisisset.

598 3189 741 3236 Mu.

668 3268 749 3315 13.
785 3267 939 3315 Alter.
968 3267 1213 3314 Domitius
1241 3266 1615 3317 Ahenobarbus.

595 3349 749 3394 Inu.
1381 3404 1388 3412 ·

669 3432 750 3480 ¹4·
784 3422 1020 3472 coitione.
1056 3424 1306 3472 Coitiones
1331 3422 1617 3472 candidato-

595 3520 703 3551 rum
725 3518 835 3565 quoe
860 3503 960 3551 sint
975 3538 989 3562 ,
1016 3519 1145 3551 nune
1172 3503 1400 3551 omnibus
1422 3513 1615 3551 notum.

594 3584 753 3631 Invito
776 3594 934 3630 eutem
960 3583 1183 3642 Calvino,
1208 3583 1323 3646 quia
1345 3599 1437 3630 suo
1455 3582 1617 3631 consi·

598 3661 666 3710 lio
712 3674 879 3710 eontra
926 3662 1134 3711 Domitii
1177 3662 1479 3711 voluntatem
1518 3678 1623 3709 eam

594 3741 873 3805 pactionem
896 3742 950 3788 in
974 3753 1145 3790 senatu
1166 3742 1408 3790 recitarat.
1432 3744 1586 3790 Vter.

672 3820 752 3868 15.
795 3823 987 3870 Gruter.
1029 3830 1142 3883 post
1181 3821 1381 3868 Rosium
1403 3854 1422 3879 ,
1460 3842 1486 3861 α
1511 3821 1627 3884 cogi

603 3891 838 3964 ἀκηδιίᾳ,
857 3910 959 3947 tum
975 3900 1125 3948 fluere
1138 3902 1328 3961 justitio
1346 3912 1395 3948 et
1408 3901 1629 3948 omnium

607 3992 765 4024 rerum
783 3977 977 4026 lieentia
997 4001 1038 4025 a.
1059 3980 1110 4028 J.
1127 3982 1191 4028 V.
1216 3981 1270 4028 1..

678 4058 762 4106 16.
784 4056 1101 4108 Seleucianae.
1127 4058 1433 4107 Macedoniae
1447 4092 1462 4117 ,
1482 4076 1630 4122 quam

599 4136 717 4187 olim
740 4136 1044 4205 provinciam
1069 4138 1364 4203 contempsit
1378 4173 1394 4197 ,
1415 4150 1463 4186 et
1481 4155 1626 4203 quam

1712 2875 1894 2922 Justin.
1915 2873 2004 2922 lib.
2024 2876 2173 2922 xvu
2188 2910 2201 2933 ‚
2221 2891 2329 2939 cap.
2353 2891 2401 2921 a.
2421 2876 2475 2923 J.
2497 2878 2548 2922 F.
2568 2876 2737 2921 Geon.

1791 2968 1869 3013 17.
1898 2953 2048 3017 vulg.
2073 2954 2367 3001 «hibernam
2389 2954 2629 3017 legionem
2651 2953 2742 2999 eli·

1711 3032 1856 3096 gendi
1876 3054 1921 3081 υ.
1960 3034 2218 3095 Sequimur
2248 3035 2482 3097 optimam
2510 3032 2738 3080 emenda·

1712 3112 1893 3158 tionem
1917 3112 2106 3161 Emest.
2131 3113 2294 3161 collat.
2315 3115 2461 3176 epist.
2486 3111 2551 3159 ed
2571 3114 2633 3173 Q.
2651 3113 2741 3159 fr.

1709 3193 1811 3250 111,
1839 3193 1892 3239 8.
1917 3193 1967 3238 J.
1986 3194 2048 3238 V.
2069 3195 2123 3240 L.
2154 3220 2224 3229 —
2253 3192 2468 3255 Quidam
2495 3190 2744 3256 regionem

1705 3271 1811 3317 sine
1848 3286 1989 3317 causa
2007 3304 2023 3326 ,
2057 3272 2321 3334 presertim
2355 3270 2748 3335 repugnantibus

1707 3348 1867 3396 libris.
1890 3350 2010 3396 Nam
2029 3364 2178 3412 quum
2201 3364 2311 3396 suns
2328 3350 2547 3413 legiones
2562 3350 2749 3409 Can-r,

1709 3443 1811 3491 quo
1833 3427 2021 3475 facilius
2041 3429 2343 3492 provinciam
2364 3430 2414 3476 in
2434 3428 2604 3476 officio
2624 3443 2748 3475 con·

1708 3508 1944 3567 tinen-ent,
1971 3522 2075 3553 non
2103 3523 2256 3554 unum
2299 3509 2352 3554 in
2380 3508 2547 3555 locum
2574 3508 2638 3554 ed
2664 3508 2744 3554 hi-

1710 3584 2014 3634 bernandum
2029 3586 2240 3635 mitteret
2255 3620 2268 3643 ,
2279 3587 2532 3648 optionem
2548 3588 2749 3647 Quinto

1712 3666 1887 3723 dabat,
1919 3665 1982 3712 ad
2008 3681 2155 3728 quem
2184 3665 2333 3712 vellet
2360 3664 2711 3729 proficiscendi
2734 3682 2749 3715 z

1712 3746 1779 3793 ita
1807 3756 1861 3791 ut
1892 3745 2134 3807 integrum
2161 3744 2233 3791 illi
2258 3755 2418 3799 esset,
2450 3743 2504 3791 in
2536 3746 2752 3808 propin-

1717 3827 1888 3888 qnion
1908 3823 2014 3869 loca
2032 3859 2048 3885 ,
2070 3835 2121 3871 et
2139 3823 2399 3870 munitiora
2418 3825 2601 3873 venioe.
2623 3825 2747 3871 ΜΑ-

1719 3902 1938 3951 ωιέιιη.

1795 3976 1872 4021 18.
1927 3976 2159 4021 Istorum.
2207 3974 2549 4037 Optimatmn?
2586 3976 2681 4037 Ep.
2722 3977 2752 4022 5

1717 4055 1767 4103 b.
1794 4055 1871 4196 :9-
1899 4132 2146 4196 Pompeio.
2177 4132 2312 4180 Itum
2332 4134 2383 4180 in
2404 4134 2713 4198 Hispaniam.
