3023 4773
522 394 1064 463 EPISTOLAE
1116 396 1253 463 AD
1305 395 1823 486 Armenii,
1861 397 1948 480 V,
1999 397 2064 478 4.
2117 351 2123 362 ’
2219 391 2353 488 547
2441 419 2450 430 -

234 511 528 585 Tullius.
568 517 749 606 Quae
782 514 873 586 de
910 515 1172 587 Sicinio
1190 520 1255 568 ²4
1284 516 1577 602 audisti,
1606 542 1688 588 ea
1714 516 1889 589 mihi
1914 516 2355 614 probantur:

240 622 458 695 modo
502 650 595 696 ne
647 626 768 696 illa
822 627 1152 724 exceptio
1200 629 1276 698 in
1325 627 1641 724 aliquem
1682 629 2000 698 incurrat
2039 627 2229 700 bene
2272 631 2363 702 de

238 732 452 806 nobis
474 738 834 808 meritum.
866 736 1003 807 Sed
1026 736 1643 809 considerabimus
1667 763 1683 825 ς
1708 761 1860 807 rem
1883 737 2076 807 enim
2101 738 2360 835 probo.
2467 751 2478 766 “

240 844 349 912 De
400 860 652 916 nostro
702 848 999 933 itinere,
1046 846 1248 945 quod
1301 861 1659 933 statuer03
1696 845 1785 917 de
1827 849 2153 944 quinque
2185 874 2364 946 prae-

240 949 443 1030 sectis
461 951 551 1044 ²⁵,
598 955 774 1052 quid
820 958 1205 1054 Pompeius
1244 955 1746 1045 facturus'sit‚
1797 982 2024 1054 quum
2077 982 2164 1028 ex
2208 961 2368 1056 ipso

242 1088 599 1162 cognoro,
628 1063 881 1137 faciam
907 1122 926 1154 ‚
968 1082 1052 1137 ut
1093 1072 1294 1138 scias.
1336 1072 1445 1138 De
1486 1069 1728 1165 Oppio
1745 1064 1811 1110 ‘²⁶
1844 1066 2034 1140 bene
2068 1073 2373 1156 curasti,

243 1173 442 1272 quod
490 1177 554 1245 ei
601 1200 776 1246 nccc
826 1177 1224 1274 exposuisti
1267 1205 1283 1245 ε
1335 1175 1601 1273 idque,
1652 1179 1995 1274 quoniam
2065 1177 2367 1249 Philoti-

242 1310 446 1356 mum
495 1284 753 1374 habes,
798 1284 1108 1383 perfice,
1156 1300 1230 1358 et
1275 1309 1634 1383 cognosce
1679 1287 2074 1374 rationem3
2124 1301 2238 1374 et,
2289 1302 2369 1357 ut

244 1419 445 1492 agam
473 1395 882 1493 amplius²⁷‚
914 1398 971 1466 si
999 1420 1116 1466 me
1144 1420 1361 1483 amas,
1393 1396 1595 1495 prius
1623 1421 1844 1494 quam
1873 1395 2370 1495 proficiscariS‚

246 1503 449 1576 effice
480 1533 497 1574 ε
536 1530 798 1603 magna
836 1529 953 1575 me
995 1530 1168 1577 cura
1209 1507 1485 1580 levaris.

340 1612 579 1685 Habes
615 1614 705 1684 ad
744 1616 1009 1685 omnia.
1049 1617 1197 1686 Etsi
1232 1641 1435 1713 paene
1483 1615 1834 1713 praeterii,
1881 1614 2204 1686 chartam
2245 1614 2376 1686 tibi

248 1723 535 1796 deesse:
572 1748 732 1795 mea
760 1720 1079 1795 cautio²⁸
1109 1739 1256 1813 est;
1285 1726 1645 1824 siquidem
1681 1725 1838 1821 ejus
1865 1727 2109 1822 inopia
2136 1726 2379 1796 minus

245 1835 476 1905 multa
520 1833 609 1904 ad
650 1858 766 1903 me
806 1831 1081 1904 scribis.
1125 1838 1235 1904 Tu
1282 1859 1455 1905 vero
1488 1833 1692 1906 aufer
1728 1834 2083 1904 ducentos
2103 1844 2191 1901 ²9.
2234 1835 2384 1903 Etsi

248 1970 486 2016 meam
517 1945 594 2013 in
625 1968 712 2014 eo
748 1943 1264 2039 parcimoniam
1296 1944 1518 2038 hujus
1548 1946 1821 2042 paginae
1855 1945 2252 2048 contractio
2286 1944 2382 2013 si-

248 2050 566 2151 gnificat,
624 2050 801 2121 dum
847 2066 1003 2121 acta
1047 2065 1121 2122 et
1159 2077 1492 2123 rumores
1535 2052 1754 2124 vellet
1774 2050 1862 2122 ³0.
1902 2057 2096 2140 Jam,
2140 2053 2198 2123 si
2236 2077 2381 2149 qua

252 2177 447 2234 certa
475 2160 697 2233 habes
727 2161 818 2232 de
848 2164 1118 2232 Caesare
1140 2216 1159 2250 ,
1189 2155 1528 2264 exspecto
1556 2161 1827 2248 literas3
1863 2175 1936 2231 et
1970 2161 2140 2233 alias
2176 2164 2382 2232 Pom·

252 2273 484 2372 ptinio
528 2270 620 2342 de
663 2269 1004 2342 omnibus
1036 2270 1255 2343 rebus
1294 2267 1758 2370 diligenter³¹
1802 2268 2030 2341 dabis.

326 2451 414 2499 ²4·
452 2445 528 2491 De
563 2440 766 2491 Sicinio.
795 2437 1031 2500 Videtur,
1070 2452 1158 2489 aut
1190 2441 1272 2489 hic

254 2521 439 2569 Licinio
452 2557 468 2580 ‚
489 2533 573 2570 aut
588 2521 812 2585 proxima
830 2520 1078 2584 superiore
1097 2520 1275 2584 episto-

256 2601 324 2659 la,
352 2599 548 2661 Sieinii,
572 2600 829 2665 legendum
859 2615 979 2647 esse.
999 2600 1069 2644 De
1094 2598 1274 2646 Sicinio

256 2689 416 2728 antem
442 2679 566 2727 dixit
581 2714 596 2739 ‚
613 2695 705 2744 pro
726 2695 761 2726 a
784 2677 968 2727 Sicinio
983 2712 998 2737 ,
1018 2689 1076 2725 ut
1096 2678 1157 2726 de
1173 2677 1277 2727 edi-

257 2772 340 2809 cto
358 2761 447 2808 illo
470 2760 723 2825 intelligat.
749 2761 981 2808 Mamur.

330 2840 416 2886 25.
435 2840 658 2903 Quinque
671 2837 1049 2904 proej'ectis.Vid.
1073 2837 1214 2902 epist.
1231 2854 1278 2899 7.

256 2921 473 2967 Maur.

333 2997 420 3044 26.
450 2998 526 3043 De
554 2995 727 3059 Oppio.
745 2996 860 3044 vid.
885 2998 1027 3062 epist.
1052 3014 1096 3045 1.
1121 2999 1276 3046 Inna.

336 3090 419 3136 ²7·
447 3076 513 3121 Ue
535 3090 682 3139 agam
707 3075 932 3138 anaplius.
957 3078 1072 3134 Est,
1105 3087 1162 3124 nt
1184 3077 1279 3124 sim

260 3152 586 3218 locupletior,
601 3164 657 3200 nt
679 3152 915 3202 laxiorem
936 3154 1140 3202 habeam
1157 3158 1286 3202 suin-

266 3244 404 3299 pmm
432 3220 731 3282 familiarem.
761 3233 810 3280 J.
849 3235 903 3282 F.
947 3235 1187 3281 Gnouov.
1215 3260 1287 3270 —

262 3312 569 3375 conjiciebat
590 3313 891 3376 malaspina,
922 3332 949 3354 α
971 3322 1027 3359 ut
1052 3327 1115 3359 ne
1141 3327 1289 3374 angar

264 3392 472 3456 amplius
488 3414 512 3433 a·
532 3390 701 3455 :quod
726 3389 989 3438 Lambinus
1015 3391 1215 3452 recepit.

336 3474 421 3521 28.
448 3472 640 3535 captio.
663 3472 799 3519 vict.
820 3480 868 3518 et
897 3471 1089 3517 Manat.
1108 3468 1287 3516 cautio.

266 3550 415 3612 Quod
441 3551 509 3608 si,
527 3565 640 3598 cum
659 3547 830 3598 Lamb.
851 3558 899 3597 et
924 3550 1068 3597 Grut.
1085 3547 1292 3594 alterum

265 3629 449 3686 mavis,
480 3629 563 3676 hic
588 3628 681 3676 erit
709 3645 875 3677 sensus
897 3643 910 3677 τ
936 3626 1065 3675 Mihi
1101 3625 1292 3684 fraudi,

268 3706 451 3754 damno
476 3716 548 3753 est
562 3743 578 3767 ‚
617 3707 751 3770 quod
789 3707 880 3756 tibi
920 3708 1085 3755 charta
1125 3705 1261 3753 deest
1277 3737 1294 3764 ,

269 3784 470 3849 quando
498 3801 551 3833 ea
572 3802 647 3833 res
671 3803 731 3835 eo
751 3788 876 3837 valet
891 3824 906 3847 ,
924 3797 979 3836 ut
997 3774 1168 3835 breves
1178 3785 1294 3832 lite-

269 3880 347 3912 ras
360 3864 611 3928 accipiam.
630 3865 804 3931 Captos
818 3867 916 3917 dici
926 3901 942 3927 ,
957 3868 1043 3932 qni
1064 3866 1295 3915 damnum

1359 2441 1639 2505 accipiunt,
1663 2440 1900 2501 jacturam
1939 2438 2126 2487 faciunt
2142 2475 2159 2502 ,
2195 2449 2382 2488 certum

1361 2531 1464 2579 est;
1486 2536 1643 2584 neque
1678 2519 1836 2567 solum
1860 2519 2028 2566 fraude
2056 2519 2260 2567 aliorum
2286 2520 2383 2568 ho·

1362 2599 1549 2647 minum
1565 2633 1579 2656 ‚
1606 2597 1692 2646 sed
1719 2614 2023 2662 quacumque
2058 2599 2266 2647 ratione.
2304 2587 2386 2646 Sic

1364 2701 1391 2721 α
1410 2686 1595 2736 mente,
1629 2676 1883 2737 membris,
1913 2676 2067 2725 oculis
2093 2677 2268 2740 capti-
2304 2675 2386 2724 di-

1365 2767 1567 2811 cuntur,
1589 2758 1675 2820 qui
1696 2770 1863 2806 earnm
1880 2772 2039 2805 remm
2057 2757 2296 2816 jacturam
2318 2755 2386 2804 fo-

1366 2852 1493 2886 cere.
1526 2839 1613 2886 Est
1635 2837 1798 2901 eapn'o
1819 2837 1891 2885 sic
1917 2836 2049 2901 apud
2076 2836 2300 2885 Plautum
2331 2845 2383 2883 et

1366 2915 1506 2964 alios.
1534 2915 1754 2964 Eunus-r.

1440 3011 1523 3057 ²9·
1574 2997 1833 3042 Ducentos.
1862 2994 2008 3040 Hunc
2032 2991 2196 3041 locum
2222 2993 2291 3039 sic
2317 2990 2393 3038 di-

1366 3077 1558 3139 stingue
1577 3088 1589 3124 ε
1609 3072 1800 3121 «Aufer
1822 3070 2059 3119 ducentos
2097 3070 2214 3135 (etsi
2240 3085 2395 3118 meam

1370 3155 1425 3201 in
1451 3170 1510 3203 eo
1534 3151 1883 3220 parcimoniam
1906 3150 2052 3211 hujus
2068 3149 2258 3213 pagine
2276 3164 2396 3196 con·

1372 3234 1549 3281 tractio
1565 3229 1844 3297 significet),
1860 3229 1975 3277 dum
1991 3239 2102 3275 acta
2116 3238 2165 3275 et
2178 3242 2397 3274 rumores

1372 3313 1494 3361 velis
1505 3334 1532 3354 a·
1542 3347 1557 3372 ‚
1569 3311 1757 3360 scilicet
1768 3311 1832 3359 ad
1846 3325 1924 3357 me
1936 3306 2234 3373 perscribere
2245 3306 2395 3367 large,

1374 3407 1483 3453 quae
1498 3393 1554 3438 in
1569 3391 1702 3439 Urbe
1722 3400 1951 3453 aguntur,
1968 3398 2017 3435 et
2033 3384 2313 3433 rumoribus
2333 3383 2403 3433 fe-

1377 3480 1565 3517 runtur.
1587 3471 1840 3517 Ducentos
1865 3467 2053 3515 scilicet
2070 3479 2244 3528 scapos
2264 3462 2402 3510 char-

1378 3558 1440 3594 tae
1456 3582 1470 3606 ,
1510 3564 1637 3611 quos
1662 3548 1783 3596 mihi
1811 3561 2105 3611 paraveram.
2122 3542 2242 3591 Vici.
2268 3541 2395 3592 Plin.

1380 3627 1505 3674 xm
1525 3660 1542 3686 ‚
1569 3643 1651 3676 12.
1679 3629 1732 3675 J.
1755 3632 1810 3675 F.
1842 3626 2080 3674 Gaouov.

1455 3706 1540 3756 30.
1585 3707 1754 3755 Vellet.
1781 3705 1827 3753 A
1853 3715 1900 3751 te
1932 3717 2164 3768 quaerere.
2185 3702 2405 3754 Mater,

1380 3783 1549 3833 -sed
1567 3784 1678 3832 vide
1695 3784 1992 3848 superiorem
2021 3780 2404 3833 annotationem.

1455 3865 1540 3914 31.
1569 3863 1697 3928 Alii,
1719 3861 1993 3927 diligentes.
2012 3863 2062 3912 J·
2090 3861 2154 3908 V.
2180 3861 2235 3907 L.

1070 4063 1644 4105 -......,.....-...

2048 4180 2162 4254 35.
