3023 4773
669 424 800 495 108

1304 425 1399 491 M.
1452 426 1529 491 T.
1586 423 2135 493 CICERONIS

657 604 2226 630 mmmmmmmmmmmmmm
2234 605 2329 624 m
2337 605 2790 627 mmmm

1315 785 1916 876 EPISTOLA
1968 787 2121 865 XI.

654 952 899 1012 Tulliam
930 951 1002 1010 ad
1030 972 1094 1010 se
1121 951 1345 1009 venisse
1382 950 1565 1009 dicit:
1605 951 1717 1010 sibi
1756 937 1951 1010 autem
1991 951 2052 1010 in
2094 953 2288 1011 animo
2330 972 2453 1011 esse
2496 952 2676 1010 filium
2714 953 2785 1011 ad

730 1053 1010 1107 Caesarem
1038 1048 1286 1106 mittere.
1331 1047 1677 1127 (Brundisii,
1707 1067 1860 1105 anno
1889 1053 1963 1107 U.
1988 1049 2057 1106 C.
2089 1052 2202 1121 706
2221 1093 2238 1121 ,
2277 1069 2473 1107 mense
2504 1048 2714 1125 junio.)

1032 1231 1123 1296 M.
1154 1232 1228 1295 Τ.
1270 1230 1345 1296 C.
1369 1230 1838 1295 TERENTIAE
1884 1231 2076 1296 SUAE
2122 1232 2184 1296 S.
2219 1233 2292 1296 P.
2329 1234 2410 1297 D.

742 1379 815 1444 S1
851 1372 1077 1458 vales,
1097 1371 1288 1443 bene
1314 1387 1462 1443 est:
1487 1373 1713 1444 valeo.
1742 1374 1972 1444 Tullia
1994 1389 2240 1446 nostra
2275 1377 2474 1446 venit
2500 1372 2592 1445 ad
2623 1399 2739 1446 me
2761 1386 2779 1419 ¹

581 1497 587 1504 '
651 1481 883 1581 pridie
932 1481 1093 1552 idus
1133 1482 1319 1577 junii
1368 1507 1383 1550 ε

1439 1481 1646 1576 cujus
1686 1508 1966 1554 summa
2017 1485 2283 1556 virtute
2328 1499 2401 1555 et
2441 1486 2786 1582 singulari

648 1593 1120 1682 humanitate,
1142 1593 1468 1688 graviore
1497 1595 1712 1663 etiam
1731 1619 1890 1664 sum
1913 1593 2166 1666 dolore
2197 1592 2520 1682 affectus,
2538 1610 2789 1666 nostra

649 1701 921 1774 factum
952 1729 1103 1775 esse
1132 1703 1585 1800 negligentia,
1604 1718 1687 1773 ut
1714 1703 1927 1802 longe
1955 1706 2088 1775 alia
2116 1709 2190 1776 in
2217 1704 2545 1777 fortuna²
2578 1719 2789 1791 esset,

644 1828 866 1911 atque
896 1816 1050 1909 ejus
1078 1818 1307 1911 pietas
1333 1837 1415 1883 ac
1454 1813 1763 1909 dignitas
1796 1814 2230 1912 postulabat.
2270 1813 2500 1886 Nobis
2529 1829 2684 1886 erat
2712 1817 2786 1884 in

643 1926 921 2011 animo,
957 1928 1379 1994 Ciceronem
1435 1923 1524 1993 ad
1569 1929 1918 1996 Caesarem
1965 1927 2248 1997 mittere
2270 1924 2322 2015 ³,
2368 1940 2440 1997 et
2486 1950 2653 1997 cum
2698 1951 2788 1996 eo

641 2041 769 2107 Cn.
803 2034 1243 2104 Sallustium.
1281 2034 1355 2103 si
1385 2033 1753 2131 profectus
1783 2037 1952 2124 erit,
1979 2034 2233 2107 faciam
2274 2051 2341 2107 te
2372 2039 2785 2107 certiorem.

642 2142 1130 2215 valitudinem
1165 2159 1361 2216 tuam
1396 2169 1568 2217 cura
1598 2145 2004 2245 diligenter.
2034 2146 2232 2217 Vale.
2264 2171 2412 2216 xvn
2442 2145 2789 2217 kalendas

646 2255 930 2351 quintil.

718 2472 740 2502 1
754 2491 767 2504 .
795 2442 939 2503 izad
952 2473 1041 2506 me.
1058 2458 1171 2505 Post
1189 2457 1441 2506 victoriam
1463 2452 1665 2506 Caisaris

642 2535 696 2582 in
714 2534 955 2583 Pharsalia
974 2536 1078 2584 haec
1095 2553 1179 2601 ep.
1197 2548 1268 2584 est
1283 2538 1460 2601 scripta
1476 2572 1490 2595 ,
1510 2554 1664 2601 quum

640 2614 934 2663 discessisset
954 2633 980 2663 a
1001 2616 1322 2680 Pompeianis,
1348 2626 1396 2662 et
1415 2617 1662 2665 Brundisii

639 2706 778 2744 esset.
807 2695 959 2758 Quod
992 2696 1156 2743 multis
1189 2697 1482 2756 conjecturis
1518 2697 1662 2745 intel-

635 2775 720 2839 ligi
748 2785 942 2840 potest:
987 2787 1037 2824 et
1053 2787 1288 2840 quantum
1311 2793 1402 2840 ego
1420 2777 1661 2841 suspicor,

637 2866 751 2919 post
769 2854 897 2902 illam
915 2873 1026 2920 quae
1048 2858 1283 2919 sequitur,
1304 2856 1437 2904 data:
1455 2873 1508 2904 ea
1532 2858 1661 2903 enim

635 2936 817 2999 scripta
840 2950 941 2982 esse
960 2934 1167 2994 videtur,
1182 2953 1330 2999 quum
1351 2951 1538 3000 paucos
1560 2935 1661 2982 dies

635 3013 689 3062 in
714 3014 853 3063 Italia
887 3015 1090 3063 fuisset:
1124 3015 1357 3078 gratulata
1396 3016 1526 3062 enim
1560 3025 1663 3062 erat

636 3093 708 3142 illi
732 3096 957 3142 Terentia
986 3095 1046 3144 de
1073 3095 1230 3142 reditu
1267 3098 1318 3143 in
1358 3095 1545 3142 Italiam
1564 3128 1577 3150 ,
1614 3103 1662 3141 et

636 3172 789 3221 salute
807 3174 957 3239 ipsius
979 3191 1005 3222 e
1035 3185 1109 3221 tot
1134 3175 1378 3236 tantisque
1409 3172 1658 3237 periculis.

637 3252 727 3300 Cui
750 3254 831 3313 illa
852 3254 1055 3318 epistola
1078 3254 1249 3302 Cicero
1276 3252 1662 3316 respondit.Tul·

634 3329 747 3378 liam
778 3333 842 3379 ad
874 3349 1010 3389 eum,
1048 3347 1199 3395 quum
1230 3331 1477 3378 Brundisii
1507 3342 1660 3389 esset,

640 3410 823 3457 venisse
839 3446 867 3470 „
898 3410 1038 3459 multi
1082 3421 1305 3458 auctores
1346 3410 1570 3469 tradunt,
1610 3421 1657 3458 et

638 3486 742 3553 ipse
788 3505 983 3553 qnoque
1026 3489 1241 3540 ostendit
1267 3476 1286 3540 ε’
1331 3491 1468 3554 quod
1516 3507 1659 3538 cansa

633 3567 995 3618 inimicitiarum
1011 3588 1067 3620 ac
1081 3571 1281 3620 divortii
1293 3571 1366 3618 illi
1378 3587 1489 3618 cum
1504 3586 1658 3619 uxore

1751 2458 1879 2506 fuit:
1915 2475 2074 2523 neque
2111 2461 2240 2507 enim
2271 2459 2502 2507 viaticum
2541 2458 2586 2506 ei
2617 2458 2793 2519 dedit,

1753 2554 1910 2601 neque
1956 2539 2160 2587 comites
2201 2538 2412 2602 praebuit
2429 2573 2445 2596 ‚
2487 2554 2615 2601 quos
2665 2550 2789 2587 κιαι

1749 2617 1906 2677 illius,
1928 2633 1987 2664 ac
2011 2618 2218 2681 dignitas
2241 2620 2392 2682 patris
2411 2632 2613 2682 poscere
2642 2616 2792 2665 vide-

1750 2697 1907 2744 batur.
1936 2700 2093 2746 Omne
2119 2708 2280 2744 autem
2319 2696 2442 2744 illud
2481 2707 2676 2760 tempus
2705 2698 2793 2745 Ci-

1751 2792 1863 2825 cero
1883 2778 1952 2824 ibi
1971 2777 2171 2833 mansit,
2192 2775 2328 2839 quod
2348 2776 2399 2823 iu
2419 2776 2716 2823 Alexandria
2736 2787 2795 2824 et

1751 2857 1864 2905 Asia
1891 2860 2051 2907 Caesar
2070 2856 2401 2920 consumpsit,
2424 2855 2560 2918 quod
2576 2855 2791 2919 longum

1750 2938 1897 2984 fuisse
1923 2953 1982 2985 ex
2009 2936 2212 2983 historia
2236 2936 2430 2983 illarum
2457 2951 2619 2981 rerum
2641 2934 2795 2982 intel-

1748 3017 1950 3080 ligitur,
1984 3026 2032 3063 et
2061 3033 2091 3063 a
2121 3015 2385 3063 Plutarcho
2427 3014 2571 3061 etiam
2613 3026 2792 3078 aperte

1750 3106 1985 3143 narratur.
2005 3097 2156 3143 Vter.

1810 3190 1869 3224 -2.
1905 3174 2025 3222 Alia
2060 3172 2111 3221 in
2131 3170 2362 3237 somma.
2385 3172 2465 3220 Ob
2492 3171 2792 3233 conjugium

1750 3269 1861 3301 cum
1888 3252 2157 3301 Dolabella.
2194 3254 2288 3301 En.

1823 3332 1870 3380 3.
1912 3333 2185 3381 Ciceronem
2212 3331 2286 3378 ad
2307 3331 2546 3378 Coesarem
2575 3327 2794 3377 mittere.

1746 3413 1844 3474 Qui
1871 3421 2086 3475 peteret,
2121 3421 2176 3458 ut
2199 3411 2274 3473 ei,
2311 3408 2450 3473 quod
2485 3408 2794 3473 Pompeium

1745 3492 1799 3538 in
1833 3490 1966 3538 bello
2011 3500 2242 3552 sequutus
2269 3492 2434 3547 ‘esset,
2479 3489 2789 3552 ignosceret.

1747 3571 1903 3635 Epist.
1931 3586 2011 3630 17,
2035 3571 2095 3617 18
2121 3568 2187 3616 ad
2206 3572 2310 3617 An.
2337 3567 2430 3616 lib.
2460 3568 2525 3614 11.
2554 3566 2717 3614 Man.
