3023 4773
590 432 726 528 392
1227 440 1321 505 M.
1374 437 1450 503 T.
1507 438 2079 508 CICERONIS

584 634 766 654 mm
771 633 1687 655 ”MD-§mmmmm

1234 670 1242 679 0
1417 672 1428 683 2
1664 675 1668 679 .

1214 843 1822 945 EPISToLA
1889 846 2075 923 xv,

591 1026 680 1111 pe
713 1023 945 1080 incertis
974 1022 1212 1082 Caesaris
1238 1033 1298 1078 et
1328 1020 1518 1080 Clodii
1548 994 1834 1094 consiliis3
1875 1021 1947 1080 de
1968 1020 2190 1082 Seboso
2217 1033 2276 1081 et
2305 1022 2476 1080 Arrio
2501 1042 2558 1080 se
2589 1041 2717 1087 mo-

667 1120 808 1178 leste
838 1116 1367 1197 interpellantibus3
1397 1117 1469 1175 de
1493 1118 1780 1177 Terentiae
1804 1118 2036 1197 negotio
2059 1119 2117 1176 in
2141 1118 2535 1177 controversia
2555 1118 2716 1177 Mul-

671 1216 859 1283 viana.
897 1218 986 1286 (ln
1019 1213 1360 1295 Formiano,
1387 1233 1542 1271 anno
1563 1219 1639 1273 U.
1665 1217 1729 1272 C.
1754 1214 1867 1290 694
1885 1256 1902 1286 ,
1928 1232 2122 1272 mense
2150 1212 2364 1292 aprili.)

1257 1395 1568 1466 CICERO
1613 1395 1934 1473 ATTmo
1981 1396 2047 1483 s.

687 1544 797 1611 Ur
839 1540 1126 1627 scribis,
1170 1544 1268 1611 ita
1305 1537 1556 1624 vide0,
1602 1564 1752 1611 non
1796 1542 2039 1611 minus
2075 1542 2346 1611 incerta
2390 1544 2465 1610 in
2502 1563 2719 1639 repuz

589 1651 812 1738 blica,
854 1675 1070 1748 quarn
1112 1654 1188 1720 in
1232 1647 1533 1747 epistola
1572 1662 1697 1720 tua
1736 1676 1751 1719 ε
1788 1648 1914 1719 sed
1959 1663 2202 1720 tamen
2239 1653 2370 1721 ista
2407 1651 2562 1748 ipsa
2599 1676 2719 1721 me

590 1761 892 1830 varietas
955 1783 1377 1831 sermonum
1437 1758 2020 1856 opinionumque
2075 1758 2402 1830 delectat.
2472 1764 2720 1830 Romae

592 1872 785 1941 enim
824 1869 1074 1941 videor
1107 1893 1288 1954 esse,
1350 1892 1581 1963 quum
1624 1882 1782 1938 tuas
1822 1866 2062 1939 literas
2104 1869 2303 1964 lego,
2357 1882 2459 1955 et,
2511 1884 2594 1939 ut
2635 1867 2718 1940 fit

593 1985 670 2051 in
704 1983 921 2049 tantis
961 1976 1216 2069 rebu5‚
1261 1976 1481 2049 modo
1519 1978 1692 2065 hoc,
1747 1976 1967 2048 modo
2002 1976 2177 2051 illud
2216 1978 2484 2050 audire.
2528 1978 2717 2050 Illud

595 2101 840 2158 tamen
864 2086 1218 2185 explicare
1236 2112 1387 2160 non
1412 2087 2104 2184 possum,quidnam
2123 2100 2141 2131 ¹
2169 2088 2531 2163 invenire²
2558 2114 2721 2187 pos-

595 2202 723 2285 sit,
763 2196 968 2268 nullo
1007 2213 1418 2283 recusante,
1476 2197 1570 2267 ad
1624 2195 2033 2269 facultatem
2077 2202 2442 2295 agrariam.
2484 2198 2719 2269 Bibuli

594 2320 833 2400 autem
861 2311 992 2378 ista
1016 2305 1438 2404 magnitudo
1466 2309 1685 2378 animi
1717 2311 1792 2377 in
1823 2306 2312 2400 comitiorum³
2342 2307 2718 2405 dilatione,

593 2416 773 2514 quid
802 2416 1051 2504 habet,
1091 2421 1229 2488 nisi
1253 2422 1475 2513 ipsius
1507 2417 1862 2511 judicium
1899 2422 2051 2489 sine
2086 2419 2232 2489 ulla
2270 2423 2719 2494 correctione

593 2524 1051 2624 reipublicae?
1085 2528 1441 2598 Nimirum
1476 2529 1553 2597 in
1600 2526 1857 2598 Publio
1895 2552 2057 2626 spes
2101 2531 2250 2598 est⁴
2282 2556 2299 2598 :
2335 2527 2457 2600 fiat
2494 2529 2721 2601 tribu·

595 2660 733 2722 nus
771 2633 1089 2735 plebis⁵;
1122 2638 1180 2706 si
1215 2636 1400 2707 nihil
1435 2635 1666 2726 aliud,
1710 2652 1792 2708 ut
1835 2662 1922 2709 eo
1966 2639 2173 2710 citius
2208 2652 2289 2708 tu
2328 2636 2463 2711 ex⁶
2499 2642 2717 2738 Epiro

597 2761 973 2843 revertare.
1024 2749 1245 2833 Nam,
1294 2761 1377 2817 ut
1421 2746 1546 2817 illo
1595 2760 1675 2817 tu
1731 2771 2006 2832 careas»,
2065 2772 2215 2818 non
2254 2747 2469 2819 video
2509 2773 2719 2845 posse

668 2973 712 3004 ι.
739 2956 997 3019 Quidnam.
1027 2959 1293 3023 Scripserat
1318 2959 1511 3007 Atticus
1538 2959 1611 3004 in·

594 3046 794 3084 ventum
823 3037 885 3084 iti
917 3037 1149 3100 quiddam
1183 3055 1212 3086 a
1244 3039 1431 3086 Cesum
1465 3053 1612 3101 super

595 3116 775 3178 agraria
815 3133 892 3173 re,
934 3117 1070 3180 quod
1103 3132 1248 3164 nemo
1283 3115 1608 3180 improbaret,

595 3208 739 3242 nemo
755 3206 1010 3242 recusaret.
1030 3197 1120 3259 Ep.
1143 3212 1242 3258 seq.
1266 3196 1481 3242 Maur.

666 3288 718 3321 α.
749 3273 876 3331 Alii,
899 3273 1121 3320 inveniri.
1151 3272 1248 3321 Sed
1274 3272 1506 3319 caesarem
1534 3273 1610 3320 in·

591 3352 770 3415 tellige.
799 3353 832 3400 J
835 3387 848 3399 .
868 3353 928 3397 V.
946 3353 999 3397 L.

664 3433 712 3479 3.
751 3428 1066 3478 Comitiorum
1092 3428 1343 3478 dilatione.
1378 3429 1610 3489 Bibulus,

592 3509 741 3558 domo
788 3509 960 3574 pedem
1009 3525 1110 3556 non
1151 3509 1357 3556 efferens
1376 3545 1391 3570 ‚
1435 3508 1611 3557 edictis

591 3576 783 3635 comitia
800 3588 1070 3636 differebat.
1086 3589 1255 3652 Neque
1269 3586 1497 3635 videntur
1505 3587 1610 3635 haec

593 3667 738 3714 fnisse
772 3669 966 3716 comitia
999 3667 1255 3716 consulum
1291 3666 1611 3729 designando·

595 3761 700 3792 rum
716 3781 730 3800 ,
747 3747 834 3793 sed
850 3747 969 3810 legis
986 3746 1183 3809 agrarioe
1202 3745 1445 3808 rogandae.
1463 3732 1609 3793 Man.

598 3850 662 3858 —-
694 3825 812 3882 Haec
840 3841 954 3872 vero
988 3825 1184 3872 comitia
1220 3825 1364 3873 ditm
1401 3835 1514 3872 sunt
1549 3823 1611 3871 ud

594 3918 802 3964 mensem
819 3904 1069 3952 octobrem
1084 3940 1098 3961 ,
1115 3920 1265 3967 quum
1287 3920 1446 3953 mense
1465 3904 1611 3968 quin-

594 3981 667 4031 tili
695 3981 798 4029 fieri
823 3983 1046 4032 solerent.
1075 3986 1165 4031 En.
1443 3979 1448 3982 ⁷

668 4072 714 4119 4.
743 4062 801 4108 In
822 4059 984 4107 Publio
1003 4077 1107 4125 spes
1131 4073 1215 4109 est.
1235 4062 1429 4110 Afflictu
1451 4080 1612 4127 respu-

594 4142 716 4192 blic-
739 4141 865 4202 jacet
880 4173 895 4197 ,
919 4155 1060 4202 qnam
1079 4140 1279 4188 Bibulus
1302 4143 1482 4204 erigere
1507 4158 1609 4189 non

1697 2967 1884 3020 potest,
1904 2956 1990 3021 qui
2014 2974 2065 3005 se
2084 2990 2100 3015 ‚
2126 2959 2328 3006 Caesaris
2347 2969 2476 3007 metu
2489 2992 2504 3017 ,
2525 2960 2718 3022 parieti·

1697 3035 1788 3083 bus
1805 3046 1954 3084 tenet.
1979 3037 2104 3097 Quis
2125 3038 2271 3100 igitur
2289 3039 2472 3100 eriget?
2495 3053 2606 3101 spes
2619 3039 2719 3099 jam

1696 3114 1828 3162 nulla
1864 3126 2106 3179 superest,
2144 3116 2238 3162 nisi
2274 3117 2328 3163 in
2369 3116 2531 3165 Clodii
2567 3117 2720 3164 tribn-

1696 3204 1813 3241 natu
1829 3229 1845 3254 ‚
1872 3195 1959 3256 qui
1989 3195 2192 3240 istorum
2226 3205 2299 3241 est
2325 3195 2686 3242 inimicissimus
2703 3229 2718 3251 ‚

1697 3283 1746 3320 et
1807 3273 2007 3320 Caessris
2057 3283 2163 3319 acts
2216 3273 2492 3321 rescindere
2538 3276 2673 3338 cupit
2706 3292 2719 3324 :

1698 3367 1850 3415 ergo,
1887 3351 1976 3398 etsi
2011 3351 2182 3408 video,
2221 3368 2332 3414 quae
2368 3353 2490 3399 mihi
2532 3352 2594 3399 ab
2632 3352 2719 3399 illo

1699 3441 1954 3494 tempestas
1981 3429 2258 3493 impendeat
2274 3463 2289 3488 ,
2312 3429 2399 3478 sint
2426 3443 2583 3478 tamen
2598 3467 2612 3489 ,
2635 3432 2719 3478 fist

1697 3509 1923 3557 tribunus
1942 3509 2112 3572 plebis.
2131 3511 2193 3556 Et
2210 3508 2415 3572 protulit
2431 3509 2527 3557 hoc
2545 3511 2719 3557 Cicero

1696 3588 2062 3652 indignatione,
2103 3587 2238 3652 quod
2276 3588 2556 3653 reipublicae
2590 3589 2719 3636 salus

1697 3670 1748 3714 in
1768 3683 1867 3715 uno
1883 3668 2039 3730 posita
2051 3666 2274 3714 videatur
2285 3666 2482 3715 homine
2500 3669 2718 3715 omnium

1698 3746 2042 3812 perditissimo.
2065 3746 2154 3809 Ep.
2181 3761 2264 3793 η.
2295 3747 2443 3793 ΜΔΝ.

1702 3820 1708 3826 ”
1770 3826 1818 3873 5.
1867 3824 2061 3873 Lallem.
2104 3846 2128 3865 α
2151 3823 2276 3883 Fiat,
2317 3822 2402 3872 fist
2444 3824 2558 3872 m'b.
2605 3826 2673 3889 pl.
2695 3848 2718 3865 ··

1700 3907 1750 3953 J.
1770 3906 1830 3951 V.
1858 3907 1910 3952 L.

1772 3985 1821 4030 6.
1852 3985 1934 4030 Ex
1966 3982 2132 4047 Epiro.
2161 3984 2277 4044 Quo
2310 3982 2504 4030 Atticus
2534 3998 2715 4046 prope·

1700 4061 1824 4114 diem
1843 4072 1942 4109 erat
1962 4063 2140 4120 iturus,
2154 4061 2217 4108 sd
2230 4061 2487 4125 exigendas
2504 4076 2530 4107 a
2542 4053 2722 4124 >Sicyo·

1700 4142 1793 4190 niis
1816 4142 2064 4207 pecuuiss.
2090 4141 2235 4189 Man.
