3023 4773
847 418 1426 503 EPlSTOLAE‚
1463 419 1689 500 xvl,
1724 441 1834 486 21.
2280 441 2404 514 ¹97

275 563 387 610 me
423 566 441 607 ε
493 538 887 635 praesertim
932 563 1162 634 quum
1199 540 1457 624 sciam,
1505 561 1968 610 communem
2004 537 2214 608 nobis
2255 563 2409 610 em-

271 662 476 745 ptum
511 671 671 717 esse
697 647 914 718 istum
945 645 1272 717 fundum.
1296 650 1404 719 De
1434 644 1787 718 mandatis
1820 646 2021 746 quod
2056 646 2186 718 tibi
2218 674 2409 721 curae

270 757 441 844 suit,
480 773 592 828 est
627 754 800 826 mihi
838 771 1145 855 gratum.
1192 757 1331 829 Sed
1368 774 1541 858 peto
1575 782 1616 828 a
1652 772 1723 828 te
1746 812 1764 844 ,
1804 771 1892 857 Ut
1927 782 2144 856 quam
2183 760 2407 832 celer-

268 870 449 940 rime
474 866 656 938 mihi
681 866 1016 939 librarius
1039 871 1392 956 mittatur,
1421 869 1734 940 maxime
1769 857 2066 966 quidem
2083 873 2406 942 Graecus:

271 978 583 1050 multum
616 977 789 1049 mihi
819 982 1012 1050 enim
1041 980 1347 1077 eripitur
1383 1003 1623 1077 operae
1648 980 1725 1048 in
1764 977 2256 1050 exscribendis
2280 979 2409 1075 hy-

269 1092 860 1187 pomnematisv.
908 1094 1018 1158 Tu
1053 1089 1269 1160 velim
1323 1091 1398 1159 in
1434 1089 1690 1187 primis
1726 1112 1969 1179 cures,
2021 1102 2105 1158 ut
2138 1088 2371 1159 valeas
2392 1143 2412 1174 ‚

268 1210 348 1266 ut
387 1218 539 1265 una
586 1204 1054 1292 συμφιλολογεῖν
1081 1205 1144 1238 ²²
1205 1195 1592 1293 possimus.
1634 1197 1985 1266 Anterum
2038 1193 2171 1266 tibi
2215 1218 2413 1265 com-

267 1305 560 1377 mendo.
607 1307 803 1377 Vale.

335 1475 422 1508 υ.
459 1458 877 1523 anomoeis.
903 1458 1293 1516 Commentariis,
1458 1474 1545 1506 αι.
1586 1458 1960 1526 Συμφιλολογιῖν.
2004 1459 2076 1505 De
2103 1457 2253 1507 literis
2291 1459 2415 1507 inter

266 1537 686 1586 adnotationibus.
1391 1551 1483 1584 noa
1507 1535 1774 1601 disputare.
2337 1554 2343 1561 ·

868 1816 1445 1897 EPISTOLA
1513 1818 1808 1897 XXII.

267 1992 612 2052 valitudinis
635 1968 914 2051 'curaudae
951 1992 1223 2051 admonet
1250 2005 1624 2071 :egrotantem
1649 2016 1661 2049 :
1691 1992 1963 2052 librarios
1992 2008 2184 2054 tamen
2211 2007 2415 2075 regere

660 2089 862 2167 jubet:
894 2089 1057 2150 addit
1080 2090 1154 2149 de
1176 2091 1374 2149 variis·
1406 2090 1603 2168 (Anno
1627 2095 1700 2149 U.
1723 2094 1788 2148 C.
1819 2096 2004 2164 7073)

820 2257 1182 2322 TULLIUS
1227 2256 1531 2321 TIRONI
1578 2257 1640 2320 S.
1675 2257 1747 2321 P.
1782 2258 1861 2321 D.

363 2397 600 2464 Spano
639 2419 728 2465 ex
771 2396 911 2466 tuis
941 2395 1206 2481 literis,
1242 2393 1372 2465 tibi
1413 2395 1669 2467 melius
1708 2419 1863 2466 esse
1895 2423 1909 2464 ε
1942 2396 2159 2493 cupio
2198 2391 2414 2468 certe.

259 2506 402 2575 Cui
426 2502 725 2601 quidem
756 2509 861 2576 rei
888 2510 1092 2576 omni
1126 2507 1404 2577 ratione
1425 2529 1598 2577 cura
1628 2521 1713 2577 ut
1741 2509 2119 2594 inservias3
2150 2521 2222 2579 et
2242 2533 2412 2579 cave

264 2617 691 2713 suspiceris,
726 2630 977 2687 contra
1019 2639 1256 2687 meam
1289 2615 1740 2687 voluntatem
1781 2631 1852 2687 te
1889 2614 2158 2705 facere,
2203 2617 2410 2712 quod
2504 2703 2507 2706 Α

266 2750 420 2796 non
451 2726 546 2796 sis
569 2741 874 2798 mecum.
907 2731 1195 2798 Mecum
1231 2750 1345 2814 es,
1377 2727 1436 2797 si
1464 2740 1537 2796 te
1567 2750 1791 2798 curas.
1831 2729 2072 2817 Quare
2113 2726 2304 2797 malo
2337 2740 2411 2797 te

265 2833 650 2905 valitudini
685 2849 827 2906 tuae
870 2838 1172 2924 servire,
1214 2860 1432 2935 quam
1478 2837 1656 2906 meis
1698 2834 1928 2907 oculis
1969 2853 2042 2908 et
2084 2835 2405 2907 auribus,

268 2950 417 3016 Etsi
462 2950 657 3017 enim
697 2962 771 3019 et
806 2947 1021 3019 audio
1059 2964 1161 3038 te,
1219 2962 1291 3018 et
1326 2946 1540 3018 video
1578 2944 1926 3030 libentem
1971 2962 2217 3017 tamen
2269 2946 2411 3016 hoc

269 3055 506 3125 multo
544 3056 716 3143 erit,
746 3057 806 3126 si
833 3056 1130 3145 valebiS‚
1157 3056 1576 3152 jucundius.
1625 3060 1777 3153 Ego
1815 3054 1930 3125 hic
1961 3080 2161 3126 cesso
2186 3111 2205 3144 ‚
2236 3057 2411 3152 quia

268 3168 425 3263 ipse
459 3164 640 3236 nihil
675 3166 949 3238 scribo:
982 3168 1145 3265 lego
1185 3181 1423 3246 autem
1462 3165 1954 3238 libentissime.
1993 3169 2103 3234 Tu
2133 3167 2321 3248 istic,
2353 3169 2410 3238 si

266 3274 448 3372 quid
487 3275 758 3348 librarii
803 3302 960 3349 mea
998 3301 1222 3348 manu
1268 3302 1417 3347 non
1461 3276 1907 3375 intelligent,
1944 3273 2405 3345 monstrabis,

269 3389 433 3456 Una
460 3387 768 3457 omnino
804 3388 1259 3485 interpositio
1281 3398 1300 3428 ¹
1337 3384 1699 3458 difficilior
1724 3403 2100 3484 est,quam
2137 3409 2229 3455 ne
2256 3385 2408 3481 ipse

267 3495 569 3591 quidem
610 3495 814 3569 facile
849 3497 1086 3596 legere
1132 3496 1371 3583 soleo,
1410 3494 1501 3566 de
1538 3497 1923 3592 quadrimo
1956 3500 2251 3567 Catone.
2298 3500 2407 3566 De

323 3670 361 3704 '¹'
391 3681 573 3731 Sehfitz
589 3694 730 3747 putat
751 3687 982 3748 scriptam
1002 3701 1165 3733 mense
1186 3700 1293 3733 uex-
1385 3681 1645 3745 quadrimo
1668 3682 1856 3731 Catone
1874 3701 1899 3721 ι·
1913 3717 1928 3739 ,
1944 3681 2006 3728 de
2025 3696 2181 3744 puero
2195 3683 2382 3730 Catone
2396 3725 2412 3750 ‚

269 3761 374 3823 titi,
410 3777 542 3809 anno
579 3764 674 3823 708
690 3797 705 3821 ,
728 3779 828 3827 quo
864 3776 1085 3829 tempore
1122 3764 1294 3812 Cicero
1385 3771 1601 3824 quatuor
1623 3774 1778 3808 anno·
1798 3755 1930 3807 nato.
1956 3763 2114 3807 Locus
2130 3761 2182 3807 in
2207 3761 2410 3824 iis‚quae

271 3841 319 3887 in
347 3840 481 3889 villis
506 3852 630 3891 ent.
661 3842 754 3890 En.
1384 3851 1644 3905 supersunt
1661 3839 1928 3898 ciceronio,
1943 3854 2046 3888 nou
2068 3850 2240 3888 exstat.
2262 3844 2408 3889 Hunc

346 3936 389 3967 ι.
427 3921 758 3985 Interpositio.
781 3921 940 3969 Verba
979 3922 1261 3986 interposita
1279 3957 1293 3982 ,
1385 3920 1565 3967 mendo
1592 3935 1798 3967 vacuum
1826 3935 1925 3967 non
1949 3936 2049 3967 esee
2074 3919 2408 3983 suspicabatur

273 3998 363 4045 hoe
390 4011 494 4059 est,
525 4000 789 4048 recentiori
820 4017 995 4058 manu,
1038 4002 1116 4050 vel
1143 4001 1294 4049 literis
1384 3998 1653 4047 Victorius.
1695 4001 1844 4046 Omv.
1881 4025 1948 4034 —-
1988 4000 2107 4046 Haec
2149 4011 2309 4047 autem
2349 3997 2410 4044 de

273 4077 554 4127 minuendis
580 4090 627 4127 et
653 4080 897 4144 perplexis
913 4115 927 4140 ,
956 4082 1160 4144 scripta,
1188 4103 1213 4121 ··
1234 4079 1293 4128 de
1383 4077 1644 4142 quadrimo
1670 4080 1860 4128 Catone
1894 4075 2170 4142 Intelligunt
2200 4079 2261 4126 de
2288 4092 2405 4124 con-
