3023 4773
482 392 991 462 EPISTOLAE
1040 394 1181 461 AD
1232 395 1747 479 ATTICUM,
1782 396 1965 479 VII,
2016 392 2119 465 15.
2222 395 2367 493 679

241 513 475 584 ductis
502 512 878 611 praesidiis,
914 528 1099 586 stare
1133 513 1680 588 conditionibus
1701 519 1822 603 iis,
1861 540 2039 613 quas
2066 518 2365 590 tulisset.

169 671 173 676 -
241 626 383 693 Uni
412 627 728 695 Favonio
760 624 951 720 leges
985 623 1077 704 ab
1113 624 1240 698 illo
1271 623 1482 700 nobis
1506 627 1786 722 imponi
1819 650 1970 697 non
2003 626 2367 724 placebat:

242 734 365 805 sed
417 737 475 805 is
518 734 712 805 haud
769 734 1058 806 auditus
1095 736 1168 806 in
1207 736 1528 806 consilio,
1590 741 1767 810 Cato
1801 738 1994 807 enim
2032 739 2183 835 ipse
2221 738 2373 834 jam

244 847 544 932 servire,
600 870 821 942 quam
871 870 1232 943 pugnare,
1285 847 1581 916 mavult.
1637 845 1773 917 Sed
1823 862 2062 919 tamen
2119 850 2252 937 ait,
2298 854 2374 920 in

244 965 494 1026 senatu
523 981 597 1028 se
622 955 869 1028 adesse
892 957 1111 1045 velle,
1150 939 1383 1053 quum
1403 956 1493 1028 de
1521 956 2064 1030 conditionibus
2095 973 2372 1056 agatur,

245 1067 304 1136 si
328 1070 554 1137 Caesar
590 1066 947 1138 adductus
985 1069 1111 1156 sit,
1147 1083 1229 1136 ut
1267 1067 1594 1165 praesidia
1626 1067 1954 1140 deducat.
1986 1073 2090 1140 Ita
2112 1125 2132 1158 ,
2170 1068 2374 1167 quod

247 1178 550 1248 maxime
604 1202 788 1276 opus
832 1191 980 1265 est,
1037 1178 1110 1247 in
1156 1179 1464 1249 Siciliam
1508 1178 1613 1249 ire
1669 1203 1820 1249 non
1876 1195 2128 1251 curat:
2170 1176 2373 1276 quod

247 1300 490 1357 metuo
526 1312 619 1358 ne
647 1286 874 1374 obsit,
911 1290 984 1358 in
1015 1304 1267 1359 senatu
1303 1313 1454 1360 esse
1482 1288 1656 1359 vult.
1689 1294 2071 1363 Postumus
2097 1303 2374 1377 autem,

249 1393 339 1464 de
371 1420 522 1493 quo
554 1400 980 1468 nominatim
1023 1413 1309 1469 senatus
1350 1399 1708 1485 decrevit,
1748 1413 1833 1469 ut
1867 1400 2104 1470 statim
2143 1401 2220 1469 in
2262 1401 2371 1469 Si-

251 1504 480 1575 ciliam
531 1508 704 1595 iret,
754 1505 1275 1605 Furfanioque²
1323 1509 1770 1597 succederet,
1836 1525 2052 1606 negat
2094 1534 2171 1580 se
2220 1511 2374 1580 sine

254 1617 519 1687 Catone
553 1617 872 1703 iturum;
920 1631 994 1688 et
1036 1641 1239 1688 suam
1282 1619 1359 1688 in
1392 1634 1647 1691 senatu
1694 1643 1986 1716 operam
2012 1675 2031 1706 ‚
2068 1620 2377 1691 auctori?

254 1739 612 1823 tatemque
658 1721 929 1823 quam3
973 1727 1212 1823 magni
1249 1731 1568 1826 aestimat7
1608 1733 1717 1826 Ita
1746 1753 1858 1799 res
1896 1728 1984 1799 ad
2021 1730 2378 1799 Fannium

251 1838 573 1931 pervenit
610 1863 626 1904 :
675 1837 734 1906 is
777 1859 944 1926 cum
976 1836 1285 1933 imperio
1322 1836 1398 1905 in
1430 1837 1738 1907 Siciliam
1776 1842 2254 1936 praemittitur.
2287 1843 2375 1908 In

255 1941 855 2042 disputationibus
900 1946 1163 2016 nostris
1199 1970 1482 2016 summa
1518 1950 1820 2019 varietas
1867 1965 1996 2021 est.
2047 1949 2377 2046 Plerique

255 2070 554 2149 negant,
605 2060 954 2127 Caesarem
988 2057 1067 2125 in
1109 2055 1527 2127 conditione
1561 2081 2024 2146 mansurum;
2065 2058 2379 2157 postula,

259 2177 468 2261 taque
498 2165 696 2237 haec4
732 2166 825 2237 ab
856 2192 944 2237 eo
973 2167 1396 2264 interposita
1435 2190 1622 2253 esse,
1670 2191 1818 2263 quo
1856 2171 2131 2253 mium,
2175 2167 2379 2265 quod

258 2298 432 2366 opus
464 2290 650 2348 esset
683 2275 773 2346 ad
810 2276 1126 2364 bellum,
1169 2300 1211 2346 a
1254 2275 1467 2346 nobis
1511 2291 1908 2373 pararetur.
1949 2282 2099 2374 Ego
2136 2293 2381 2350 autem

259 2408 420 2454 eum
443 2401 625 2483 puto
655 2383 1010 2458 facturum
1028 2441 1048 2476 ,
1077 2402 1160 2457 ut
1180 2383 1501 2485 praesidia
1527 2384 1854 2457 deducat.
1876 2389 2145 2459 Vicerit
2163 2389 2387 2478 enim,

261 2494 319 2563 si
356 2495 598 2566 consul
631 2496 859 2568 factus
896 2499 1031 2569 erit
1053 2552 1072 2585 ,
1116 2512 1189 2569 et
1222 2500 1503 2568 minore
1537 2496 1803 2569 scelere
1837 2499 2124 2586 vicerit,
2164 2523 2378 2595 quam

261 2631 399 2703 quo
452 2609 815 2705 ingressus
869 2623 998 2678 est.
1042 2605 1182 2678 Sed
1232 2605 1652 2704 accipienda
1689 2606 1894 2703 plaga
1946 2623 2073 2678 est.
2120 2609 2384 2687 Sumus

262 2723 447 2787 enim
485 2717 828 2814 flagitiose
865 2720 1196 2815 imparati
1229 2741 1459 2817 quum
1497 2740 1538 2785 a
1577 2714 1957 2804 militibus,
2001 2732 2156 2787 tum
2184 2741 2226 2788 a
2261 2741 2382 2815 pe-

265 2831 508 2914 citnia3
567 2852 786 2923 quam
830 2827 1124 2925 quidem
1175 2849 1504 2911 omnem,
1547 2850 1696 2897 non
1745 2825 1964 2894 modo
2007 2828 2389 2923 privatam²

267 2962 414 3033 qtoe
450 2939 526 3006 in
559 2936 757 3007 Urbe
796 2953 943 3026 est,
985 2936 1111 3010 sed
1140 2939 1356 3007 etiam
1390 2933 1792 3034 publicam,
1824 2960 1983 3032 quae
2021 2937 2098 3003 in
2134 2940 2386 3008 aerario

268 3060 400 3135 est,
455 3045 555 3116 illi
597 3046 1045 3142 reliquimus.
1089 3048 1473 3145 Pompeius
1525 3043 1613 3116 ad
1656 3044 1975 3142 legiones
2018 3045 2388 3118 Attianas⁵

341 3234 621 3300 affuffano.
633 3238 810 3284 Bosius
824 3253 883 3285 ex
896 3237 1021 3284 MSS
1040 3234 1274 3300 FuffanO.

270 3316 366 3364 Sed
391 3316 550 3364 nelias
586 3316 791 3364 fortasse
827 3314 1067 3380 Furfanio
1082 3351 1097 3374 ,
1133 3326 1190 3363 ut
1214 3315 1280 3363 ad

1367 3235 1596 3286 comoedo
1621 3270 1636 3295 ,
1683 3258 1710 3278 α
1728 3235 2017 3285 Adversaris
2057 3236 2108 3283 in
2148 3236 2391 3297 judicium

1366 3316 1574 3380 protulit
1586 3331 1732 3364 nemo
1744 3350 1759 3373 ,
1773 3314 1992 3364 codicem
2007 3317 2215 3380 protulit
2225 3338 2264 3366 ιι.
2277 3319 2391 3374 Pro,

272 3396 382 3442 Div.
400 3400 479 3452 71,
504 3412 553 3458 9.
574 3394 942 3460 Furfaniorum,
967 3393 1127 3458 inquit
1148 3394 1278 3440 Grae·

271 3474 461 3529 vius‚in
479 3474 689 3536 antiquis
704 3473 1027 3520 monumentis
1049 3488 1150 3519 non
1168 3487 1279 3519 raro

272 3549 331 3600 fit
355 3555 525 3600 mmtio
545 3568 559 3600 t
582 3550 935 3617 Fuffanorum,
962 3551 1099 3616 quod
1113 3552 1280 3611 sciam,

274 3647 522 3694 nusquun.

345 3712 398 3758 3.
423 3712 565 3759 Abest
589 3727 755 3775 quam.
786 3713 837 3761 J.
856 3715 918 3760 V.
942 3714 997 3758 L.

348 3797 394 3846 4.
410 3792 744 3853 &scalamque
757 3788 875 3839 hoec.
894 3795 966 3838 Ita
986 3788 1163 3854 pendet
1182 3789 1279 3836 hoc

274 3885 302 3916 a
321 3869 461 3917 verb)
475 3903 490 3929 ‚
520 3854 727 3935 negaui,
754 3881 811 3917 ut
834 3869 1100 3918 affirmetur
1118 3869 1281 3932 potius

276 3965 419 4012 qnam
447 3963 654 4014 negetur.
682 3949 900 4015 Verbum
929 3952 1058 3998 enim
1078 3984 1093 4008 ‚
1130 3964 1279 4012 nego,

276 4044 403 4094 saepe
425 4032 617 4095 oegatin
641 4030 800 4093 primo
819 4028 1060 4086 membro,
1077 4025 1284 4076 affirmat

283 4104 552 4159 insecundo
571 4122 584 4157 t
603 4119 660 4157 ut
677 4109 731 4156 in
746 4109 968 4158 oratione
985 4124 1077 4171 pro
1101 4109 1280 4157 Roscio

1368 3395 1589 3443 codicem
1619 3395 1794 3459 aliquis
1822 3396 2047 3460 protulit.
2083 3394 2219 3443 Idem
2238 3411 2391 3459 agno·

1367 3474 1519 3520 scitur
1545 3472 1679 3536 apud
1711 3472 2055 3531 Horatium‚in
2075 3472 2134 3520 iis
2154 3471 2393 3533 versibus,

1366 3552 1493 3613 :Qui
1519 3549 1606 3615 fit,
1635 3552 1904 3610 Maecenas,
1935 3561 1992 3599 ut
2028 3567 2176 3600 nemo
2192 3575 2232 3602 -.
2262 3552 2388 3600 Nam

1367 3647 1519 3695 quum
1546 3631 1826 3692 subjunxit,
1852 3654 1879 3675 κ
1895 3631 2080 3680 Laudet
2100 3631 2285 3693 diversa
2313 3649 2390 3679 se-

1366 3723 1567 3773 quentes
1585 3735 1609 3753 a
1628 3744 1644 3770 ,
1665 3711 1780 3757 satis
1802 3720 1991 3758 constat
2016 3727 2119 3758 non
2141 3713 2307 3759 referri
2327 3711 2392 3760 ad

1367 3805 1532 3848 nemo,
1565 3791 1651 3837 sed
1675 3805 1869 3837 necesse
1904 3806 2028 3847 esse,
2058 3800 2143 3852 nt,
2177 3790 2385 3853 aliquis,

1376 3868 1715 3921 subaudiatur.
1741 3869 1888 3917 Mur.

1440 3950 1486 3998 5.
1531 3947 1779 3996 Accianus.
1807 3948 1940 4009 Quas
1969 3947 2023 3994 P.
2050 3948 2215 3995 Attius
2236 3951 2393 3996 Varus

1364 4026 1597 4075 babebat.
1641 4028 1797 4090 Epist.
1833 4027 1926 4074 13:
1956 4049 1979 4068 ··
1996 4026 2131 4089 Quid
2157 4038 2267 4092 agat
2293 4028 2396 4073 Do·

1374 4106 1542 4157 mitius
1563 4108 1615 4155 in
1641 4105 1839 4166 Marsis,
1858 4105 2014 4170 1guvii
2038 4105 2303 4167 Thermus,
2331 4104 2390 4155 Ρ.
