3023 4773
554 371 1068 440 EPISTOLAE
1121 375 1254 443 AD
1306 375 1810 455 ATTICUM,
1859 377 1930 456 1,
1984 397 2107 464 ια..

271 495 766 578 einatoremw,
810 508 881 563 et
925 493 1257 566 clientem
1315 510 1525 565 tuum
1553 491 1635 565 ¹³.
1678 500 1787 567 De
1831 520 1919 567 eo
1958 495 2138 565 mihi
2176 486 2392 567 Vale-

273 603 416 672 rius
442 608 800 701 interpres
822 606 880 652 ¹⁴
917 608 1238 691 nuntiat,
1266 604 1691 702 Chiliusque
1721 631 1798 678 se
1827 604 2106 678 audisse
2139 604 2390 677 scribit

274 709 465 784 haec:
518 739 674 785 esse
709 712 1076 786 hominem
1120 740 1287 787 cum
1325 719 1682 803 Antonio;
1733 717 2130 787 Antonium
2171 739 2391 813 porro

272 819 344 891 in
375 823 717 920 cogendis
754 828 1081 922 pecuniis
1103 823 1560 908 ¹⁵.dictitare,
1602 840 1881 923 partem
1915 824 2096 895 mihi
2134 832 2389 922 quaeri,

273 943 412 1003 eta
456 957 574 1003 me
621 933 992 1006 custodem
1046 939 1453 1008 communis
1499 951 1815 1034 quaestus
1858 934 2202 1007 libertum
2240 961 2393 1006 esse

275 1042 580 1114 missum.
614 1048 774 1117 Non
813 1071 976 1116 sum
1014 1046 1473 1119 mediocriter
1509 1062 1965 1118 commotus:
2004 1070 2243 1142 neque
2285 1061 2390 1116 ta-

277 1175 432 1221 men
472 1154 778 1243 credidi3
816 1156 942 1228 sed
982 1168 1174 1229 certe
1217 1157 1491 1253 aliquid
1537 1160 1890 1229 sermonis
1930 1154 2084 1226 fuit.
2128 1161 2392 1226 Totum

271 1261 609 1360 investiga
627 1318 646 1351 ,
679 1289 1036 1362 cognosce
1058 1322 1077 1354 ,
1103 1270 1430 1365 perspice
1452 1321 1472 1353 ,
1491 1282 1562 1339 et
1594 1267 2038 1339 nebulonem
2066 1267 2271 1336 illum
2289 1321 2309 1349 ,
2335 1268 2393 1336 si

273 1393 428 1464 quo
459 1387 656 1477 pacto
689 1390 897 1472 potes
921 1429 941 1463 ,
975 1401 1061 1447 ex
1097 1379 1249 1448 istis
1281 1377 1458 1448 locis
1482 1402 1753 1448 amove.
1784 1378 2018 1472 Hujus
2045 1378 2392 1448 sermonis

269 1480 586 1556 Valerius
612 1501 977 1558 auctorem
1007 1492 1135 1559 Cn.
1173 1485 1621 1560 Plancium¹⁶
1655 1486 2096 1558 nominabat.
2122 1486 2391 1557 Mando
2466 1558 2475 1567 ,

272 1587 406 1660 tibi
449 1593 691 1691 plane,
736 1609 1011 1681 totum,
1052 1613 1136 1668 ut
1174 1598 1453 1685 videaS,
1489 1596 1897 1692 cujusmodi
1939 1602 2049 1668 sit.

365 1704 781 1802 Pompeium
816 1703 1027 1778 nobis
1064 1711 1575 1780 amicissimum
1615 1722 1896 1780 constat
1930 1732 2103 1779 esse.
2139 1711 2391 1776 Divor-

270 1812 528 1882 tium¹⁷
593 1818 849 1885 Muciae
904 1817 1371 1889 vehementer
1424 1818 1798 1916 probatur.
1864 1823 1939 1890 P.
2008 1816 2389 1897 Clodium,

271 1926 478 2021 Appii
520 1930 590 1994 F.
619 1979 637 2011 ‚
686 1922 903 1995 credo
946 1941 1014 1997 te
1054 1928 1373 2013 audisse,
1423 1953 1586 2000 cum
1635 1942 1831 1999 veste
1875 1927 2213 1999 muliebri
2262 1926 2389 1995 de-

2253 372 2388 468 295

338 2141 423 2173 ιο.
441 2124 866 2173 Ratiocinacorem.
881 2127 979 2189 Qui
998 2138 1283 2177 tractaverat

270 2208 508 2252 rationum
533 2203 687 2252 libros
712 2205 898 2265 Attici,
927 2222 1028 2254 non
1047 2208 1131 2273 qui
1152 2223 1281 2271 nunc

270 2284 681 2343 estratiocinator,
693 2300 805 2333 nam
824 2296 940 2334 tuuc
959 2301 1059 2333 non
1082 2284 1279 2343 diceret,

270 2365 343 2414 «si
369 2379 473 2429 quo
496 2373 639 2428 pacto
667 2376 809 2430 potes
820 2349 860 2413 2³.
887 2367 982 2415 En.

336 2446 416 2493 13.
445 2445 669 2493 Clieneem
692 2457 844 2494 rreum.
866 2447 1075 2496 Notabis
1100 2463 1161 2494 ex
1180 2447 1276 2496 isto

266 2526 370 2573 loeo
388 2524 539 2572 videri
554 2526 702 2572 moris
719 2526 951 2585 suisse‚ut
974 2526 1276 2590 servi,quum

266 2603 479 2652 memte
511 2604 831 2664 donarentur,
857 2614 1084 2669 optarent
1113 2616 1162 2653 et
1187 2604 1277 2652 eli-

268 2693 426 2747 gerent
469 2694 759 2746 patronum,
797 2685 849 2732 in
886 2686 1023 2746 cujus
1049 2684 1273 2736 'clientela

269 2773 418 2818 essent
444 2763 594 2810 futuri
620 2779 681 2811 ex
700 2764 809 2824 iure
834 2765 1015 2813 civium
1058 2780 1276 2812 romano-

268 2858 381 2891 rum.
403 2844 566 2906 Atque
583 2843 697 2890 hinc
717 2843 908 2891 notabis
931 2843 1172 2908 duplicem
1191 2860 1274 2907 pa-

271 2932 459 2969 tronum
486 2920 679 2969 divers'o
706 2933 925 2986 respectu
947 2923 1171 2980 eumdem
1185 2924 1273 2974 ha·

266 3000 457 3050 baisse:
492 3000 696 3048 alterum
730 3001 939 3049 habebat
966 3013 1021 3049 ut
1046 3001 1276 3059 libertus,

265 3081 464 3129 alterum
504 3089 559 3126 ut
595 3080 765 3128 cliens.
805 3080 928 3127 Sunt
962 3080 1091 3127 enim
1126 3080 1277 3128 relatu

263 3160 388 3206 iuter
412 3175 465 3206 se
492 3171 757 3223 patronus,
780 3159 1014 3219 libertus3
1042 3170 1092 3208 et
1118 3171 1280 3223 patro·

260 3254 372 3300 uus,
396 3239 564 3286 cliens.
591 3240 804 3288 Cmun.

334 3325 416 3373 ιι.
451 3317 675 3365 Valerius
700 3317 954 3384 interpres..
967 3321 1146 3366 Putant
1170 3317 1277 3381 qui-

263 3396 369 3444 dem
405 3413 509 3444 esse
553 3396 686 3444 hunc
723 3398 780 3454 1³.
816 3397 1095 3457 Valerium,
1143 3397 1280 3455 cujus

261 3477 439 3525 mentio
468 3478 612 3541 epist.
643 3492 672 3523 a
689 3511 703 3535 ,
727 3459 815 3524 lib·
843 3479 983 3534 XIV,
1004 3477 1068 3524 ad
1089 3473 1277 3528 Divers.

259 3556 473 3605 Peritum
501 3573 615 3605 saue
645 3556 917 3620 linguarum
952 3558 1096 3604 fuisse
1129 3572 1278 3620 opor·

262 3645 328 3683 tet
340 3671 356 3695 ‚
372 3637 459 3700 qni
480 3637 530 3684 in
554 3646 723 3683 senatu
740 3637 983 3684 orationes
1005 3636 1273 3699 legatorum

260 3730 454 3779 peregre
471 3714 835 3763 advenientium
860 3715 1273 3779 interpretaretur.

260 3795 473 3843 Fuerunt
499 3804 550 3843 et
570 3795 653 3844 alii
673 3796 959 3860 interpretes
984 3796 1036 3843 in
1064 3796 1278 3844 cohorti·

258 3870 350 3920 bus
375 3884 658 3938 praetorum,
683 3886 769 3923 aut
793 3876 1155 3939 proconsulum.
1170 3876 1273 3922 Ro-

260 3954 386 4000 muni
428 3954 588 4010 enim,
635 3965 690 4002 ut
731 3954 944 4017 linguam
988 3972 1122 4003 suam
1164 3971 1273 4002 cum

258 4033 464 4094 imperio
505 4046 861 4097 propagarent,
894 4050 998 4082 nou
1041 4035 1271 4099 permise-

259 4122 373 4157 runt
399 4113 498 4159 suis
526 4113 693 4175 legatis
722 4130 1031 4176 quormque
1054 4131 1139 4162 eos
1164 4115 1273 4161 mit·

1369 2141 1527 2178 terent
1543 2165 1557 2189 ,
1575 2132 1664 2178 ulia
1689 2148 1833 2194 quam
1857 2133 2003 2181 latina
2029 2130 2190 2196 lingua
2211 2133 2310 2187 uti;
2331 2144 2386 2179 nt

1371 2220 1574 2256 testatur
1602 2210 1709 2258 Val.
1746 2211 1877 2257 Max.
1917 2212 1992 2267 11,
2038 2227 2086 2258 2.
2106 2212 2251 2258 Teste
2277 2213 2386 2274 ipso

1372 2288 1636 2347 Cicerone,
1662 2290 1747 2353 qui
1771 2306 1799 2337 a
1826 2290 2027 2337 Metello
2052 2290 2227 2337 siciliae
2257 2305 2385 2352 prte-

1370 2378 1476 2416 tore
1500 2367 1818 2433 reprehensus
1838 2379 1911 2418 est
1927 2403 1943 2428 ‚
1974 2367 2108 2432 quod
2135 2370 2386 2434 Syracusis

1369 2448 1421 2494 in
1466 2458 1637 2496 senatu
1673 2464 1830 2512 graeco
1870 2464 2022 2512 graece
2066 2448 2207 2496 verba
2244 2449 2388 2496 secis-

1364 2538 1450 2576 set.
1474 2531 1568 2576 En.

1442 2607 1522 2655 15.
1550 2608 1611 2652 In
1632 2606 1860 2670 cogendis
1870 2609 2109 2670 pecnnie's.
2136 2610 2243 2669 Ego
2259 2619 2383 2670 putu

1368 2686 1637 2736 Antonium
1663 2685 1755 2733 sub
1783 2687 1919 2734 cellae
1940 2689 2137 2735 nomine
2161 2701 2379 2750 maguam

1364 2765 1621 2831 pecuniam
1647 2766 1887 2830 coegisse,
1904 2766 2098 2831 hocque
2117 2783 2257 2814 nsum
2282 2783 2383 2813 esse

1363 2855 1606 2910 pretextu
1632 2845 1764 2907 apud
1785 2848 1965 2893 amicos
1981 2881 1996 2907 ,
2023 2857 2206 2910 partem
2234 2845 2379 2905 hujus

1362 2923 1586 2989 pecuniae
1612 2921 1779 2969 deberi
1802 2923 2027 2971 Ciceroni
2048 2958 2062 2981 ,
2090 2922 2224 2988 quod
2255 2923 2379 2971 hanc

1364 3005 1407 3052 ei
1435 3001 1743 3068 promiserit,
1760 3017 1911 3065 quum
1938 3002 2030 3049 sibi
2052 3002 2354 3065 provinciam
2371 3036 2386 3058 ,

1365 3100 1511 3148 quam
1547 3083 1749 3131 sortitus
1782 3092 1885 3130 erat
1918 3081 2093 3130 Cicero
2112 3115 2128 3137 ,
2174 3081 2382 3130 cederet.

1369 3165 1556 3213 Notum
1595 3161 1727 3220 enim
1761 3170 1835 3208 est
1868 3159 1963 3208 hoc
2001 3161 2283 3209 Ciceronem
2318 3160 2385 3207 fe-

1368 3244 1492 3290 cisse
1517 3278 1531 3302 ,
1572 3257 1725 3306 quum
1766 3251 1981 3304 tempore
2017 3240 2389 3302 conspirationis

1372 3319 1669 3371 Catilinariae
1695 3322 1896 3386 collegae
1926 3323 2137 3370 animum
2175 3320 2270 3368 sibi
2297 3322 2383 3368 sd-

1361 3402 1601 3463 jungeret.
1630 3403 1809 3449 Gnm.

1444 3482 1525 3528 16.
1555 3480 1641 3527 Cn.
1662 3480 1939 3528 Plancium.
1971 3481 2111 3526 Tunc
2137 3478 2384 3525 tribunum

1368 3558 1577 3605 militum
1596 3592 1612 3616 ‚
1650 3557 1880 3622 deinceps
1919 3568 2208 3621 questorem
2252 3575 2389 3606 exsu-

1366 3637 1494 3684 lante
1526 3637 1764 3685 Cicerone
1795 3652 1806 3684 :
1849 3638 1989 3698 cujus
2026 3653 2114 3700 pro
2145 3654 2204 3686 eo
2230 3650 2386 3686 exstat

1366 3716 1541 3764 oratio.
1559 3716 1649 3763 En.

1379 3837 1382 3840 .
1445 3811 1461 3842 ι
1478 3812 1524 3856 7.
1564 3793 1848 3842 Divorn'um.
1875 3794 2022 3857 Quod
2049 3798 2309 3860 Pompeius
2329 3814 2391 3846 ex

1367 3874 1498 3922 bello
1528 3873 1863 3923 Mithridatico
1900 3875 2091 3924 rediens
2129 3877 2241 3924 fecit
2278 3893 2388 3924 cum

1367 3954 1532 4001 Mucia
1577 3957 1641 4016 Q.
1685 3955 1840 4003 Mucii
1883 3957 2110 4004 Scaevolae
2155 3952 2255 4004 filia
2272 3991 2285 4012 ‚
2323 3957 2388 4002 oh

1364 4034 1691 4097 suspicionem
1720 4034 1943 4084 adulterii
1970 4053 2078 4083 cnm
2108 4040 2165 4085 C.
2198 4037 2384 4084 Cesar«-

1366 4114 1630 4163 commissi.
1656 4116 1855 4164 Porsu-
