3023 4773
810 434 1355 518 EPISTOLAE‚
1389 434 1632 516 XIII,
1669 433 1781 505 23.
2261 435 2352 508 35

219 620 1416 643 *mmmmm-mmmmm
1422 621 2160 643 mmmmmmm
2169 626 2256 643 §u
2262 627 2354 645 m

782 794 1391 875 EPISTOLA
1462 797 1808 874 XXIII.

220 959 556 1019 Cossinium
575 958 921 1018 Anchialum
939 956 1212 1016 libertum
1240 957 1623 1020 commendat.
1644 958 1891 1039 (Romae,
1913 980 2005 1017 an.
2024 966 2096 1021 U.
2119 966 2181 1022 C.
2206 963 2363 1041 707.)
2449 960 2450 963 ’

906 1148 1219 1213 CICERO
1265 1148 1574 1213 SERVIO
1618 1150 1680 1214 S.

324 1304 405 1370 L.
439 1302 798 1387 Cossnno,
826 1301 1054 1370 amico
1084 1313 1157 1370 et
1197 1298 1445 1373 tribuli
1473 1315 1604 1371 tuo
1624 1355 1645 1387 ,
1687 1299 1898 1373 valde
1922 1300 2366 1378 familiariter

230 1426 422 1480 utor.
453 1414 635 1482 Nam
664 1425 738 1481 et
763 1412 954 1479 inter
976 1423 1260 1481 nosmet
1292 1410 1485 1507 ipsos
1517 1424 1724 1483 vetus
1751 1435 1926 1484 usus
1948 1415 2369 1503 intercedi13

231 1535 303 1595 et
343 1524 627 1592 Atticus
664 1534 911 1592 noster
950 1519 1299 1614 majorem
1350 1520 1566 1589 etiam
1613 1520 1792 1592 mihi
1825 1546 1995 1593 eum
2045 1527 2371 1615 Cossinio

232 1631 843 1704 consuetudinem
886 1628 1074 1703 fecit.
1121 1635 1376 1727 Itaque
1414 1645 1566 1703 tota
1602 1634 1912 1703 Cossinii
1957 1633 2217 1717 domus
2255 1661 2371 1724 me

132 1776 139 1780 ⁴
235 1743 508 1841 diligit,
558 1745 633 1812 in
681 1743 1081 1844 primisque
1120 1739 1424 1814 libertus
1458 1740 1615 1835 ejus
1643 1794 1664 1828 ‚
1708 1744 1790 1810 L.
1831 1743 2197 1817 Cossinius
2224 1750 2373 1816 An-

237 1851 510 1941 chialus
531 1906 551 1939 ‚
578 1851 800 1939 homo
840 1864 913 1923 et
938 1865 1285 1950 patrone,
1315 1864 1388 1929 et
1418 1850 1709 1948 patroni
1743 1854 2197 1942 necessariiS‚
2227 1880 2377 1951 quo
2483 1858 2487 1871 '

238 1967 314 2035 in
346 1987 659 2035 numero
695 1986 830 2059 ego
861 1985 1044 2053 sum²
1073 1960 1647 2059 probatissimus.
1669 1965 1879 2043 Hunc
1895 1961 2030 2041 tibi
2055 1965 2152 2034 ita
2176 1990 2378 2040 com-

234 2074 546 2159 mendo,
596 2089 721 2162 ut,
766 2075 824 2144 si
871 2097 1071 2144 meus
1109 2071 1412 2144 libertus
1449 2085 1672 2158 esset,
1723 2070 2132 2170 eodemque
2175 2074 2374 2172 apud

236 2211 351 2257 me
390 2185 561 2255 loco
605 2197 834 2272 esset,
889 2206 1040 2278 quo
1081 2179 1237 2281 [et]
1295 2195 1401 2252 est
1449 2179 1643 2280 apud
1688 2196 2085 2279 patronum
2122 2209 2380 2273 suum,

238 2295 512 2391 majore
560 2292 797 2364 studio
837 2289 1347 2365 commendare
1394 2315 1546 2360 non
1585 2315 1895 2389 possem.
1939 2294 2181 2382 Quare
2220 2320 2381 2394 per-

237 2420 525 2504 gratum
558 2402 738 2484 mihi
773 2400 1065 2489 feceris»,
1110 2401 1171 2471 si
1210 2424 1379 2471 eum
1422 2401 1498 2470 in
1539 2402 1921 2489 amicitiam
1959 2417 2159 2475 tuam
2197 2430 2386 2496 rece·

236 2518 431 2614 peris
452 2569 472 2602 ‚
509 2527 731 2610 atque
769 2536 935 2583 eum
959 2566 979 2599 ‚
1012 2508 1210 2607 quod
1250 2512 1403 2582 sine
1442 2510 1766 2582 molestia
1800 2527 1922 2583 tua
1949 2511 2107 2603 fiat,
2144 2516 2203 2594 si
2238 2542 2384 2614 qua

239 2630 313 2698 in
342 2652 430 2697 re
469 2649 660 2722 opus
696 2623 761 2695 ei
810 2620 1066 2709 fuerit,
1111 2621 1404 2715 juveris.
1447 2619 1647 2718 ld&
1693 2620 1873 2708 mihi
1922 2622 2387 2712 vehementer

241 2752 531 2835 gratum
561 2734 742 2819 erit,
774 2746 846 2803 et
871 2731 1004 2802 tibi
1045 2744 1295 2829 postea
1314 2729 1746 2828 jucundum.
1779 2737 2163 2820 Hominem
2194 2738 2386 2822 enim

244 2870 529 2932 summa
588 2843 985 2944 probitate,
1044 2841 1564 2939 humanitate„
1600 2840 2202 2940 observantiaque
2263 2870 2390 2917 co-

244 2979 573 3054 gnosces.

708 3153 1166 3174 mmmmm
1174 3149 2094 3172 mmmnsmmmmm
2098 3154 2278 3171 ms„
2287 3154 2377 3172 m

824 3336 1435 3438 EPISTOLA
1497 3338 1825 3417 XXIV.

245 3520 479 3578 Gratias
507 3517 663 3593 agit,
699 3513 861 3592 quod
893 3533 997 3571 sua
1022 3511 1525 3571 commendatione
1558 3513 1777 3589 Lysoni
1805 3514 2188 3574 offensionem
2216 3520 2392 3576 remi-

320 3613 467 3671 serit
497 3634 512 3668 :
559 3608 771 3667 deinde
818 3620 1015 3686 rogat,
1070 3619 1138 3663 ut
1189 3625 1322 3664 eum
1370 3604 1638 3664 omnibus
1692 3607 1900 3665 officiis
1955 3611 2391 3688 complectatur.

319 3710 593 3788 (Romae‚
625 3721 777 3760 anno
804 3706 878 3761 U.
907 3704 972 3760 C.
1001 3699 1157 3778 707.)

936 3876 1245 3941 CICERO
1292 3875 1603 3940 SERVIO
1649 3874 1716 3939 S.

350 4024 588 4111 Quum
643 4033 850 4088 antea
888 4013 1258 4114 capiebam
1297 4039 1385 4085 ex
1424 4011 1668 4085 officio
1702 4038 1865 4085 meo
1909 4015 2357 4113 voluptatem
2380 4070 2399 4104 ‚

248 4129 457 4228 quod
511 4131 983 4201 memineram
1012 4181 1030 4215 ‚
1085 4150 1304 4222 quam
1359 4124 1490 4195 tibi
1548 4125 1930 4225 diligenter
1981 4131 2344 4234 Lysonem
2378 4179 2398 4213 ,

2085 4237 2149 4308 3.
