3023 4773
736 414 879 500 648
1377 420 1475 487 Μ.
1531 421 1607 488 Τ.
1664 422 2218 492 CICERONIS

732 560 907 632 ego,
951 552 1253 633 propter
1296 535 1741 609 literularum
1780 542 2023 613 nescio
2058 541 2275 638 quid,
2319 540 2608 613 libenter
2643 545 2785 629 vidi,

732 648 809 715 in
839 645 1117 718 bonore
1158 646 1379 718 habui
1399 703 1416 734 ‚
1465 648 1833 722 discedere
1867 674 1910 722 a
1946 675 2175 748 puero
2193 648 2284 740 ³⁰,
2315 652 2635 723 insciente
2664 658 2786 725 me?

731 756 941 827 mitto
959 758 1126 845 alia,
1162 783 1321 855 quae
1350 758 1566 830 audio
1584 815 1603 848 ‚
1630 760 1859 832 multa
1883 787 1903 850 ;
1937 763 2145 833 mitto
2176 761 2406 832 furta:
2437 759 2653 859 sugam
2674 788 2787 833 non

731 862 887 936 fero
908 920 928 952 ‚
981 892 1127 963 qua
1182 867 1362 939 mihi
1417 868 1598 940 nihil
1652 871 1886 942 visum
1951 885 2062 942 est
2113 872 2533 943 sceleratius.
2592 879 2788 969 Itaque

731 981 1067 1073 usurpavi
1095 985 1298 1050 vetus
1334 977 1515 1049 illud
1550 984 1806 1068 Drusi,
1842 995 1922 1051 ut
1948 980 2230 1068 ferunt,
2264 985 2580 1079 praetoris
2608 983 2671 1052 in
2697 1007 2790 1068 e0,

735 1087 861 1178 qui
902 1085 1152 1156 eadem
1185 1086 1368 1159 liber
1413 1113 1566 1160 non
1602 1089 1878 1185 juraret
1900 1087 1958 1134 ³¹
1985 1145 2005 1178 ,
2043 1117 2156 1162 me
2194 1094 2369 1162 istos
2404 1090 2650 1163 liberos
2667 1116 2789 1162 ‘noa

731 1192 1084 1267 addixisse
1136 1193 1241 1284 3²3
1299 1202 1694 1296 praesertim
1728 1225 1958 1297 quum
1991 1200 2274 1273 adesset
2303 1226 2522 1273 nemo
2549 1256 2566 1290 ,
2618 1226 2653 1272 a
2686 1226 2793 1299 qu)

728 1318 922 1375 recte
950 1305 1591 1380 vindicarentur-²³³.
1620 1311 1705 1383 Id
1733 1326 1848 1400 tu,
1872 1326 1957 1382 ut
1992 1310 2379 1399 videbitur,
2410 1314 2506 1383 ita
2522 1314 2790 1410 accipies:

731 1439 867 1512 ego
889 1415 1018 1488 tibi
1051 1424 1399 1491 assentiar
1419 1417 1507 1491 34.
1530 1424 1675 1492 Uni
1702 1437 1841 1494 tuae
1860 1421 2337 1494 disertissimae
2368 1423 2662 1521 epistolae
2683 1447 2792 1492 non

728 1527 1096 1624 rescripsi,
1158 1530 1236 1599 in
1290 1555 1435 1628 qua
1485 1547 1593 1602 est
1647 1531 1737 1604 de
1794 1532 2132 1630 periculis
2179 1533 2604 1632 reipublicae.
2651 1528 2794 1622 Quid

728 1634 1172 1708 scriberem?
1240 1638 1445 1712 valde
1504 1666 1697 1712 eram
1756 1641 2243 1738 perturbatus.
2301 1642 2444 1714 Sed
2479 1696 2499 1729 ‚
2561 1657 2635 1712 ut
2665 1640 2795 1712 nih‘l

723 1770 1167 1846 magnopere
1183 1766 1496 1822 metuam
1516 1750 1798 1838 ‚Parthi
1833 1749 2194 1824 faciunt—2⁵
2211 1807 2230 1843 ,
2262 1756 2397 1850 qui
2428 1767 2700 1851 repente
2727 1750 2796 1823 Bi-

725 1852 984 1926 bulum
1017 1860 1439 1931 semivivum
1460 1857 1526 1903 3⁶
1563 1860 2038 1958 reliquerunt.

796 2058 880 2105 30.
909 2060 1085 2106 Puero.
1111 2059 1361 2128 Ciceronis
1386 2059 1508 2128 filiq.
1835 2062 2197 2134 manumisisse,
2221 2063 2309 2126 qni
2324 2061 2551 2111 libertate
2565 2058 2720 2109 donati
2737 2073 2800 2103 non

797 2134 882 2185 31.
914 2138 1254 2203 Nonjurarer.
1281 2139 1517 2189 Sciebant
1535 2140 1719 2189 domini
1736 2176 1752 2200 ‚
1829 2142 2049 2203 jurarent
2070 2159 2122 2190 se
2144 2141 2333 2191 easde-
2364 2158 2536 2207 operas
2561 2139 2800 2205 praestitum

724 2214 811 2278 qui
840 2231 1009 2264 servos
1042 2220 1447 2272 manumittebant
1465 2255 1481 2279 ,
1518 2221 1749 2285 quasdam
1834 2222 2056 2286 patronis
2070 2257 2086 2282 ‚
2129 2237 2250 2285 quas
2295 2221 2474 2269 iisdem
2522 2219 2672 2268 adbuc
2717 2215 2802 2264 servi

724 2310 893 2360 eorum
920 2312 1095 2360 operas
1124 2299 1218 2347 sibi
1256 2299 1501 2364 recipere,
1539 2300 1603 2352 ad
1632 2317 1752 2363 quas

725 2375 1023 2439 praestandas
1041 2395 1125 2429 eos
1138 2381 1460 2446 jurejurando
1474 2380 1750 2445 adigebant.

726 2455 966 2519 Ulpianus
989 2458 1118 2507 libro
1140 2463 1368 2511 xxvm
1388 2462 1452 2509 ad
1481 2461 1715 2510 Sabinum
1737 2479 1750 2510 ι

727 2557 752 2574 σι
766 2537 830 2582 Ut
839 2536 1153 2597 jurisjurandi
1167 2540 1400 2604 obligatio
1415 2540 1751 2604 contrahatur,

729 2615 937 2679 liberum
992 2634 1095 2666 esse
1139 2631 1336 2691 oportet
1373 2622 1459 2684 qui
1498 2621 1632 2681 juret
1650 2656 1665 2681 ,
1704 2630 1754 2668 et

731 2694 967 2745 libertatis
985 2714 1124 2745 causa
1137 2700 1302 2759 jurare
1315 2715 1356 2749 u:
1376 2710 1423 2746 et
1439 2700 1608 2764 paullo
1621 2711 1753 2764 post,

728 2776 902 2822 Jurare
926 2786 1089 2823 autem
1116 2775 1260 2825 debet
1286 2789 1398 2842 post
1416 2779 1754 2827 manumissio-

733 2870 877 2915 nem,
917 2865 973 2912 ut
1016 2855 1289 2919 obligetur3
1330 2869 1380 2905 et
1416 2858 1521 2906 sive
1562 2858 1753 2917 statim,

731 2933 831 2981 sive
852 2944 964 2997 post
989 2946 1179 2999 tempus
1193 2937 1458 2998 juraverit,
1487 2937 1751 3002 obligatur.

731 3015 903 3062 Jurare
929 3002 1258 3063 antem’debet
1285 3031 1484 3079 operas,
1513 3015 1714 3062 domum
1736 3048 1752 3073 ‚

735 3107 912 3141 munus
938 3109 990 3141 se
1022 3078 1394 3158 praestaturum}
1430 3110 1601 3158 operas
1636 3108 1757 3158 qna·

734 3170 1011 3236 lescumqne
1027 3209 1042 3234 ,
1093 3189 1204 3237 quae
1248 3174 1398 3220 modo
1449 3172 1604 3239 probe
1645 3173 1755 3236 jur?

732 3250 870 3298 licito
888 3252 1207 3315 imponuntur
1219 3273 1257 3298 s.
1279 3254 1341 3300 Et
1357 3253 1534 3300 Paulus
1546 3250 1754 3314 lib.V11,

730 3329 796 3377 ad
841 3329 1080 3378 Plautium
1110 3344 1124 3378 :
1166 3352 1192 3373 α
1222 3332 1425 3379 Servum
1467 3341 1754 3380 testamento

734 3411 800 3456 ita
824 3410 1108 3468 manumisi3
1131 3410 1171 3456 si
1195 3409 1425 3471 juraverit
1448 3425 1501 3458 se
1527 3411 1756 3460 Cornelio

733 3488 838 3535 filio
871 3506 980 3537 meo
1009 3490 1176 3538 decem
1209 3505 1466 3555 operarum
1499 3490 1753 3547 daturum,

733 3568 859 3615 liber
886 3580 1025 3618 esto:
1050 3569 1281 3632 quaritur
1304 3569 1422 3633 quid
1434 3570 1559 3631 juris
1586 3571 1649 3617 sit
1666 3605 1681 3629 ,
1707 3579 1757 3617 et

735 3648 986 3696 sciendum
1015 3659 1090 3696 est
1119 3648 1332 3709 jurando
1357 3666 1550 3697 servum
1584 3649 1758 3697 condi-

736 3725 920 3774 tionem
946 3727 1180 3791 implere,
1215 3726 1302 3787 sed
1328 3743 1431 3787 non
1459 3728 1614 3793 teneri
1640 3744 1758 3792 ope-

737 3820 895 3852 rarum
934 3806 1162 3854 nomine:
1199 3807 1311 3869 quia
1328 3841 1342 3865 ,
1380 3808 1475 3855 nisi
1507 3818 1623 3874 post
1659 3822 1759 3854 ma·

737 3884 1081 3932 numissionem
1117 3886 1277 3951 juret,
1314 3901 1417 3947 non
1455 3885 1758 3953 obligatur».

736 3964 923 4010 Drusus
937 3980 1052 4027 ergo
1070 3975 1249 4028 praetor
1268 3964 1462 4017 dicebat
1480 3980 1531 4012 se
1550 3981 1637 4012 eos
1658 3978 1759 4012 non

1833 2312 2065 2364 praestare
2087 2301 2475 2349 consuevissent.
2502 2301 2613 2348 Bos.

1909 2381 1994 2431 32.
2023 2379 2216 2443 Liberos
2241 2397 2342 2428 non
2369 2378 2633 2427 addixisse.
2656 2375 2804 2424 Libtros

1837 2475 1941 2509 non
1973 2459 2332 2523 pronuntiasse.
2378 2461 2443 2507 Et
2469 2458 2616 2505 verbo
2639 2452 2807 2520 praemis

1836 2550 1911 2587 est
1947 2555 2093 2599 usus,
2128 2540 2241 2605 quia
2282 2548 2476 2604 prator
2519 2547 2615 2584 erat
2650 2537 2809 2583 Drusus.

1837 2621 1998 2669 Con.

1913 2700 1997 2747 33.
2030 2697 2430 2757 Vindio-arentur.
2464 2695 2804 2744 Inlibertateu:

1838 2777 1976 2841 quod
1988 2764 2166 2841 preter
2177 2778 2338 2842 ipsum
2351 2774 2479 2823 alios
2491 2790 2680 2839 quoque
2693 2770 2813 2819 adae

1840 2866 2125 2921 oporteret,
2161 2858 2249 2919 qui
2289 2854 2611 2902 vindicarent.
2645 2851 2812 2899 Aderant

1840 2936 1970 3001 enim
1988 2951 2153 2983 coram
2173 2946 2384 2999 praetore
2401 2934 2652 2988 dominus,
2671 2942 2814 2978 servm,

1840 3012 2027 3079 vindex¹
2045 3050 2061 3075 ,
2089 3024 2232 3061 testes
2243 3049 2257 3071 ‚
2277 3011 2436 3059 scriba
2457 3026 2471 3058 ε
2492 3026 2645 3074 neque
2662 3009 2753 3056 sine
2769 3006 2815 3052 h‘s

1835 3092 1969 3152 justa
1995 3102 2096 3138 erat
2126 3090 2346 3139 addictio
2379 3089 2658 3138 liberorum·
2676 3088 2722 3133 in
2751 3084 2814 3130 boc
2915 3078 2916 3081 ’

1842 3186 2017 3234 genere
2042 3169 2450 3221 manumissionis.
2478 3169 2620 3216 Mu.

1915 3238 1999 3305 34.
2028 3248 2109 3296 ΑΙ.
2135 3247 2386 3296 assentior.
2413 3248 2448 3295 J
2451 3282 2464 3295 .
2489 3250 2553 3294 V.
2574 3247 2631 3294 1..

1915 3330 2000 3375 35.
2045 3325 2223 3373 Parthi
2246 3325 2473 3391 faciunt.
2519 3325 2598 3372 Sic
2624 3322 2819 3386 explano:

1843 3406 2035 3469 Parthi,
2057 3422 2086 3454 a
2111 3406 2291 3470 quibus
2316 3406 2527 3453 maxime
2555 3403 2821 3455 timebamus.

1844 3502 1996 3551 quum
2034 3499 2235 3550 repente
2275 3486 2607 3543 discesserint,
2651 3480 2821 3533 facium,

1844 3576 1898 3614 ut
1927 3565 2051 3613 nihil
2086 3558 2206 3614 mihi
2238 3566 2339 3627 jan
2375 3580 2665 3631 magnopere
2690 3564 2822 3609 timer

1847 3646 1963 3694 dum
1987 3655 2153 3709 putem
2175 3660 2189 3694 :
2215 3661 2368 3709 quum
2391 3645 2586 3693 videam
2610 3642 2751 3690 solere
2770 3652 2825 3687 ea,

1846 3743 1956 3790 qnae
1967 3741 2260 3795 magnopere
2279 3725 2558 3793 timeantur,
2573 3720 2823 3787 quandoq&
2915 3770 2916 3809 ζ

1845 3806 1908 3853 ad
1926 3804 2131 3853 nibilum
2152 3803 2383 3854 recidere.
2411 3805 2554 3852 Mu.

1919 3886 2001 3932 36.
2028 3883 2326 3933 Semivivum.
2357 3886 2499 3933 Metu
2526 3880 2825 3932 exanimant.

1849 3966 1997 4011 Ῑυιιι.

1515 4094 2089 4131 ..ο-ψῃ
