3023 4773
660 449 804 547 476
1318 456 1415 522 Μ.
1455 456 1529 523 Τ.
1571 457 2120 527 οΙεΕΒοΝιε

656 576 818 642 vitae
853 571 1219 669 quoddam
1248 576 1536 646 initium
1573 576 1915 648 ordimur.
1947 583 2099 648 Jam
2128 574 2452 673 quidam,
2487 577 2614 671 qui
2646 600 2785 646 nos

654 681 981 754 absentes
1017 682 1530 772 defenderunt,
1565 688 1938 784 ,incipiunt
1977 683 2452 784 praesentibus
2496 686 2786 756 occulte

655 793 892 880 irasci,
912 808 1160 891 aperte
1182 795 1526 866 invidere.
1557 795 2042 872 Vehementer
2066 811 2138 867 te
2162 797 2609 893 requirimus,

648 984 999 1049 accipiendum.
1027 985 1153 1034 Nam
1195 997 1244 1035 et
1282 986 1335 1034 in
1362 986 1566 1051 epistola
1592 1002 1664 1035 se-
1755 987 1988 1052 quiddam
2007 999 2132 1058 esset
2145 1021 2161 1046 ,
2177 1004 2265 1036 cur
2280 988 2342 1037 ab
2362 1007 2419 1040 a
2436 1008 2488 1039 se
2504 1009 2602 1042 non
2619 1010 2785 1058 aeque,

652 1065 820 1128 quenti
833 1098 850 1124 ,
870 1086 896 1105 ι
909 1066 1143 1112 Δωιωυι·
1154 1097 1171 1123 ,
1207 1064 1367 1128 inquit
1384 1099 1401 1125 ,
1428 1082 1455 1113 a
1492 1066 1638 1113 fratre
1649 1100 1665 1125 ,
1752 1078 1899 1131 atque
1915 1084 1942 1115 a
1962 1068 2105 1116 stau-e
2116 1101 2131 1125 ,
2147 1077 2195 1114 et
2211 1066 2312 1116 filia
2327 1103 2343 1129 ,
2361 1070 2645 1136 intelligeret
2656 1088 2790 1121 ama·

647 1141 910 1192 eumin.
924 1144 1139 1192 Uxorem
1153 1158 1254 1190 non
1267 1143 1665 1208 nominatzquasi
1754 1146 1815 1196 ri.
1839 1146 2203 1197 Coum—vid.
2226 1147 2289 1196 ad
2311 1150 2428 1197 Div.
2442 1153 2586 1213 XIV,
2614 1168 2660 1201 x.
2684 1155 2787 1202 En.

663 1330 754 1350 m
761 1331 852 1350 m
858 1331 1035 1351 mm
1040 1331 1771 1358 *mmmmm
1776 1333 2794 1359 “mmmmm

1337 1489 1940 1570 EPISTOLA
1995 1493 2102 1570 II.

655 1657 982 1715 Literarum
1022 1659 1317 1717 raritatem
1352 1672 1607 1718 excusat.
1654 1661 2098 1718 contentionem
2134 1661 2208 1718 de
2246 1661 2423 1720 domo
2459 1661 2573 1721 sibi
2606 1665 2787 1721 roeti-

735 1754 983 1828 tuenda,
1026 1776 1198 1834 quam
1230 1756 1469 1815 Clodius
1500 1757 1871 1829 incenderat,
1907 1758 2184 1836 exponit3
2217 1757 2291 1817 de
2318 1760 2435 1818 suis
2468 1759 2788 1819 forensium

731 1872 926 1910 rerum
949 1852 1229 1924 consiliis,
1264 1872 1332 1910 ac
1363 1852 1437 1910 de
1474 1865 1628 1911 statu
1664 1853 1980 1913 domestico
2004 1855 2261 1914 Atticum
2288 1857 2598 1916 certiorem
2631 1858 2788 1915 facit.

733 1951 989 2028 (Romae,
1029 1968 1183 2006 anno
1204 1953 1280 2009 U.
1305 1953 1371 2009 C.
1395 1949 1514 2027 696
1533 1993 1551 2024 ,
1584 1970 1780 2010 meuse
1803 1950 2076 2029 octobri.)

1319 2087 1632 2185 CICERO
1679 2122 2001 2245 A'r‘rlco
2047 2123 2110 2187 s.

750 2262 822 2330 S1
856 2256 1041 2330 forte
1077 2262 1301 2331 rarius
1328 2260 1461 2331 tibi
1494 2286 1534 2331 a
1562 2285 1712 2343 me,
1732 2285 1949 2358 quam
1977 2287 2016 2332 a
2045 2265 2300 2333 ceteris
2323 2317 2343 2350 ,
2361 2263 2602 2334 literae
2623 2265 2782 2336 red·

653 2365 967 2455 duntur3
1014 2383 1184 2468 peto
1215 2394 1254 2439 a
1290 2383 1393 2455 te,
1424 2384 1505 2441 ut
1537 2369 1612 2441 id
1633 2396 1784 2442 non
1815 2370 2035 2442 modo
2062 2371 2545 2470 negligentiae¹
2581 2399 2787 2456 meae,

653 2475 896 2548 sedne
927 2480 1385 2576 occupationi
1431 2479 1730 2575 quidem
1770 2480 2038 2552 tribuas
2073 2507 2090 2550 τ
2125 2507 2288 2580 quae
2330 2484 2465 2552 etsi
2500 2508 2787 2555 summa

653 2601 797 2675 est,
831 2600 1072 2658 tamen
1126 2587 1322 2660 nulla
1385 2614 1537 2661 esse
1591 2604 1833 2687 potest
1878 2605 2109 2678 tanta,
2163 2607 2248 2662 ut
2302 2593 2787 2692 interrumpat

654 2701 791 2769 iter
812 2703 1078 2770 amoris
1109 2700 1337 2769 nostri
1369 2714 1442 2770 et
1474 2697 1690 2771 officii
1728 2701 1889 2771 mei.
1921 2703 2100 2772 Nam
2129 2715 2213 2772 ut
2244 2703 2408 2772 veni
2442 2706 2784 2791 Romam,

651 2810 915 2879 iterum
942 2833 1140 2879 nunc
1171 2834 1330 2879 sum
1373 2814 1635 2881 certior
1668 2808 1931 2893 factus,
1973 2834 2161 2897 esse,
2202 2811 2318 2880 cui
2349 2809 2593 2881 darem
2623 2812 2784 2882 lite-

652 2942 784 2989 ras.
831 2922 1084 3015 ltaque
1125 2917 1252 2989 has
1288 2919 1545 2990 alteras
1590 2917 1776 2988 dedi.
1822 2918 2190 2990 Prioribus
2225 2918 2356 2989 tibi
2393 2919 2787 3001 declaravi,

656 3027 1003 3098 adventus
1054 3043 1300 3100 noster
1352 3028 1583 3124 qualis
1639 3026 1921 3114 suisset,
1979 3045 2049 3100 et
2090 3031 2250 3126 quis
2289 3043 2477 3100 esset
2509 3045 2734 3101 status
2762 3087 2785 3115 ‚

656 3151 875 3233 atque
929 3160 1182 3207 omnes
1241 3162 1356 3208 res
1402 3153 1663 3207 nostrae
1717 3138 2328 3234 quemadmodum
2367 3155 2644 3223 essent,
2702 3156 2788 3210 ut

652 3248 726 3316 in
770 3245 1142 3332 secundis,
1184 3246 1427 3332 fluxae3
1478 3262 1561 3317 ut
1612 3249 1685 3317 in
1741 3247 2085 3336 adversis,
2134 3248 2366 3319 bonae.
2423 3253 2591 3318 Post
2630 3248 2788 3319 illas

652 3355 850 3427 datas
877 3356 1150 3440 literaS‚
1188 3371 1496 3452 sequuta
1532 3372 1639 3427 est
1682 3381 1963 3428 summa
1995 3359 2363 3428 contentio
2405 3356 2494 3427 de
2537 3356 2782 3426 domo.

652 3470 978 3537 Diximus
1012 3464 1203 3564 apud
1231 3464 1607 3562 pontifices
1641 3466 1868 3564 pridie
1899 3466 2038 3537 kal.
2073 3465 2427 3537 octobres,
2465 3470 2641 3536 Acta
2668 3489 2786 3535 res

725 3651 774 3683 ι.
799 3636 913 3683 Non
932 3635 1077 3684 modo
1098 3635 1672 3701 negligentiae.Victorius
1759 3634 1890 3699 apud
1913 3636 2042 3682 hunc
2064 3646 2283 3683 nostrum
2301 3668 2317 3691 ,
2340 3650 2439 3681 non
2470 3633 2614 3680 modo
2631 3668 2647 3691 ,
2664 3635 2786 3680 scri-

651 3714 845 3762 alteram
861 3717 1163 3780 negationem
1180 3715 1369 3763 addidit
1393 3716 1487 3762 hoc
1509 3732 1670 3762 exem·
1761 3727 1898 3778 ptum
1927 3715 2134 3779 reperias
2163 3714 2213 3761 in
2239 3713 2382 3761 bonis
2396 3713 2782 3777 exemplaribus,

650 3794 755 3857 plo,
769 3810 899 3842 unon
911 3796 1061 3843 modo
1079 3812 1181 3844 non
1190 3795 1494 3858 negligentiae
1508 3810 1667 3841 mete».
1760 3810 1851 3858 pro
1865 3810 1963 3839 non
1978 3794 2122 3839 modo
2135 3810 2263 3850 ηοη,·
2284 3804 2340 3839 ut
2356 3792 2442 3841 lib.
2465 3794 2604 3848 xlv,
2623 3809 2700 3856 ep.
2723 3794 2779 3839 5:

655 3875 770 3934 Quo
803 3885 948 3937 pacto
975 3876 1149 3939 legitur
1175 3876 1225 3921 in
1267 3874 1509 3937 plerisque
1535 3873 1670 3920 libris
1760 3872 1891 3933 “Qui
1915 3872 2047 3918 orbis
2075 3883 2212 3918 terra:
2239 3872 2475 3919 custodiis
2498 3887 2599 3918 non
2623 3871 2781 3919 modo

650 3952 858 4000 excusis.
883 3955 977 4001 sed
996 3955 1056 4001 ab
1077 3956 1287 4017 antiquis
1308 3954 1439 4000 abest
1463 3954 1663 4000 alterum
1759 3951 1908 4013 septi,
1933 3952 2016 3996 sed
2044 3952 2188 3997 etiam
2212 3951 2317 4013 vagi
2347 3967 2446 3997 esse
2474 3949 2718 3997 debebant
2741 3973 2777 3995 ι»,

656 4047 770 4081 non.
797 4032 857 4078 Et
884 4048 996 4078 sane
1021 4034 1312 4096 quandoque
1350 4050 1497 4095 quum
1536 4030 1665 4094 apud
1755 4029 2535 4085 Bostus.-——VideMuretum‚Var.
2553 4031 2682 4076 Lect-
2702 4032 2747 4074 X
2765 4066 2778 4088 ‚

646 4111 769 4159 alios
816 4119 1001 4157 veteres
1042 4122 1260 4157 auctores
1310 4111 1516 4169 latinos,
1537 4158 1538 4161 ,
1561 4122 1665 4157 tum
1756 4126 1866 4174 cap.
1903 4128 1926 4170 7
1941 4147 1952 4158 .
