3023 4773
528 473 532 486 .
576 390 709 461 136
1209 355 1327 459 Μ]
1358 392 1435 458 Τ.
1489 389 2050 458 CICERONIS

562 510 841 583 cedere.
870 516 1121 608 Itaque
1156 524 1229 580 et
1254 534 1487 606 augur
1516 521 1766 605 postea
1799 505 1955 578 fieri
1987 507 2187 579 volui
2205 560 2224 594 ,
2255 508 2457 605 quod
2485 524 2700 583 antea

562 622 1064 718 neglexeram3
1112 613 1183 690 e‘t
1226 642 1394 691 eum
1437 618 1839 705 honorem,
1892 619 2022 715 qui
2065 642 2107 689 a
2160 633 2415 690 senatu
2472 620 2697 692 tribui

564 731 785 803 rebus
832 729 1107 801 bellicis
1155 729 1373 816 solet,
1432 727 1846 825 neglectum
1906 752 1947 798 a
1989 751 2108 798 me
2153 727 2364 816 olim,
2417 729 2696 802 nunc²³

558 839 740 910 mihi
773 837 1260 936 expetendum
1304 851 1507 934 puto.
1557 838 1742 908 Huic
1786 862 1961 908 meoe
1998 838 2398 928 voluntati,
2435 840 2508 910 in
2551 865 2698 937 qua

563 953 750 1020 inest
794 949 1031 1045 aliqua
1072 951 1179 1018 vis
1230 945 1564 1018 desiderii
1614 946 1705 1017 ad
1749 946 2146 1018 sanandum
2195 949 2459 1020 vulnus
2502 950 2695 1044 inju-

559 1063 683 1132 riae
698 1062 790 1147 ²⁴,
827 1074 913 1129 ut
943 1057 1203 1147 faveaS,
1232 1056 1669 1154 adjutorque
1698 1058 1823 1144 sis,
1856 1057 2060 1154 quod
2093 1059 2339 1155 paullo
2373 1074 2541 1130 ante
2580 1084 2697 1130 me

561 1194 901 1267 negaram
938 1183 1358 1264 rogaturum
1383 1222 1403 1256 ,
1437 1166 1910 1240 vehementer
1947 1183 2018 1240 te
2051 1193 2229 1266 rogo
2260 1198 2276 1240 z
2311 1170 2439 1241 sed
2472 1172 2603 1256 ita,
2639 1174 2697 1240 si

562 1305 716 1351 non
765 1279 1095 1373 jejunum
1143 1277 1283 1348 hoc
1333 1282 1578 1349 nescio
1636 1276 1850 1374 quid,
1914 1276 2116 1376 quod
2158 1302 2293 1376 ego
2351 1280 2571 1376 gessi,
2623 1292 2699 1349 et

565 1389 1184 1462 contemnendum
1227 1387 1617 1472 videbitur,
1649 1387 1782 1464 sed
1818 1388 1958 1458 tale
1995 1404 2213 1485 atque
2252 1404 2531 1460 tantum
2556 1444 2575 1478 ,
2614 1404 2699 1459 ut

562 1499 810 1588 multi,
841 1522 1304 1595 nequaquam
1334 1496 1629 1595 paribus
1655 1496 1875 1569 rebus
1898 1552 1917 1585 ,
1957 1496 2274 1569 honores
2303 1523 2626 1570 summos
2654 1524 2699 1569 a

560 1624 815 1681 senatu
844 1609 1272 1705 consequuti
1304 1610 1466 1678 sint.
1501 1606 1857 1704 Equidem
1888 1609 2102 1679 etiam
2133 1608 2309 1678 mihi
2337 1608 2515 1678 illud
2541 1611 2697 1679 ani-

563 1744 765 1790 mum
809 1719 1195 1790 advertisse
1238 1716 1492 1787 videor
1532 1717 1716 1812 (scis
1757 1716 1947 1788 enim
1972 1771 1992 1804 ,
2035 1741 2257 1814 quam
2307 1729 2579 1787 attente
2625 1730 2699 1786 te

561 1829 811 1901 audire
844 1828 1198 1923 soleam),
1232 1842 1302 1900 te
1331 1851 1480 1897 non
1514 1841 1661 1897 tam
1698 1851 1816 1899 res
1852 1841 2118 1923 gestaS,
2160 1851 2375 1926 quam
2417 1852 2656 1898 mores
2677 1881 2699 1915 ,

557 1941 916 2023 instituta,
961 1952 1180 2035 atque
1221 1938 1441 2008 vitam
1482 1940 2003 2035 imperatorum
2049 1953 2373 2036 spectare
2416 1937 2649 2009 solere
2676 1994 2697 2026 ,

560 2051 638 2119 in
675 2049 1028 2121 habendis
1060 2063 1186 2120 aut
1221 2073 1373 2118 non
1408 2047 1762 2120 habendis
1801 2047 2226 2120 honoribus.
2265 2047 2482 2138 Quod
2521 2050 2580 2118 si
2620 2050 2700 2118 in

557 2183 720 2231 mea
753 2184 964 2231 causa
1002 2157 1525 2246 considerabis,
1568 2160 1914 2256 reperies,
1956 2184 2073 2230 me
2111 2162 2431 2231 exercitu
2466 2158 2698 2230 imbe-

561 2269 730 2340 cillo
751 2268 843 2357 ⁴³⁵,
904 2284 1160 2340 contra
1228 2281 1502 2340 metum
1572 2272 1861 2340 maximi
1924 2268 2137 2358 belli,
2202 2266 2698 2341 firmissimum

561 2379 969 2480 praesidium
1020 2379 1359 2452 habuisse
1400 2383 1811 2479 aequitatem
1856 2397 1929 2454 et
1983 2382 2531 2455 continentiam.
2570 2382 2698 2453 His

560 2517 695 2590 ego
739 2491 1069 2563 subsidiis
1103 2515 1188 2562 ea
1229 2516 1389 2562 sum
1436 2507 1973 2590 consequutus,
2020 2518 2182 2591 quae
2219 2492 2439 2565 nullis
2470 2493 2696 2591 legio-

559 2601 780 2674 nibus
816 2603 1167 2698 consequi
1210 2605 1656 2699 potuissem:
1709 2618 1792 2673 ut
1848 2629 1935 2675 ex
1980 2604 2431 2675 alienissimis
2487 2604 2699 2675 sociis

562 2715 1065 2800 amicissimOS,
1109 2736 1196 2783 ex
1239 2713 1746 2785 infidelissimis
1788 2711 2236 2785 firmissimos
2277 2712 2696 2800 redderem,

559 2827 990 2921 animosque
1025 2848 1377 2895 novarum
1408 2849 1655 2896 rerum
1691 2826 2231 2922 exspectatione
2266 2848 2697 2920 suspensos,

553 2933 646 3005 ad
672 2936 933 3006 veteris
974 2934 1261 3031 imperii
1298 2932 1863 3006 benivolentiam
1906 2934 2382 3007 traducerem.
2415 2934 2557 3006 Sed
2590 2936 2696 3005 ni-

558 3045 694 3116 mis
742 3044 895 3117 haec
935 3044 1162 3116 multa
1205 3044 1298 3115 de
1334 3069 1493 3131 me,
1539 3046 1935 3142 praesertim
1976 3044 2067 3116 ad
2105 3060 2175 3117 te
2205 3100 2225 3133 ,
2271 3071 2313 3115 a
2348 3071 2500 3143 quo
2546 3070 2697 3117 uno

552 3157 888 3227 omnium
935 3157 1299 3227 sociorum
1331 3154 1643 3251 querelae
1679 3154 2078 3228 audiuntur
2117 3183 2134 3226 ι
2173 3180 2564 3252 cognosces
2609 3182 2700 3228 ex

554 3266 676 3353 iis,
707 3267 835 3362 qui
851 3267 1029 3335 meis
1048 3265 1390 3335 institutis
1410 3260 1476 3307 ²⁶
1496 3289 1573 3335 se
1596 3281 1954 3337 recreatos
1983 3281 2267 3364 putant.
2298 3270 2697 3364 Quumque

629 3438 717 3485 23.
740 3439 900 3486 Nunc.
928 3437 1026 3495 Ut,
1054 3434 1097 3482 si
1123 3451 1268 3498 quam
1285 3446 1454 3494 antea,
1473 3435 1581 3500 pul-

555 3532 636 3565 sus
670 3517 724 3564 in
757 3516 1011 3576 exsilium,
1052 3515 1301 3578 diguitatis
1337 3516 1579 3575 jacturam

1668 3436 1794 3484 hanc
1821 3435 2188 3506 παλιγγενεσίαν
2216 3448 2458 3495 nostram,
2484 3454 2585 3486 non
2611 3455 2698 3485 ne·

1668 3515 1942 3579 gligendam
1954 3538 1994 3564 ι».
2017 3517 2162 3565 Mau.

557 3597 771 3656 fecisset,
793 3595 983 3643 honore
1009 3612 1142 3654 novo
1170 3596 1237 3643 ita
1267 3595 1493 3653 sarciret,
1521 3604 1580 3642 ut

556 3677 621 3725 de
646 3675 853 3738 pristino
874 3686 1004 3724 statu
1031 3676 1300 3724 detractum
1320 3676 1471 3735 nibil,
1489 3675 1579 3723 ad-

556 3755 714 3804 ditum
735 3754 901 3816 potius
922 3754 1108 3817 aliquid
1135 3756 1197 3804 ad
1218 3756 1422 3819 gloriam
1442 3754 1579 3803 vide·

554 3845 705 3883 retur.
736 3833 941 3882 causam
977 3833 1102 3882 hanc
1145 3835 1306 3898 attigit
1342 3837 1485 3899 epist.
1508 3833 1542 3881 6
1563 3869 1579 3893 ,

553 3913 644 3961 lib.
667 3914 764 3968 w.
800 3909 861 3958 ad
889 3913 991 3958 Ait.
1012 3913 1089 3961 his
1105 3916 1267 3963 verbis
1287 3929 1300 3964 ε
1335 3937 1360 3958 ιι
1376 3915 1582 3964 Amico-

553 4008 662 4040 rum
688 3992 841 4038 litera
866 4005 943 4036 me
963 3989 1027 4037 ad
1052 3993 1350 4057 triumphum
1373 4005 1580 4047 vocant,

550 4086 654 4120 rem
674 4087 700 4118 a
724 4069 901 4128 nobis,
929 4079 984 4117 ut
1008 4086 1101 4134 ego
1126 4071 1353 4132 arbitror,
1378 4084 1594 4139 propter,

1740 3601 1832 3650 24.
1868 3594 1956 3645 Ad
1973 3594 2248 3643 sanandum
2273 3595 2455 3643 vulnus
2483 3594 2697 3661 injuria.

1668 3673 1858 3723 Exsilii,
1878 3676 1992 3725 Sca.

1744 3756 1826 3801 25.
1854 3752 2090 3800 Exercieu
2123 3751 2379 3801 imbecillo.
2402 3753 2607 3802 Duabus
2633 3754 2701 3802 le·

1668 3832 1913 3896 gionibus.
1932 3831 2050 3881 vid.
2078 3832 2228 3880 Attio.
2252 3836 2316 3893 V,
2358 3834 2445 3890 15,
2476 3843 2526 3880 ct
2559 3833 2685 3881 Coel.

1668 3915 1816 3970 vm,
1849 3913 1896 3960 5.

1743 3993 1830 4039 26.
1863 3989 1984 4038 Meis
2012 3989 2255 4038 institutis.
2286 3991 2437 4054 Appii
2462 3993 2591 4038 enim
2624 3994 2698 4039 in-

1669 4071 1851 4119 stitutis
1874 4070 2042 4119 afflicti
2061 4080 2214 4119 erant.
2236 4069 2317 4119 Ad
2339 4072 2515 4126 ΑιιΝ,
2547 4071 2626 4119 ι6.
