3023 4773
522 413 1041 483 EPISTOLAE
1093 414 1222 481 AD
1274 414 1955 499 ATTICUM,VI,
2008 439 2071 509 7.
2225 415 2355 485 631

244 639 1523 660 mmmmmmmmmwssmmm
1531 640 1801 658 mmm
1807 639 2170 659 mmmm
2181 639 2266 659 m
2272 641 2361 659 w-

877 853 1485 933 EPISTOLA
1551 855 1753 932 VII.

242 1001 527 1074 Quintum
556 1000 734 1058 filium
771 999 951 1078 patris
977 997 1069 1058 sui
1089 1000 1343 1059 animum
1369 1000 1549 1060 Attici
1580 1001 1769 1059 sorori
1796 1001 2193 1060 reconciliasse
2221 1023 2374 1060 nun-

324 1096 425 1156 tiat
443 1140 460 1167 ,
484 1111 543 1156 et
567 1117 697 1175 quae
722 1096 1123 1175 superioribus
1154 1096 1383 1157 duabus
1406 1097 1665 1177 epistolis
1685 1097 1758 1156 de
1782 1098 2113 1158 nominibus
2136 1099 2373 1157 Milonis

320 1193 663 1272 scripserat,
692 1193 765 1252 iis
787 1193 1006 1271 aliquid
1030 1192 1210 1252 addit.
1240 1199 1528 1252 Praeterea
1552 1194 1626 1252 de
1648 1193 1888 1254 decessu
1918 1215 2060 1268 suo,
2089 1207 2146 1253 et
2171 1195 2245 1254 de
2267 1196 2372 1254 Ti-

321 1291 479 1350 ronis
499 1289 742 1349 adversa
770 1289 1085 1350 valitudine
1106 1289 1325 1348 scribit.
1351 1291 1573 1369 (Tarsi,
1620 1311 1772 1350 anno
1801 1296 1873 1351 U.
1909 1295 1974 1350 C.
2011 1293 2151 1367 703,
2177 1312 2372 1351 mense

320 1386 592 1463 quintili.)

919 1552 1227 1616 CICERO
1276 1551 1594 1616 A'H'LCO
1639 1553 1703 1616 S.

336 1722 658 1811 Qumrus
688 1717 913 1804 filius,
949 1720 1068 1815 pie
1101 1741 1304 1806 sane,
1333 1743 1449 1790 me
1485 1718 1779 1816 quidem
1820 1735 2013 1793 certe
2060 1722 2372 1794 multum

234 1831 613 1918 hortante,
664 1828 792 1901 sed
835 1842 1246 1900 currentem
1274 1881 1295 1910 ,
1341 1830 1664 1900 animum
1708 1834 1932 1926 patris
1979 1833 2096 1912 sui⁷
2142 1835 2373 1904 sorori

233 1957 378 2013 tuae
418 1938 927 2012 reconciliavit.
970 1943 1152 2009 Eum
1187 1937 1391 2010 valde
1428 1942 1643 2011 etiam
1674 1956 1815 2012 tuae
1852 1941 2073 2012 literae
2107 1945 2371 2013 excita-

233 2067 430 2126 runt.
473 2051 667 2141 Quid
698 2050 1011 2148 quaeris?
1054 2047 1348 2120 confido
1392 2074 1543 2121 rem
1570 2105 1589 2136 ,
1634 2065 1718 2121 ut
1754 2052 2091 2124 volumus
2115 2107 2135 2140 ,
2191 2060 2367 2125 esse.

230 2166 353 2234 Bis
395 2163 485 2234 ad
529 2179 603 2235 te
646 2176 856 2233 antea
890 2162 1142 2259 scripsi
1177 2160 1268 2232 de
1309 2185 1386 2231 re
1435 2186 1592 2232 mea
1627 2160 1996 2248 familiari,
2054 2168 2112 2234 si
2150 2163 2372 2234 modo

232 2267 369 2340 tibi
412 2268 710 2340 redditae
760 2268 979 2339 literae
1025 2280 1229 2354 sunt,
1275 2290 1532 2362 graece,
1571 2271 1629 2336 ἐν
1670 2269 1963 2365 αἰνιγμοῖς
1990 2278 2038 2337 ¹.
2095 2271 2372 2341 Scilicet

229 2373 415 2447 nihil
437 2390 545 2447 est
572 2373 1040 2449 movendum.
1064 2372 1207 2446 Sed
1226 2389 1498 2461 tamen,
1530 2376 1764 2470 ἀφελῶς
1782 2383 1810 2416 ²
1833 2375 2374 2473 percunctando

230 2485 327 2557 de
384 2485 802 2558 nominibus
854 2485 1183 2573 Milonis,
1229 2499 1337 2571 et,
1376 2499 1458 2556 ιιι
1501 2483 1877 2582 expediat,
1928 2500 2012 2555 ιιι
2044 2485 2223 2556 mihi
2262 2512 2372 2556 re-

228 2598 460 2694 cepit,
492 2595 895 2683 hortando,
920 2539 1309 2691 aliquidita
1331 2609 1408 2665 tu
1433 2593 1791 2692 proficies.
1825 2600 1977 2693 Ego
2002 2595 2370 2668 Laodiceae

227 2721 664 2802 quaestorem
704 2707 1133 2777 Mescinium
1178 2718 1594 2800 exspectare
1637 2704 1850 2798 jussi,
1888 2720 1967 2777 ut
2006 2703 2369 2778 confectas

226 2818 547 2888 rationes
582 2816 737 2912 lege
771 2822 807 2887 J
815 2817 957 2887 ulia
989 2813 1186 2913 apud
1227 2813 1404 2887 duas
1447 2812 1811 2885 civitates3
1842 2818 2123 2913 possim
2152 2817 2368 2887 relin-

226 2948 479 3020 quere.
529 2923 869 2996 Rhodum
919 2925 1088 2996 volo
1119 2944 1514 3022 puerorum
1545 2928 1575 2975 4
1614 2948 1868 3010 causa3
1924 2924 2093 2996 inde
2146 2950 2367 3022 quam

224 3035 548 3134 primum
586 3033 942 3105 Athenas:
983 3037 1115 3106 etsi
1146 3038 1378 3105 etesiae
1412 3032 1616 3105 valde
1654 3032 1955 3122 reflant;
1994 3033 2120 3106 sed
2150 3034 2365 3132 plane

221 3145 396 3217 volo
434 3145 548 3217 his
590 3144 1153 3241 magistratibus,
1203 3169 1513 3242 quorum
1557 3144 2006 3216 voluntatem
2062 3145 2140 3241 in
2189 3169 2364 3243 sup·

223 3257 612 3358 plicatione
632 3253 659 3299 ⁵
680 3280 842 3327 sum
862 3270 1218 3352 expertus.
1239 3261 1347 3327 Tu
1365 3271 1609 3328 tamen
1624 3257 1831 3327 mitte
1845 3254 2056 3341 mihi,
2083 3280 2363 3353 quaeso,

224 3365 514 3438 obviam
569 3367 846 3453 literas,
890 3390 1069 3436 num
1111 3366 1290 3464 quid
1337 3381 1549 3464 putes
1597 3363 2011 3464 reipublicae
2067 3367 2362 3438 nomine

223 3476 659 3551 tardandum
689 3501 842 3548 esse
879 3477 1111 3549 nobis.
1142 3481 1311 3548 Tiro
1338 3474 1430 3549 ad
1457 3490 1530 3547 te
1564 3476 1878 3547 dedisset
1909 3475 2179 3563 literaS,
2227 3476 2362 3546 nisi

298 3756 342 3791 ι.
369 3731 431 3791 ὲν
452 3738 697 3810 αἰνιγμοῖς.
725 3738 1056 3802 AEnigmatiee.
1415 3748 1463 3793 4.
1520 3740 1799 3786 Puerorum.
1841 3738 1908 3786 Ut
1942 3739 2056 3786 inde
2101 3737 2361 3787 Cicerones

296 3806 914 3884 α.Ᾰφελῶς.81ωΡ13οἰιει-.
1339 3832 1519 3881 pueros
1552 3834 1711 3865 secum
1749 3818 2027 3865 deduceret.
2059 3816 2245 3877 Lihff,
2274 3833 2352 3883 ep.

297 3898 346 3947 3.
388 3899 539 3963 Apud
576 3899 697 3946 duas
738 3898 969 3945 civetates.
1007 3891 1253 3960 Deposuit
1348 3898 1406 3943 18
1423 3929 1437 3953 ,
1463 3907 1511 3944 et
1538 3913 1616 3962 ep.
1641 3913 1725 3958 17,
1742 3894 1830 3944 lib.
1854 3899 1931 3954 11,
1952 3896 2014 3943 ad
2031 3896 2144 3945 niv.

228 3972 476 4025 Laodiceae
493 3988 542 4024 et
557 3977 800 4041 Apamea,
817 3972 1121 4039 totidemque
1142 3987 1251 4019 ver·
1411 3972 1460 4024 5.
1486 3979 1547 4023 In
1570 3975 1933 4041 supplicacione.
1962 3979 2085 4039 Quae
2117 3976 2352 4041 triumphi

231 4056 309 4104 bt·
342 4055 407 4103 ad
447 4057 667 4103 mnrium
707 4053 888 4103 retulit.
926 4054 1007 4103 Ad
1046 4055 1160 4102 Div.
1183 4056 1247 4104 v,
1337 4069 1477 4118 paene
1513 4070 1701 4121 semper
1739 4055 2054 4120 praerogativa
2105 4067 2189 4105 est.
2234 4056 2358 4103 Con-

233 4152 317 4186 ao.
340 4136 644 4185 Mutunus.
1338 4148 1517 4183 nanus.
