3023 4773
674 398 805 472 158
1293 401 1393 469 M.
1446 403 1522 469 T.
1578 402 2174 472 CICERONIS

656 537 766 609 te,
794 545 945 619 quo
981 520 1225 591 animo
1251 522 1581 617 accipias,
1608 523 1681 590 Si
1709 521 1903 591 enim
1939 518 2483 594 stomachabere
2503 579 2521 611 ,
2551 539 2625 596 et
2650 550 2812 598 mo-

657 633 838 705 leste
874 630 1063 704 feres
1093 658 1109 700 ε
1145 630 1353 728 plura
1389 628 1757 719 dicemus;
1787 629 2498 729 postulabimusque,
2534 658 2623 705 ex
2659 660 2814 733 qua

655 740 906 814 haeresi
926 737 1014 828 ¹⁵,
1035 740 1103 810 vi
1121 793 1141 827 ,
1165 738 1587 811 hominibus
1616 743 1903 813 armatis
1924 737 2008 829 ¹⁶,
2035 740 2360 836 dejectus
2377 743 2474 814 sis
2495 797 2515 831 ,
2540 745 2617 814 in
2646 770 2811 817 eam

652 853 1056 925 restituare.
1112 854 1197 920 In
1243 848 1385 920 hoc
1429 847 1818 923 interdicto
1856 874 2011 921 non
2046 852 2232 923 solet
2273 851 2484 941 addi,
2543 878 2624 924 nv
2661 878 2811 926 noc

655 972 960 1035 ΑΝΝοῑῖ.
1021 962 1262 1050 Quare
1317 962 1374 1030 si
1417 961 1569 1055 jam
1609 960 1991 1033 biennium
2029 976 2155 1033 aut
2196 963 2598 1042 triennium
2645 980 2808 1053 est,

657 1098 889 1171 quum
933 1071 1180 1141 virtuti
1235 1073 1583 1140 nuntium
1624 1073 1997 1160 remisisti,
2055 1072 2399 1143 delinitus
2451 1072 2814 1145 illecebris

654 1182 1046 1281 voluptatis
1078 1207 1095 1250 τ
1126 1181 1203 1250 in
1241 1181 1525 1276 integro
1551 1205 1667 1278 res
1707 1180 1920 1254 nobis
1949 1187 2108 1254 erit.
2148 1187 2605 1281 Quamquam
2641 1187 2809 1282 qui-

660 1319 826 1366 cum
871 1289 1183 1389 loquor?
1237 1314 1406 1361 cum
1446 1314 1598 1360 uno
1640 1288 2035 1363 fortissimo
2078 1293 2234 1363 viro
2278 1320 2295 1362 ε
2345 1295 2473 1390 qui
2515 1309 2811 1391 postea-

662 1427 883 1501 quam
912 1399 1158 1471 forum
1187 1400 1481 1497 attigisti
1503 1394 1590 1487 ¹⁸,
1622 1400 1801 1471 nihil
1839 1400 2106 1490 fecisti,
2136 1402 2271 1474 nisi
2305 1403 2810 1501 plenissimum

656 1507 1107 1606 amplissimae
1134 1505 1522 1604 dignitatis.
1563 1510 1646 1576 In
1686 1507 1819 1579 ista
1854 1510 2011 1606 ipsa
2046 1512 2306 1610 alpia-eg,
2350 1524 2599 1581 metuo
2627 1564 2647 1598 ,
2713 1537 2812 1584 ne

658 1618 823 1719 plus
860 1641 1252 1688 nervorum
1292 1617 1424 1703 sit,
1463 1641 1686 1713 quam
1718 1641 1852 1714 ego
1892 1622 2247 1717 putarim,
2284 1621 2343 1691 si
2375 1621 2600 1693 modo
2647 1646 2811 1693 eam

657 1744 739 1800 tu
766 1727 1052 1826 probas.
1077 1725 1274 1818 Quid
1302 1725 1437 1796 tibi
1457 1737 1523 1784 ¹9
1553 1727 1629 1797 in
1652 1742 1971 1799 mentem
2006 1730 2238 1817 venit,
2265 1729 2594 1826 inquies?
2621 1732 2813 1820 Quia

654 1837 834 1909 nihil
870 1834 1231 1908 habebam
1277 1835 1507 1922 aliud,
1562 1836 1763 1934 quod
1815 1835 2225 1926 scriberem.
2268 1843 2379 1909 De
2426 1839 2811 1937 republica

658 1952 853 2020 enim
889 1946 1071 2018 nihil
1100 1944 1417 2017 scribere
1452 1970 1748 2043 possum
1788 1975 1805 2018 ε
1846 1973 2091 2046 neque
2124 1950 2357 2038 enim,
2392 1951 2595 2047 quod
2633 1976 2815 2024 sen-

657 2061 798 2146 tio,
837 2057 1015 2129 libet
1050 2056 1389 2128 scribere.

734 2228 815 2275 15.
842 2224 1048 2274 Hoeresi.
1084 2226 1199 2273 Hoc
1225 2236 1299 2273 est
1318 2258 1333 2282 ‚
1369 2235 1500 2273 secta
1526 2224 1690 2289 philo·

653 2304 938 2370 sophorum.
953 2305 1166 2352 lieet-esis
1184 2304 1315 2351 euim
1329 2304 1466 2368 apud
1483 2301 1689 2354 Graecos

655 2398 706 2437 et
731 2385 930 2433 Latinos
969 2384 1023 2431 in
1057 2383 1238 2432 bonnm
1271 2395 1460 2448 partem
1486 2385 1691 2450 accipie-

656 2466 801 2513 batur
831 2465 979 2522 olim,
1016 2473 1075 2510 ut
1104 2473 1153 2510 et
1183 2473 1344 2517 secta,
1385 2465 1533 2511 etism
1554 2464 1690 2527 apud

657 2545 844 2610 primos
888 2542 1207 2592 Christianos.
1253 2542 1477 2589 Fortasse
1525 2551 1690 2591 sutem

656 2624 820 2675 stoica
867 2622 989 2679 fuit,
1036 2631 1122 2669 aut
1169 2619 1459 2669 Academica
1522 2633 1688 2683 secta,

657 2719 805 2767 quam
831 2701 1041 2749 deseruit
1061 2701 1254 2749 Cassius
1270 2734 1286 2758 ,
1305 2701 1354 2747 vi
1380 2700 1607 2764 quadam,
1633 2712 1689 2751 ut

657 2785 834 2834 Cicero
861 2781 1046 2840 innuit,
1066 2780 1367 2845 compulsus.
1390 2784 1480 2831 En.

642 2878 648 2883 ’
732 2864 818 2911 16.
845 2861 930 2918 Vi,
955 2860 1224 2908 hominibus
1241 2860 1464 2910 armatis.
1485 2862 1573 2908 Est
1593 2860 1689 2908 for·

658 2942 789 2989 mula
819 2939 1050 2989 solemnis
1080 2939 1135 2986 in
1159 2938 1423 2987 interdicto
1448 2939 1686 3003 pretorio

657 3021 840 3071 UNDE
867 3022 964 3080 vl,
1005 3035 1108 3083 quo
1129 3018 1306 3084 aliquis
1337 3020 1390 3066 in
1418 3018 1688 3083 possessio·

653 3195 835 3215 m

1214 3191 1304 3211 m
1309 3191 1393 3210 Μ
1398 3190 2138 3214 mmmmm

1777 2242 1890 2274 nem
1914 2243 2078 2288 susm,
2107 2229 2169 2277 de
2188 2245 2286 2293 qm
2314 2230 2391 2288 vi,
2428 2240 2481 2279 et
2503 2231 2821 2281 amstisho·

1775 2306 1989 2354 minibus
2025 2318 2130 2356 eret
2171 2307 2458 2355 deturbatus
2474 2344 2489 2369 ,
2523 2310 2819 2360 restitueba-

1775 2398 1874 2436 tur.
1911 2386 1987 2435 De
2011 2403 2109 2452 qus
2136 2386 2251 2437 vide
2275 2386 2508 2453 lib.vn‚,
2545 2391 2692 2456 epist.
2720 2394 2816 2442 13.

1775 2466 1949 2514 (ἔω.

1851 2562 1936 2608 ¹7·
1960 2550 2021 2595 In
2048 2546 2143 2595 Ιιοσ
2171 2563 2321 2598 anno.
2349 2549 2505 2611 Quod
2529 2549 2649 2598 addi
2676 2550 2818 2600 sole-

1775 2624 1860 2673 bat
1887 2625 1941 2672 in
1966 2626 2196 2675 omnibus
2216 2628 2510 2677 interdictis.
2530 2632 2673 2677 Mn«.

1850 2705 1935 2753 ιδ.
1961 2707 2140 2753 Forum
2166 2708 2388 2773 αηίςὺτί.
2405 2708 2613 2756 Virilem
2640 2721 2815 2773 togam

1773 2781 1993 2833 induisti.
2021 2785 2150 2833 Vide
2176 2789 2402 2852 superius
2423 2789 2489 2837 sd
2515 2788 2606 2838 lib.
2619 2791 2684 2851 V,
2716 2806 2811 2855 ep.

1780 2877 1803 2910 x
1816 2877 1860 2909 ι.
1878 2862 2026 2913 Mu«.

1851 2956 1932 3004 ¹9·
1956 2938 2134 2990 Schiitz
2158 2944 2430 3010 rescripsit,
2449 2961 2617 3005 seusu,
2640 2958 2703 2995 ut·
2718 2950 2817 3008 nit,

1772 3020 2080 3084 postulante,
2099 3043 2125 3063 κ
2140 3022 2275 3085 Quid
2302 3023 2356 3071 id
2381 3023 2472 3072 tibi
2486 3047 2527 3072 n.
2546 3027 2597 3074 J.
2615 3028 2683 3074 V.
2706 3028 2772 3076 1..

2512 3198 2606 3219 Μ

1244 3360 1851 3443 EPISTOLA
1925 3365 2218 3446 XVII.

656 3518 938 3594 Queritur
964 3517 1038 3576 de
1065 3517 1413 3597 importunis
1445 3516 1796 3592 tabellariis;
1826 3534 2027 3580 narrat
2052 3520 2126 3581 de
2153 3527 2217 3581 P.
2249 3523 2422 3583 Sullae
2464 3538 2684 3598 morte3
2730 3528 2819 3589 de

738 3617 894 3675 bello
931 3616 1330 3696 Hispaniensi,
1370 3614 1444 3674 de
1472 3620 1668 3675 Pansae
1704 3619 2064 3696 profectione
2099 3620 2156 3678 iu
2190 3622 2587 3699 provinciam3
2618 3628 2822 3687 Cassii

733 3714 1038 3772 consilium
1065 3713 1280 3792 probat
1309 3713 1672 3773 Brundisium
1703 3716 2042 3789 mansionis3
2086 3716 2284 3777 literas
2325 3732 2555 3779 mutuas
2590 3698 2818 3800 poscit.

739 3812 1000 3889 (Romae,
1045 3812 1278 3871 ineunte
1324 3832 1477 3870 auno
1510 3816 1585 3872 U.
1628 3815 1693 3870 C.
1730 3814 1886 3887 708.)

1186 3962 1282 4026 M.
1306 3963 1380 4025 T.
1419 3962 1493 4026 C.
1532 3962 1602 4026 C.
1640 3959 1933 4026 CASSIO
1980 3962 2042 4027 S.
2079 3962 2148 4026 P.
2185 3965 2263 4028 D.

751 4107 1263 4174 PnAEPos'rssuos
1289 4100 1509 4175 habes
1542 4101 1984 4195 tabellarios;
2010 4108 2143 4177 etsi
2167 4127 2284 4179 me
2315 4105 2615 4203 quidem
2643 4135 2812 4185 non
