3023 4773
587 431 717 526 178
1225 431 1321 500 M.
1373 433 1449 498 T.
1504 432 2054 501 CICERONIS

571 551 924 624 fecerunt.
969 556 1119 625 Nos
1162 576 1251 623 eo
1311 550 1430 626 die
1486 553 1752 626 coenati
1800 553 2166 624 solvimuS.
2221 551 2401 626 Inde
2451 569 2704 628 austro

572 662 971 744 lenissimo,
1018 661 1189 732 caelo
1235 683 1535 749 sereno,
1580 676 1798 736 nocte
1842 663 1962 735 illa
2009 677 2083 734 et
2126 662 2244 736 die
2283 679 2577 763 postero
2622 669 2701 738 in

570 778 846 850 Italiam
867 776 955 848 ad
972 774 1465 873 Hydruntem³
1489 777 1877 868 ludibundi
1894 782 2350 878 pervenimus
2372 808 2393 867 ;
2413 781 2701 853 eodem-

566 914 711 986 que
740 903 962 959 vento
987 886 1329 985 postridie
1356 887 1473 983 (id
1504 902 1657 960 erat
1683 913 1746 960 a.
1777 888 1846 961 d.
1866 915 1969 961 vn
1988 889 2275 961 kalend.
2304 889 2697 987 decembr.)

564 999 744 1069 hora
772 1013 1028 1095 quarta
1054 998 1510 1070 Brundisium
1541 999 1888 1070 venimus.
1920 998 2342 1096 Eodemque
2369 1015 2698 1099 tempore

562 1110 773 1181 simul
804 1107 1189 1181 nobiscum
1227 1110 1303 1179 in
1341 1107 1696 1206 oppidum
1735 1109 2010 1180 introiit
2034 1110 2392 1196 Terentia,
2430 1135 2589 1207 quae
2624 1125 2700 1181 te

564 1218 730 1292 facit
761 1219 1073 1318 plurimi.
1106 1224 1186 1291 A.
1219 1219 1284 1290 d.
1304 1243 1350 1288 v
1381 1217 1520 1290 kal.
1553 1216 1911 1291 decembr.
1942 1243 2188 1291 servus
2222 1222 2400 1290 Gn.⁴
2431 1220 2696 1291 Plancii

562 1329 919 1401 Brundisii
940 1329 1233 1400 tandem
1266 1329 1657 1426 aliquando
1686 1329 1863 1400 mihi
1891 1355 1932 1401 a
1959 1346 2032 1402 te
2063 1332 2701 1428 exspectatissimas

563 1438 803 1510 literas
838 1437 1191 1527 reddidit,
1225 1437 1425 1510 datas
1460 1438 1702 1510 idibus
1736 1439 2149 1528 novembr.,
2177 1465 2336 1537 quae
2381 1465 2497 1512 me
2535 1467 2700 1513 mo-

560 1548 763 1620 lestia
787 1548 992 1620 valde
1018 1549 1388 1624 levarunt:
1420 1552 1697 1624 utinam
1730 1552 2031 1621 omnino
2060 1547 2524 1624 liberassent!
2556 1550 2701 1623 Sed

559 1674 803 1730 tamen
834 1659 1133 1757 Asclapo
1176 1657 1498 1730 medicus
1544 1658 1758 1757 plane
1795 1657 2212 1745 confirmat,
2272 1655 2698 1756 propediem

560 1783 634 1841 te
662 1769 1020 1842 valentem
1048 1766 1223 1840 fore.
1255 1773 1469 1840 Nunc
1495 1767 1673 1868 quid
1699 1794 1835 1866 ego
1865 1784 1935 1840 te
1968 1769 2267 1841 horter?
2291 1783 2375 1839 ut
2400 1791 2701 1838 omnem

559 1878 998 1976 diligentiam
1038 1876 1380 1950 adhibeas
1416 1877 1508 1950 ad
1545 1877 2215 1956 convalescendum.
2251 1882 2479 1954 Tuam
2514 1903 2699 1975 pru·

559 1989 877 2061 dentiam
901 2044 920 2077 ,
949 1991 1531 2087 temperantiam..
1577 2013 1900 2060 amorem
1943 2012 2107 2086 erga
2141 2012 2257 2058 me
2295 1989 2482 2057 novi.
2530 1988 2701 2058 Scio

557 2114 630 2169 te
670 2100 914 2169 omnia
956 2096 1315 2169 facturum
1339 2154 1358 2187 ,
1411 2114 1493 2169 ut
1527 2097 1908 2170 nobiscum
1952 2122 2178 2196 quam-
2211 2100 2524 2196 primurn
2573 2097 2698 2167 sis,

558 2208 695 2279 Sed
731 2224 972 2281 tamen
1019 2210 1116 2280 ita
1150 2208 1399 2295 velim,
1444 2224 1529 2290 ut
1563 2235 1657 2280 ne
1703 2210 1879 2307 quid
1918 2232 2286 2308 properes.
2331 2207 2700 2306 Sympho-

561 2319 754 2388 niam
783 2316 1134 2414 Lysonis⁵
1174 2318 1388 2390 velim
1428 2320 1755 2409 vitasses,
1800 2343 1891 2391 ne
1936 2320 2012 2389 in
2044 2332 2375 2416 quartam
2407 2314 2701 2389 hebdo-

562 2423 810 2498 mada⁶
862 2427 1231 2499 incideres.
1293 2427 1470 2516 Sed,
1523 2430 1821 2528 quando
1873 2431 2135 2529 pudori
2192 2443 2322 2500 tuo
2378 2428 2704 2500 maluisti

559 2536 902 2633 obsequi,
949 2561 1168 2634 quam
1209 2538 1626 2627 valitudini,
1667 2542 1946 2639 reliqua
1984 2563 2175 2612 cura.
2230 2541 2453 2611 Curio
2486 2540 2701 2626 misi,

630 2808 681 2854 3.
713 2803 1027 2868 Hydruntem.
1070 2802 1308 2871 Hydrus,
1345 2822 1428 2853 seu
1464 2808 1573 2870 ny-

558 2886 819 2940 drnntum‚
857 2882 1008 2932 hodie
1047 2886 1271 2933 otramo.
1316 2885 1401 2932 Est
1438 2884 1578 2933 Cala·

557 2965 676 3013 brie
694 2961 933 3028 oppidum
947 2997 963 3022 ,
981 2962 1245 3012 Brundisio
1267 2962 1453 3011 distans
1469 2978 1578 3010 een·

556 3056 661 3093 tnm
705 3042 1057 3107 quinquaginta
1097 3042 1249 3095 stadia
1267 3078 1281 3101 ‚
1335 3042 1578 3091 Strabone

560 3134 697 3172 teste.
726 3124 903 3172 Gnaev.

630 3214 679 3261 4.
724 3202 811 3251 Cn.
858 3201 1068 3251 Plancii.
1122 3204 1221 3251 Pro
1272 3215 1373 3265 quo
1419 3211 1580 3249 exstat

552 3284 729 3336 oratio.

628 3365 673 3412 5.
703 3357 1046 3424 Symphoniam
1074 3355 1285 3420 [ymnis.
1312 3359 1358 3405 Is
1384 3356 1580 3406 videtur

552 3444 782 3491 Tironem
800 3440 1029 3487 invitasse
1050 3436 1113 3483 nd
1136 3436 1476 3501 symphoniam
1494 3454 1578 3486 au·

553 3520 803 3581 diendem:
826 3534 886 3567 ex
906 3532 1027 3581 quo,
1040 3517 1236 3565 insueto
1255 3516 1354 3564 aeri
1373 3514 1574 3576 (lintius,

552 3616 695 3664 qnam
727 3600 853 3647 serre
880 3594 1099 3653 valitudo
1123 3606 1339 3661 poterat,
1381 3597 1575 3661 exposi-

552 3691 657 3739 tus,
689 3681 827 3744 pejus
860 3695 910 3726 se
940 3676 1119 3725 habere
1158 3686 1387 3742 coeperst.
1420 3677 1571 3726 Cau..

551 3764 622 3796 -‘—
650 3758 750 3806 Alii
774 3768 935 3805 sutem
960 3756 1013 3804 id
1038 3755 1340 3819 intelligunt,
1375 3756 1437 3803 de
1459 3771 1576 3807 con-⁷

551 3854 695 3887 sensu
716 3837 988 3884 animorum
1014 3836 1142 3884 inter
1164 3837 1408 3901 Lysonem
1425 3847 1478 3884 et
1493 3836 1572 3883 'ri-

550 3932 737 3966 ronem.
759 3918 821 3964 Et
842 3914 924 3962 slii
949 3914 1055 3965 elie.
1073 3917 1262 3964 Doctor
1272 3926 1434 3963 entem
1447 3914 1575 3961 Gou-

548 3998 636 4057 δίει,
653 3998 705 4047 in
725 3996 1081 4053 dis-emtione,
1095 4011 1241 4059 qnam
1262 3994 1325 4043 de
1340 3994 1391 4044 h.
1406 3995 1441 4043 1.
1455 3996 1575 4044 seri-

545 4080 668 4144 psst,
706 4082 838 4125 anno
872 4091 1032 4138 1779,
1076 4087 1219 4139 putet
1257 4090 1360 4124 non
1393 4074 1477 4123 hie
1513 4073 1576 4122 de

544 4158 727 4209 musica
739 4193 755 4218 ,
779 4154 945 4206 ullove
973 4166 1216 4203 concentu
1233 4165 1316 4203 snt
1334 4170 1578 4203 consensu

1665 2806 1768 2871 egi,
1789 2804 1874 2854 sed
1894 2806 1955 2854 de
1974 2805 2189 2854 remedio
2211 2804 2425 2869 quodam
2444 2803 2497 2851 in
2517 2803 2697 2853 febrim

1666 2884 1915 2945 adhibito,
1943 2884 2174 2948 dictoque
2197 2882 2484 2947 symphonia
2500 2915 2516 2938 ‚
2551 2884 2700 2944 enjus

1667 2964 1876 3011 formula
1912 2974 2070 3013 exstet
2105 2963 2237 3028 apud
2264 2962 2499 3017 Galennsn
2518 2995 2535 3021 ,
2571 2962 2697 3011 edit.

1663 3043 1809 3093 Besil.
1835 3061 1852 3092 ι
1866 3044 1984 3103 538,
2001 3055 2121 3092 tom.
2137 3046 2205 3106 11,
2223 3059 2337 3108 pag.
2363 3043 2480 3093 26⁵.
2501 3043 2699 3095 Deinde

1664 3121 1824 3185 legere
1849 3122 2026 3181 iubet:
2058 3139 2164 3170 «ne
2202 3123 2257 3171 in
2301 3134 2589 3186 quartanam
2632 3140 2697 3174 ex

1664 3200 1972 3249 hebdomada
1993 3201 2283 3250 incideres».
2298 3203 2361 3250 Et
2387 3217 2552 3250 revera
2568 3203 2697 3251 Tiro

1668 3292 1899 3345 quartana
1936 3281 2151 3340 laborat,
2187 3283 2330 3345 epist.
2371 3295 2452 3330 ιι.
2477 3281 2699 3331 Vide-nt

1668 3360 1859 3410 medici.
1875 3362 1993 3408 Haee
2013 3361 2158 3408 refert
2175 3361 2209 3407 J
2215 3363 2296 3409 Ν.
2317 3361 2370 3407 L.
2387 3362 2440 3407 in
2466 3372 2571 3410 not.
2592 3363 2695 3412 En.

1737 3441 1788 3489 6.
1806 3438 2142 3488 Hebdomada.
2153 3439 2233 3487 Sic
2251 3438 2381 3485 Oliv.
2396 3450 2446 3487 et
2466 3440 2565 3487 sere
2585 3455 2700 3487 om-

1664 3534 1766 3567 nes.
1813 3521 1972 3568 Graev.
2011 3528 2195 3577 tamen,
2229 3516 2697 3568 «hebdomadam».

1663 3599 1713 3649 J.
1731 3601 1795 3645 V.
1816 3600 1870 3645 L.
1889 3624 1959 3634 —-
1978 3596 2297 3659 Hebdompda
2320 3596 2548 3662 intelligit
2569 3598 2693 3646 Seh.

1662 3678 1722 3726 de
1756 3676 1927 3725 diebus
1959 3674 2186 3745 κρισίμοις
2217 3686 2542 3740 aegrotorum,
2575 3693 2700 3740 quae

1658 3756 2046 3806 hebdomadibus
2100 3753 2500 3804 describebantur
2553 3755 2701 3819 apud

1659 3853 1844 3902 grecos
1862 3833 2100 3884 medicos.
2125 3835 2275 3884 Cous.
2304 3835 2600 3884 Censorinus
2628 3834 2700 3884 de

1663 3916 1743 3963 die
1774 3927 1878 3965 nst.
1913 3931 2020 3980 cap.
2052 3931 2109 3963 ιι
2141 3924 2191 3962 et
2222 3922 2311 3973 ιι,
2352 3924 2402 3961 et
2427 3912 2558 3964 Gau.
2586 3915 2701 3972 111,

1669 4008 1763 4043 ro:
1793 4015 1817 4039 ι
1835 3994 2066 4061 κριτικοὺς
2098 3991 2131 4047 ἦ
2160 3991 2401 4060 κρισίμους
2422 3993 2603 4057 eoique
2625 3993 2704 4039 vi·

1665 4074 1769 4121 deri
1804 4075 2008 4138 Ρτίιιιιιιι
2039 4072 2400 4123 ¹hebdomad-tn
2435 4086 2486 4121 et
2523 4088 2705 4122 seeun-

1664 4155 1775 4202 dam
1801 4163 1850 4201 et
1877 4154 2065 4202 tertiam
2077 4173 2118 4201 n.
2146 4153 2239 4202 Eu.
