3023 4773
567 390 1102 466 Epls‘roLAE
1152 390 1284 465 AD
1332 396 1846 481 ΑΤΤΙΟΠΜ,
1887 398 2024 484 1v,
2070 393 2134 467 5.

2272 396 2413 497 493

290 503 517 590 iicet:
561 517 738 615 quid
785 501 980 589 enim
1035 518 1206 587 tua?
1255 517 1384 588 sed
1433 517 1840 589 viderimus,
1895 518 2416 593 Bibliothecam

292 628 466 698 mihi
522 631 627 698 tui
682 629 1072 726 pinxerunt
1125 630 1664 699 constructione
1721 643 1792 699 et
1843 627 2227 726 sittybisffl.
2275 636 2418 705 Eos

291 740 506 810 velim
543 738 808 808 laudes.

289 906 406 951 lieet
432 898 670 968 postridie
698 899 853 949 facies.
885 900 1017 962 Quid
1045 900 1173 949 enim
1201 912 1307 950 tan·

290 987 397 1031 tum
414 982 465 1029 in
485 998 586 1030 uno
607 981 717 1030 die?
734 980 853 1044 qnid
871 990 978 1038 tua,
997 980 1141 1028 citius
1158 983 1308 1029 serius

286 1078 401 1110 nno
432 1061 545 1109 die?
575 1061 791 1110 Omnino
816 1060 954 1107 aliter
976 1060 1308 1123 Mongaltius:

290 1164 316 1182 ι-
337 1144 440 1199 Tu,
478 1140 670 1200 Attice,
712 1140 765 1187 in
799 1139 972 1187 hortos
1009 1138 1308 1203 Crassipedis

290 1221 420 1268 veni.
447 1219 502 1267 Id
524 1220 641 1267 mibi
661 1208 858 1282 quidem
877 1218 969 1265 erit
986 1218 1308 1266 commodius.

288 1299 427 1361 Quid
439 1299 567 1346 enim
583 1301 696 1347 tua?
714 1298 955 1346 Postridie
968 1297 1032 1345 ad
1051 1308 1096 1345 te
1114 1298 1309 1346 ibimus.

290 1377 387 1426 Sed
402 1377 665 1426 viderimus
678 1399 723 1426 ιι.
738 1377 931 1442 Atticus
943 1377 1125 1424 scilicet
1138 1378 1309 1425 Romae

294 1466 407 1503 tunc
441 1468 575 1503 erat:
612 1456 785 1505 Cicero
828 1456 991 1510 Antii,
1025 1456 1156 1504 unde
1191 1472 1311 1504 mox

290 1534 558 1592 reditui-uu
586 1545 634 1582 et
659 1545 771 1583 ante
797 1536 851 1581 in
876 1534 1046 1582 hortos
1069 1536 1311 1600 Crassipe-

291 1613 394 1671 dis,
422 1630 567 1678 quam
592 1615 644 1661 in
668 1613 867 1662 Urbem.
893 1616 1013 1661 Haec
1036 1613 1135 1662 ille.

369 1695 450 1742 16.
478 1694 753 1741 Pina-erunt
779 1693 1137 1741 constructione
1159 1704 1210 1739 et
1227 1691 1313 1740 sie-

1395 902 1702 950 variavernnt
1736 913 1788 951 et
1821 915 2118 952 ornaverunt
2144 921 2284 955 eam:
2314 918 2420 956 tum

1393 982 1449 1029 in
1469 983 1708 1046 pegmatis
1722 1014 1740 1042 ,
1766 980 1853 1030 ubi
1881 994 1952 1030 est
1977 982 2250 1031 loculorum
2272 985 2417 1035 libra-

1395 1062 1581 1124 riorum
1628 1061 1933 1110 constructio
1953 1077 1967 1120 3
2016 1073 2121 1110 tum
2173 1063 2226 1110 in
2276 1065 2416 1114 libris

1395 1140 1540 1204 ipsis,
1563 1157 1772 1202 quornm
1794 1141 1999 1205 sittybas
2017 1155 2305 1191 curaverunt
2324 1144 2421 1192 ele-

1397 1218 1686 1282 gantissime.
1705 1221 1828 1267 Sunt
1845 1220 1972 1267 enlm
1993 1219 2205 1282 sitgybae,
2228 1234 2418 1272 scortea

1394 1298 1634 1346 librorum
1655 1299 2008 1362 integumenta,
2032 1309 2081 1347 et
2099 1311 2256 1348 vestes
2275 1318 2305 1348 e
2332 1319 2420 1352 co·

1396 1379 1500 1436 rio,
1519 1374 1659 1445 παρὰ
1685 1382 1778 1428 τῶν
1806 1377 2000 1438 σίττων,
2021 1395 2048 1426 a
2076 1379 2235 1445 capris
2259 1376 2280 1443 (
2299 1398 2420 1445 qua·

1397 1474 1504 1503 rum
1549 1457 1909 1505 adhibebantur
1950 1457 2100 1522 pelles
2124 1458 2176 1522 ),
2217 1462 2421 1524 antiquo

1356 1557 1359 1560 ·
1397 1534 1596 1583 nomine
1629 1535 1790 1594 facto,
1820 1551 1921 1600 quo
1952 1536 2160 1600 caprarii
2186 1539 2236 1584 in
2266 1556 2420 1603 pem-

1401 1614 1548 1663 dibus
1571 1614 1773 1679 agendis
1796 1615 2072 1667 utebantur.
2112 1620 2145 1666 J
2148 1633 2323 1667 nutus.
2349 1648 2422 1658 —

1400 1695 1499 1742 Pro
1551 1694 1735 1756 sieeybis
1779 1694 2038 1759 legendum
2092 1695 2271 1758 sillybis
2319 1699 2422 1763 jam

292 1771 430 1830 erbis.
463 1771 522 1820 Id
547 1783 644 1830 est,
669 1773 723 1819 in
744 1790 796 1820 re
822 1784 1027 1837 utraque
1051 1770 1314 1820 artificiose
1401 1773 1659 1823 contendit
1681 1775 1844 1824 Graev.
1866 1790 2007 1839 supr.
2025 1775 2168 1838 epist.
2194 1782 2242 1830 4.
2265 1776 2363 1827 En.

944 2129 1551 2208 EPISTOLA
1622 2131 1771 2209 VI.

294 2298 528 2357 Lentuli
554 2271 800 2355 flaminis
826 2309 1070 2358 mortem
1108 2306 1168 2353 et
1189 2315 1305 2353 suae
1317 2295 1451 2353 vita».
1468 2294 1527 2353 in
1545 2294 1655 2353 hac
1670 2297 2117 2374 rep.foeditatem
2131 2301 2417 2380 deplorat.

374 2396 792 2465 Hortensiana,
837 2414 966 2472 quae
1021 2394 1245 2452 Atticus
1293 2393 1366 2451 ab
1416 2412 1488 2451 eo
1541 2392 1717 2452 scribi
1765 2396 2031 2454 voluerat
2058 2441 2075 2467 ‚
2126 2400 2422 2460 detrectat.

372 2492 692 2570 Epistolam
726 2490 799 2548 ad
833 2491 1144 2550 Lucceium
1176 2491 1424 2561 missam,
1463 2503 1530 2547 ut
1555 2490 1739 2568 legat,
1782 2504 1847 2549 ut
1873 2492 2110 2552 domum
2141 2517 2297 2554 suam
2327 2499 2423 2556 in-

374 2592 550 2660 visat,
583 2601 642 2646 et
669 2588 939 2647 Vestorio
983 2607 1089 2646 suo
1134 2587 1370 2647 nomine
1410 2586 1635 2664 aliquid
1677 2588 1980 2667 significet,
2024 2592 2192 2669 petit.
2235 2597 2423 2673 (Anno

372 2691 447 2746 U.
481 2690 547 2747 C.
581 2686 741 2762 697.)

963 2818 1272 2887 CICERO
1320 2804 1640 2884 ATTICO
1689 2820 1754 2885 s.

387 2952 495 3019 DE
532 2945 881 3018 Lentulo¹
913 2947 1181 3018 scilicet
1213 2950 1314 3019 sic
1348 2946 1504 3019 fero
1525 3003 1544 3037 ,
1593 2962 1671 3019 ut
1703 2949 1960 3021 debeo,
1998 2954 2255 3024 Virum
2284 2954 2418 3026 boa

292 3085 510 3145 num,
554 3071 627 3128 et
660 3082 998 3153 magnum
1039 3056 1449 3146 hominem,
1509 3074 1584 3130 et
1629 3059 1705 3129 in
1745 3084 2022 3131 summa
2074 3048 2427 3160 magnitu-

293 3169 463 3239 dine
483 3170 704 3239 animi
723 3166 951 3236 multa
973 3166 1415 3240 humanitate
1439 3183 1922 3266 temperatum
1944 3172 2425 3268 perdidimus3

294 3304 577 3375 nosque
620 3278 808 3348 malo
856 3275 1149 3364 solatio,
1197 3278 1321 3349 sed
1366 3280 1724 3351 nonnullo
1765 3294 2044 3369 tamen,
2097 3283 2426 3355 consola-

293 3415 491 3477 mur,
516 3390 720 3486 quod
749 3390 977 3485 ipsius
995 3389 1225 3458 vicem
1252 3389 1549 3460 minime
1570 3390 1928 3478 dolemus,
1966 3417 2118 3463 non
2137 3407 2220 3463 ut
2246 3399 2421 3466 Sau-

293 3498 477 3570 feius
510 3514 584 3570 et
616 3502 916 3585 vestri23
948 3499 1096 3567 imo
1119 3497 1414 3568 hercule
1438 3500 1609 3595 quia
1638 3503 1738 3569 sic
1772 3498 2058 3571 amabat
2083 3504 2385 3598 patriam
2404 3559 2423 3590 ,

298 3621 380 3677 ut
415 3607 594 3677 mihi
625 3608 872 3705 aliquo
912 3607 1219 3678 deorum
1246 3606 1605 3679 beneficio
1637 3608 1971 3681 'videatur
2008 3614 2097 3682 ex
2134 3612 2286 3708 ejus
2314 3615 2425 3685 in-

370 3804 414 3833 ι.
462 3786 682 3835 Lentulo.
730 3789 788 3834 1..
840 3785 1074 3844 Lentulo,
1122 3785 1316 3833 flamine
1405 3786 1522 3850 quia
1548 3786 1823 3844 Saufeium,
1851 3797 1899 3834 et
1925 3786 2137 3851 reliquos
2165 3772 2433 3854 Epicureos

292 3866 536 3923 Martiali,
559 3866 618 3913 de
639 3881 740 3929 quo
760 3882 839 3930 ep.
865 3874 931 3921 24
945 3901 961 3927 ,
978 3865 1066 3913 lib.
1087 3868 1135 3914 11
1152 3900 1167 3925 ‚
1187 3878 1237 3914 et
1255 3865 1315 3913 de
1402 3880 1678 3927 sequamur,
1699 3864 1786 3928 q'ui
1807 3865 1927 3913 nibil
1952 3865 2267 3935 dolere-soliti
2291 3882 2432 3926 sunt,

296 3946 619 4009 Haruspicum
638 3961 767 4009 resp.
794 3946 944 3993 Man.
1406 3943 1498 3990 nisi
1536 3944 1675 4006 quod
1711 3945 1773 3992 ad
1821 3947 1953 4009 ipsos
1996 3948 2237 4012 pertinet,
2276 3951 2428 3997 aliena

368 4040 415 4073 2.
444 4025 559 4072 Non
588 4036 643 4071 uc
665 4022 887 4087 Saufeius
916 4036 964 4071 ee
993 4024 1162 4072 vestri.
1198 4024 1316 4072 Non
1405 4040 1509 4070 non
1537 4034 1737 4082 curant;
1765 4023 1849 4071 sed
1874 4026 2169 4086 mehercule,
2194 4029 2306 4092 quia
2334 4029 2427 4074 mi-

292 4102 408 4151 ideo
449 4102 605 4150 vicem
642 4102 794 4167 ipsius
829 4103 1026 4151 minime
1061 4102 1315 4165 dolemus,
1409 4102 1535 4151 nime
1562 4102 1826 4152 dolendum
1854 4106 1956 4166 ejus
1982 4107 2180 4154 interitu
2207 4106 2424 4161 videtur,

1628 4344 1656 4371 Ο
