3023 4773
834 427 1386 513 EPISTOLAE,
1423 428 1587 513 XV,
1627 449 1734 522 17.
2226 428 2361 529 159

222 547 652 621 offendunt:
679 546 806 620 sed
821 562 1064 618 tamen
1083 602 1102 635 ,
1130 571 1363 645 quum
1383 572 1423 619 a
1448 572 1566 618 me
1585 546 1967 621 diseeduut
1986 604 2006 638 ,
2032 550 2360 652 flagitant

216 661 494 748 literas;
533 683 766 757 quum
805 658 893 730 ad
932 683 1050 730 me
1080 661 1421 747 veniunt,
1463 658 1698 729 nullas
1731 651 2068 733 afferunt.
2123 667 2362 761 Atque

219 771 285 841 id
321 773 573 868 ipsum
619 767 937 840 facerent
981 769 1475 857 commodius»,
1517 768 1574 839 si
1617 767 1798 839 mihi
1844 767 2118 868 aliquid
2150 776 2361 872 spatii

214 881 299 953 ad
320 878 796 953 scribendum
814 879 1104 950 darent:
1128 879 1250 951 sed
1273 883 1575 978 petasati
1593 880 1927 970 veniunt3
1955 885 2250 955 comites
2269 885 2364 957 ad

214 1009 506 1090 portam
546 1005 962 1094 exspectare
1000 990 1274 1062 dicunt.
1306 994 1495 1088 Ergo
1534 991 1861 1088 ignosces
1893 1017 1908 1061 t
1948 993 2203 1066 alteras
2239 995 2363 1066 ha-

212 1096 426 1169 bebis
442 1098 574 1169 has
593 1098 850 1169 breves
870 1108 932 1167 ¹:
964 1095 1090 1168 sed
1115 1112 1448 1195 exspecta
1462 1098 1712 1169 πάντα’
1743 1101 1878 1195 περὶ
1909 1101 2179 1172 πάντων.
2211 1105 2360 1174 Etsi

213 1208 393 1306 quid
437 1233 574 1305 ego
613 1232 730 1279 me
772 1208 907 1279 tibi
944 1232 1211 1305 purgo,
1249 1229 1479 1304 quum
1520 1208 1626 1278 tui
1668 1207 1757 1278 ad
1790 1214 1907 1279 me‘
1939 1208 2190 1281 inanes
2227 1236 2354 1282 ve-

209 1322 420 1392 niant
437 1374 455 1406 ,
478 1318 568 1390 ad
597 1333 668 1391 te
703 1343 871 1390 cum
896 1318 1216 1415 epistolis
1237 1318 1739 1389 revertantur?
1760 1322 1910 1388 Nos
1933 1316 2050 1387 hic
2073 1320 2357 1410 (tamen

207 1428 300 1500 ad
339 1444 416 1500 te
454 1428 763 1501 scribam
809 1427 1120 1525 aliquid)
1144 1424 1220 1496 P.
1255 1423 1284 1469 3
1349 1426 1617 1498 Sullam
1657 1442 1935 1525 patrem
1981 1442 2357 1499 mortuum

205 1538 686 1610 habebamus.
727 1539 867 1610 Alii
894 1563 933 1608 a
969 1536 1411 1624 latronibuS,
1450 1537 1568 1607 alii
1607 1535 1959 1608 cruditate
1993 1535 2358 1609 dicebant.

205 1650 540 1749 Populus
579 1674 733 1720 non
769 1645 1068 1720 curabat
1098 1677 1113 1719 ε
1158 1646 1624 1719 combustum
1660 1650 1855 1718 enim
1893 1672 2048 1719 esse
2080 1664 2362 1721 consta-

199 1758 350 1830 bat.
405 1765 565 1830 Hoc
604 1774 688 1830 tu
713 1813 732 1846 ,
773 1783 909 1856 pro
959 1759 1308 1856 sapientia
1350 1772 1513 1845 tua,
1568 1756 1755 1830 feres
1803 1783 2015 1856 aequo
2059 1760 2303 1830 animo
2337 1787 2353 1829 ε

202 1890 656 1963 quamquam
693 1869 1020 1961 πρόσωπον
1055 1865 1339 1946 ‘semma
1385 1864 1775 1935 amisimus,
1817 1868 2165 1935 Caesarem
2215 1891 2357 1964 pu-

202 1975 459 2047 tabant
498 1975 804 2047 moleste
836 1974 1151 2046 laturum
1174 2029 1193 2062 ,
1230 1989 1633 2061 verentem,
1663 1998 1758 2044 ne
1797 1972 2000 2045 hasta
2035 1974 2354 2047 refrixis-

203 2103 309 2158 set
324 2085 378 2156 ⁵.
420 2086 751 2157 Mindius
791 2084 1173 2155 Marcellus
1209 2098 1281 2154 et
1323 2072 1559 2154 Attius
1593 2085 2118 2180 pigmentarius
2146 2085 2355 2158 valde

201 2195 668 2294 gaudebant,
724 2219 802 2266 se
842 2190 1376 2266 adversarium⁶
1413 2191 1833 2290 perdidisse.
1872 2198 1982 2266 De
2011 2197 2356 2295 Hispania

270 2416 293 2450 ι
309 2438 323 2450 .
344 2402 552 2450 Alteras
583 2397 783 2448 habebis
802 2398 894 2447 luas
924 2399 1097 2447 breves.
1126 2398 1234 2446 Nos
1321 2397 1505 2446 infami.
1528 2397 1679 2459 Quod
1707 2409 1842 2463 putet
1864 2415 1929 2448 ex
1948 2399 2024 2447 his
2049 2401 2219 2461 literis,
2241 2408 2316 2453 Ix
2335 2440 2353 2467 ,

197 2492 428 2544 putamus
451 2482 657 2546 punctis
693 2479 818 2527 male
846 2479 1098 2527 distinctas
1131 2494 1235 2526 esse
1329 2491 1417 2536 10;
1439 2476 1500 2524 de
1522 2476 1668 2527 Offic.
1689 2480 1765 2540 11,
1793 2481 1840 2528 8.
1864 2479 1959 2527 Sed
1979 2488 2099 2529 tune
2119 2476 2355 2547 reponen-

198 2560 282 2609 hs
299 2563 552 2609 dictiones
569 2573 586 2608 z
613 2571 668 2608 ut
689 2559 835 2624 longe
856 2558 1099 2607 diversum
1125 2574 1234 2606 sen-
1324 2555 1440 2603 dum
1462 2567 1537 2605 est
1563 2559 1651 2604 «P.
1677 2558 1859 2606 Sullam
1877 2579 1899 2601 ι
1912 2596 1925 2609 .
1951 2561 2042 2611 Ευ.
2070 2587 2142 2598 -
2163 2565 2226 2611 D.
2246 2566 2355 2615 Sul-

196 2656 304 2687 snn
329 2656 435 2705 prae
462 2656 519 2687 se
550 2639 709 2688 ferant
743 2657 773 2687 a
799 2652 947 2697 vero,
982 2639 1077 2685 nisi
1104 2636 1234 2685 salli-

195 2736 326 2777 ειυς
356 2735 467 2767 non
513 2720 644 2766 enim
684 2717 871 2766 alteras
901 2715 1130 2775 habebis,
1158 2718 1235 2765 in·

194 2799 495 2863 telligimns,
531 2796 670 2862 quod
707 2798 825 2845 alias
857 2797 1104 2861 longiores
1136 2796 1237 2860 ple-

191 2879 462 2942 nioresque
504 2893 641 2925 nune
676 2876 992 2941 polliceatur,
1026 2874 1238 2939 ideoque

190 2959 411 3021 aquiore
437 2957 612 3004 animo
630 2956 751 3003 velit
770 2956 893 3003 ferre
911 2955 1050 3002 illum
1067 2953 1238 3003 harum

192 3036 531 3093 brevitatem3
552 3052 669 3083 nam
693 3034 749 3082 id
773 3033 942 3099 paullo
970 3045 1085 3099 post
1110 3034 1238 3099 large

190 3117 452 3179 promittit
488 3114 650 3163 verbis
685 3113 811 3174 inin,
846 3113 974 3161 «sed
1011 3125 1238 3178 exspecta

184 3196 365 3246 πέντε
390 3193 508 3263 περὶ
533 3193 726 3244 πάντων
742 3215 783 3243 ι.
813 3192 912 3242 Sed
931 3194 1120 3257 ignosci
1142 3194 1239 3241 sibi

186 3277 307 3324 vult
322 3311 339 3335 ‚
354 3275 500 3341 qnod
525 3275 605 3323 hae
631 3289 734 3321 non
754 3272 912 3321 solum
930 3272 1103 3319 breves
1123 3272 1237 3333 sint,

176 3356 277 3404 sed
294 3357 422 3404 alian
448 3356 601 3404 etiam
625 3364 740 3402 ante
764 3353 938 3400 breves
963 3352 1205 3416 acceperit
1219 3387 1235 3413 ,

174 3448 238 3484 ιιι
279 3438 371 3485 ha
411 3437 518 3485 sint
559 3435 660 3495 jam
706 3431 932 3481 secunde
979 3431 1131 3479 literae
1174 3431 1239 3480 ad

172 3532 303 3564 enm
337 3516 541 3579 scripte
565 3513 989 3561 bnamma-om

250 3613 319 3643 2-
350 3593 547 3644 Πάντα..
563 3594 740 3641 Omnia
759 3591 820 3640 de
847 3591 1103 3653 omnibus3
1128 3590 1238 3639 lon·

170 3677 425 3738 ghsimas
471 3673 642 3721 literas
694 3671 757 3720 de
801 3669 1030 3719 omnibus
1074 3671 1233 3719 rebus.

248 3838 309 3882 3.
334 3832 503 3896 vulg.
522 3834 585 3879 D.
605 3848 765 3880 errore
781 3830 1109 3879 librariorum.
1127 3829 1234 3877 Ad·

161 3926 327 3963 nont
366 3915 510 3962 J.v.
541 3914 597 3961 L.
628 3913 689 3961 ad
714 3912 768 3960 h.
791 3911 828 3958 l.
855 3926 959 3959 uon
983 3911 1063 3974 agi
1086 3909 1149 3958 de
1175 3926 1236 3958 eo

160 3996 346 4051 sana,
358 4008 465 4056 pro
482 4007 583 4054 quo
600 3992 851 4041 Ciceronis
868 3999 1022 4038 exstat
1048 3989 1234 4049 oratio;

159 4075 258 4122 sed
312 4074 394 4121 de
429 4069 645 4133 quodam
677 4071 825 4119 Suuae
865 4069 1117 4118 dictatoris
1150 4086 1235 4117 ne·

157 4167 295 4219 pote
346 4148 435 4199 ob
462 4148 654 4198 vendita
689 4150 1081 4215 proscriptorum
1106 4148 1235 4197 bona

1322 2636 1440 2684 lam.
1493 2637 1765 2700 Stephanus
1807 2638 2008 2703 Pighius
2059 2645 2251 2690 monuit
2300 2646 2352 2691 in

1323 2717 1476 2764 Fastis
1506 2717 1609 2764 suis
1643 2716 1706 2764 ad
1748 2734 1932 2767 aunum
1957 2721 2104 2769 Urbis
2144 2721 2357 2772 condita

1323 2796 1501 2846 DCCII
1526 2797 1782 2859 legendnm
1804 2797 1886 2846 hie
1912 2812 1962 2848 et
2000 2801 2126 2848 iufra
2152 2823 2178 2843 ιι
2193 2805 2257 2849 D.
2276 2805 2355 2851 Si·

1326 2875 1520 2923 lanum·
1538 2912 1551 2925 .
1576 2877 1920 2926 Germ—Sed
1944 2880 2142 2943 quaudo
2161 2880 2354 2941 lib.1x,

1326 2957 1469 3021 epist.
1510 2971 1574 3004 10
1595 2990 1610 3013 ,
1658 2954 1829 3003 iisdem
1881 2973 2024 3022 paeue
2073 2959 2238 3008 verbis
2290 2961 2351 3009 de

1326 3037 1381 3083 Ρ.
1401 3036 1533 3084 Sulla
1555 3052 1630 3083 res
1651 3035 1818 3084 eadem
1849 3048 2099 3097 narratur,
2129 3055 2234 3086 nou
2260 3040 2356 3088 du-

1326 3114 1434 3164 bito
1456 3118 1578 3181 quin
1613 3137 1639 3157 ι
1655 3117 1708 3164 Ρ.
1736 3114 1916 3162 Sullam
1931 3136 1953 3158 ι
1988 3115 2072 3164 hic
2095 3118 2356 3182 legendum

1327 3195 1408 3243 sit.
1430 3198 1649 3244 Eruitur.
1689 3219 1756 3229 —
1774 3195 1888 3241 Non
1916 3196 2143 3245 curabat.
2162 3198 2353 3263 Nempe

1327 3273 1388 3321 de
1433 3290 1606 3337 genere
1658 3273 1830 3321 mortis
1858 3286 1872 3321 τ
1900 3273 2067 3333 letus,
2111 3276 2248 3339 quod
2289 3278 2353 3327 de

1324 3364 1484 3401 morte
1520 3354 1734 3402 dubitari
1761 3356 1863 3416 jam
1899 3370 2001 3401 non
2027 3364 2235 3418 poterat.
2261 3359 2353 3407 En.

1356 3440 1360 3444 '
1401 3440 1446 3488 4.
1479 3431 1739 3500 Πρόσωπον
1761 3432 1962 3489 πόλεως.
2002 3434 2257 3496 Specimeu
2283 3437 2354 3484 ei·
2420 3433 2427 3441 ’

1326 3512 1505 3560 vitatis.
1531 3514 1711 3562 Ironia.
1733 3514 1918 3561 Revera
1940 3510 2209 3575 significat,
2234 3519 2353 3564 ami-

1325 3593 1474 3639 simus
1510 3591 1788 3649 hominem,
1835 3591 1965 3639 unde
2010 3592 2135 3640 scire
2183 3611 2351 3659 posses

1326 3688 1472 3736 quam
1497 3684 1727 3736 corrupta
1759 3671 1955 3719 civitate
1982 3681 2189 3722 utamur.
2226 3677 2275 3724 J.
2298 3680 2350 3728 F.

1325 3753 1493 3800 Giton.
1505 3775 1574 3788 —-·
1591 3753 1700 3799 Hoc
1718 3749 1897 3815 probat
1920 3749 2035 3798 Sch.
2055 3762 2104 3799 et
2119 3751 2352 3820 iutelligit

1327 3831 1389 3879 de
1431 3831 1565 3879 Sulla
1612 3840 1829 3878 mortuo.
1879 3831 2188 3894 Quamquam
2242 3836 2349 3885 scil.

1316 3927 1584 3975 personam
1600 3909 1805 3958 civitatis
1823 3910 2060 3958 illustrem
2083 3913 2353 3975 amisimus,

1326 4001 1379 4039 tu
1404 4003 1566 4040 tamen
1592 3989 1644 4037 id
1671 4005 1814 4053 aequo
1842 3992 2006 4038 animo
2022 3991 2164 4040 feres.
2184 3994 2277 4041 Eu.

1397 4071 1444 4118 5.
1467 4067 1771 4134 Rufi-ixisset.
1788 4069 1915 4117 Vide
1938 4068 2025 4116 lib.
2049 4072 2148 4127 lx,
2170 4085 2250 4132 ep.
2266 4086 2345 4120 xo.

1395 4150 1443 4195 6.
1480 4146 1845 4196 Adversas-ium.
1876 4151 1931 4196 In
1966 4147 2183 4196 emendis
2206 4149 2352 4195 Pom-
