3023 4773
541 408 1084 483 EPISTOLAE
1132 407 1271 475 AD
1322 401 1829 483 AT‘sICUM,
1867 397 2066 492 VII,
2121 391 2185 461 3.
2289 387 2428 466 651

299 541 519 624 tium,
553 549 682 607 aut
733 532 1095 618 Servium,
1145 526 1413 626 quibus
1455 534 1514 568 ¹¹
1567 539 1646 595 tu
1684 547 1761 594 es
1803 530 2235 600 contentus;
2306 512 2435 584 sed

299 647 569 746 aliquid
609 670 742 715 nos
773 642 991 714 vellet
1020 639 1234 710 nobis
1262 638 1560 735 dignum
1600 649 1673 705 et
1709 633 2017 710 sentire,
2063 640 2136 697 et
2181 621 2438 695 defen-

301 760 495 832 dere.
526 754 742 846 Quod
775 751 1073 851 quidem
1106 772 1389 848 agerem
1412 802 1431 834 ‚
1475 747 1536 817 si
1567 746 1853 823 liceret,
1888 739 2028 810 alio
2066 733 2322 819 modo,
2356 755 2439 801 ac

193 893 199 900 ·
303 892 503 944 nunc
539 862 901 962 agendum
934 874 1059 932 est.
1091 864 1201 930 De
1235 883 1364 940 sua
1382 854 1709 955 potentia
1725 850 2070 921 dimicant
2104 843 2444 914 homines

197 1008 202 1013 ·
306 978 447 1066 hoc
488 991 854 1072 tempore,
914 969 1242 1069 periculo
1281 969 1601 1039 civitatis.
1635 949 1896 1050 'Namj
1934 959 1991 1028 si
2033 951 2445 1051 respublica

305 1085 758 1170 defenditur;
799 1107 929 1153 cur
944 1105 1025 1153 ea
1051 1134 1071 1167 ‚
1092 1079 1395 1151 consule
1417 1082 1556 1148 isto
1576 1078 1733 1174 ipso
1752 1127 1772 1160 ‚
1807 1069 2097 1143 defensa
2122 1089 2270 1133 non
2296 1060 2453 1132 est?

306 1223 437 1270 cur
463 1221 597 1294 ego
620 1251 640 1282 ,
673 1199 748 1264 in
794 1192 1002 1288 cujus
1037 1214 1253 1262 causa
1296 1185 1710 1287 reipublicae
1747 1182 1937 1254 salus
1971 1171 2445 1257 consistebat,

307 1307 644 1388 defensus
681 1319 977 1404 postero
1018 1326 1210 1373 anno
1248 1325 1403 1371 non
1440 1300 1644 1370 sum?
1691 1319 1821 1367 cur
1861 1289 2250 1389 imperium
2295 1282 2393 1353 illi
2421 1335 2446 1370 ‚

304 1432 431 1504 aut
493 1442 624 1488 cur
680 1414 806 1486 illo
854 1412 1077 1484 modo
1130 1422 1601 1510 prorogatum
1649 1406 1813 1478 est?
1868 1426 1999 1473 cur
2065 1411 2442 1492 tantopere

308 1539 706 1624 pugnatum
744 1537 889 1610 est,
927 1536 1011 1593 ut
1057 1520 1148 1592 de
1192 1521 1348 1615 ejus
1407 1518 1724 1589 absentis
1786 1516 2067 1585 ratione
2110 1503 2447 1578 habenda

307 1635 561 1712 decem
609 1632 884 1704 tribuni
927 1630 1158 1729 plebis
1191 1629 1511 1701 ferrent?
1552 1629 1678 1698 His
1719 1626 1838 1710 ille
1875 1621 2096 1694 rebus
2131 1622 2228 1688 ita
2266 1640 2444 1687 con-

309 1745 572 1834 valuit,
604 1759 687 1815 ut
714 1768 911 1814 nunc
928 1744 1023 1810 ·in
1050 1766 1202 1811 uno
1227 1744 1362 1811 civi
1395 1764 1560 1838 spes
1594 1748 1654 1782 ¹²
1682 1735 1772 1808 ad
1798 1728 2282 1806 resistendum
2311 1726 2441 1794 sit:

312 1858 438 1952 qui
483 1854 803 1940 mallem,
839 1863 1073 1923 tantas
1111 1850 1177 1920 ei
1211 1852 1398 1920 vires
1435 1873 1585 1920 non
1612 1846 1957 1930 dedisset,
2004 1862 2221 1938 quam
2253 1857 2450 1904 nunc

316 1979 466 2035 tam
492 1963 759 2034 valenti
798 1962 1177 2033 resisteret.
1200 1959 1337 2030 Sed
1359 1962 1710 2055 quoniam
1738 1981 1853 2030 res
1880 1980 1968 2025 eo
1991 1950 2301 2023 deducta
2318 1958 2449 2020 est.

314 2094 464 2141 non
507 2093 854 2166 quaeram,
887 2082 968 2138 ut
1000 2065 1290 2151 scribis,
1326 2079 1447 2136 ποῦ
1478 2068 1708 2157 σκάφος
1734 2053 1792 2101 ¹³
1822 2067 1896 2133 τὸ
1936 2071 2057 2129 τῶν
2084 2048 2399 2146 Ᾰτρειδῶν
2429 2072 2445 2084 ·

313 2173 494 2262 ‚mihi
523 2177 751 2268 σκάφος
776 2197 1006 2245 unum
1030 2172 1197 2257 erit,
1226 2171 1427 2269 quod
1451 2195 1492 2240 a
1517 2169 1863 2265 Pompeio
1902 2157 2449 2262 gubernabitur.

303 2281 501 2372 ‘Illud
540 2291 818 2385 ipsum,
865 2282 1067 2381 quod
1109 2286 1247 2369 aiS‚
1283 2280 1460 2380 quid
1496 2278 1660 2365 fiet,
1698 2299 1926 2374 quum
1956 2275 2092 2344 erit
2125 2267 2395 2340 dictum
2435 2291 2450 2333 ε

316 2417 471 2489 nic,
514 2395 613 2461 M.
650 2391 940 2461 TuLmP
991 2394 1264 2484 σύντομα
1322 2385 1425 2471 ¹¹5,
1484 2392 1612 2458 CN.
1673 2388 1998 2454 Pompam
2053 2403 2456 2449 assmwmon.

315 2507 560 2601 Ipsum
622 2516 862 2573 tamen
919 2499 1343 2597 Pompeium
1404 2497 1783 2594 separatim
1841 2491 1930 2563 ad
1993 2488 2458 2561 concordiam

318 2612 686 2685 hortabor.
731 2613 847 2683 Sic
885 2614 1076 2709 enim
1116 2613 1390 2694 senti03
1456 2608 1772 2677 maximo
1820 2606 1898 2673 in
1935 2600 2260 2699 periculo
2303 2624 2457 2669 rem

316 2750 494 2803 esse.
540 2729 688 2794 Vos
729 2722 1000 2793 scilicet
1034 2721 1283 2819 plura,
1317 2721 1441 2814 qui
1484 2722 1560 2787 in
1597 2715 1796 2787 Urbe
1841 2716 2029 2784 estiS.
2076 2715 2458 2780 Verumta-

321 2860 488 2905 men
528 2833 672 2904 hoc
713 2832 923 2903 video
949 2887 966 2915 ‚
1011 2856 1178 2902 cum
1218 2829 1518 2899 homine
1576 2825 2050 2896 audacissimo
2106 2820 2462 2918 paratissi-

318 2967 590 3039 moque
642 2943 1015 3039 negotium
1080 2963 1275 3025 esse3
1326 2962 1582 3008 omnes
1612 2933 1672 2978 ¹5
1719 2935 2137 3017 damnatOS‚
2206 2953 2463 3000 omnes

321 3052 714 3149 ignominia
741 3050 1071 3138 affectos,
1116 3074 1371 3121 omnes
1416 3049 1881 3120 damnatione
1923 3042 2465 3139 ignominiaque

319 3162 578 3261 dignos
638 3161 809 3232 illuc
879 3158 1152 3248 facere,
1206 3184 1499 3231 omnem
1542 3156 1690 3229 fere
1744 3157 2204 3253 juventutem
2227 3205 2246 3238 ‚
2307 3174 2463 3221 om-

322 3433 504 3497 templo
530 3433 673 3481 Jovis
700 3428 969 3495 Capitolini
999 3429 1163 3492 posuit
1184 3463 1198 3484 ‚
1236 3444 1348 3475 cum
1516 3431 1598 3477 13.
1621 3430 1720 3477 Ποῦ
1740 3423 1935 3490 σκάφος.
1960 3422 2052 3470 Ubi
2068 3419 2312 3485 navigium
2331 3419 2469 3465 Atri-

319 3511 410 3559 hae
456 3512 810 3575 inscriptione:
858 3510 1102 3557 CVSTOS
1144 3509 1353 3557 VRBIS.
1437 3507 1616 3555 darum
1637 3513 1665 3553 Ρ
1697 3510 1809 3555 Hoc
1835 3515 1935 3561 est,
1970 3518 2074 3549 non
2108 3516 2352 3563 quaeram,
2377 3498 2464 3546 ubi

322 3592 414 3654 Ep.
440 3593 527 3639 33.
555 3593 701 3639 Mu.
1440 3588 1596 3636 tutius
1622 3602 1724 3634 esse
1751 3584 1963 3648 possim,
1993 3592 2048 3629 ut
2076 3581 2128 3627 in
2159 3578 2464 3626 Achivorum

395 3689 417 3720 1
432 3691 476 3722 1.
499 3674 695 3736 Quibus.
716 3672 970 3721 Volcatius
990 3670 1163 3719 Tullus
1181 3681 1229 3718 et
1248 3674 1351 3720 Ser.
1440 3667 1590 3713 classe
1611 3665 1848 3713 tutissima
1865 3664 2002 3710 navis
2025 3657 2401 3723 Agamemnonis
2417 3666 2468 3702 et

320 3753 563 3816 Sulpicius
578 3787 592 3809 ,
641 3752 865 3800 homines
913 3750 1194 3799 consulares
1207 3785 1223 3808 ‚
1264 3750 1353 3813 qui
1440 3745 1658 3794 Menelai
1684 3743 1980 3791 Atridarum.

321 3849 372 3879 se
399 3843 619 3879 neutram
642 3831 695 3878 iu
712 3842 901 3895 partem
921 3830 1062 3877 valde
1083 3828 1350 3889 jactabant.
1519 3840 1538 3870 1
1553 3833 1599 3880 4.
1615 3822 1846 3887 Σόντομα.
1863 3819 2036 3867 Paucis
2054 3816 2226 3866 verbis.
2246 3818 2467 3876 Respon-

402 3926 478 3958 υ.
507 3911 637 3972 Spu.
658 3911 739 3958 Al.
757 3926 851 3957 res.
884 3912 980 3958 Res
1004 3909 1084 3956 hic
1110 3906 1352 3973 significat
1441 3902 1568 3950 debo
1588 3901 1774 3950 consuli
1807 3899 2026 3963 roganti,
2046 3896 2303 3945 Assentior
2322 3895 2470 3941 Pom·

326 3988 599 4036 facultatem
612 4023 628 4045 ‚
666 4004 785 4052 opes
827 3988 891 4035 ad
937 3988 1256 4037 resistendum
1298 3987 1352 4034 in
1440 3982 1572 4047 pei0.

326 4084 427 4115 nno
443 4067 553 4115 cive
566 4067 831 4130 Pompeio,
855 4067 942 4130 qui
969 4067 1103 4116 solus
1130 4068 1351 4116 resistere
1521 4063 1600 4109 15.
1637 4063 1829 4108 Omnes.
1865 4057 2049 4122 supple
2069 4091 2083 4112 ‚
2123 4061 2317 4127 oportet
2340 4084 2355 4106 ,
2382 4046 2469 4095 de·
2568 4056 2576 4065 “

326 4156 517 4227 poterat
537 4146 730 4196 Caeuri.
755 4150 954 4229 Portu.
1441 4141 1573 4188 bent.
1599 4167 1667 4176 —-
1695 4139 1836 4187 Illuc.
1856 4137 1981 4195 Alii,
2003 4137 2136 4184 illac.
2156 4137 2203 4183 J.
2224 4134 2286 4176 V·
2308 4131 2361 4175 L·
