3023 4773
503 352 1021 428 EPISTOLAE
1072 355 1200 421 An
1250 353 1761 441 ATT1cuM,
1811 358 1970 443 111,
2023 362 2134 443 24.
2236 361 2379 446 465

266 478 565 549 modom
604 477 864 575 potuit.
913 481 1022 544 Ita
1056 491 1347 558 vereor,
1402 498 1492 543 ne
1539 487 1609 544 et
1645 473 1877 546 studia
1919 475 2382 550 tribunorum

267 582 746 672 amittes-imus,
784 598 891 668 et,
929 584 987 652 si
1027 583 1260 683 studia
1299 596 1657 667 maneant,
1695 585 2011 655 vinclum
2048 578 2229 658 illud
2258 589 2404 661 ad-‘

263 696 804 793 jungendorum
819 692 1193 767 consulum
1221 693 1553 763 amissum
1578 693 1689 762 sit.
1707 694 1998 764 Accedit
2014 696 2209 767 aliud
2230 722 2381 770 non

264 831 569 903 parvum
617 799 1200 904 incommodum,
1264 800 1467 899 quod
1521 802 1751 897 gravis
1795 802 1915 873 illa
1962 807 2249 902 opini0,
2303 825 2384 881 ut

265 911 564 1010 quidem
614 906 703 982 ad
753 935 887 981 nos
942 907 1472 1009 perferebatur,
1533 926 1862 982 senatum
1911 914 2091 984 nibil
2140 914 2384 989 decer-

162 1071 167 1074 2
263 1020 516 1094 nere¹3
552 1037 745 1107 ante,
781 1042 998 1116 quam
1042 1017 1133 1089 de
1171 1018 1383 1089 nobis
1419 1034 1658 1090 actum
1700 1035 1917 1107 esset,
1954 1023 2209 1095 amissa
2247 1043 2386 1114 est,

264 1132 659 1229 praesertim
698 1131 772 1198 in
826 1152 908 1198 ea
958 1131 1271 1216 causa14,
1313 1153 1473 1224 quae
1523 1152 1676 1199 non
1722 1130 1942 1201 modo
1992 1123 2388 1207 necessaria

261 1266 410 1311 non
434 1239 603 1327 fuit,
629 1238 754 1310 sed
777 1240 990 1309 etiam
1020 1238 1354 1308 inusitata
1377 1261 1459 1307 ac
1484 1262 1692 1308 nova.
1726 1242 1981 1336 Neque
2001 1244 2194 1313 enim
2219 1269 2380 1314 um-

264 1375 483 1446 quam
510 1348 821 1419 arbitror
857 1360 1145 1417 ornatas
1177 1370 1330 1417 esse
1368 1347 1767 1443 provincias
1810 1347 2384 1445 designatorum:

264 1475 375 1544 ut,
412 1484 636 1555 quum
679 1461 754 1527 in
787 1456 929 1527 hoc
964 1455 1083 1526 illa
1104 1458 1550 1543 constantia,
1587 1481 1747 1553 quae
1785 1474 1937 1528 erat
1977 1484 2134 1531 mea
2174 1487 2385 1534 causa

265 1583 591 1666 suscepta
611 1623 630 1653 ,
656 1568 1033 1637 imminuta
1054 1569 1179 1653 sit,
1206 1557 1384 1635 nihil
1408 1566 1554 1662 ja'm
1579 1563 1802 1664 possit
1817 1557 1876 1611 ¹⁵
1898 1594 2047 1639 non
2068 1569 2379 1642 decerni.

264 1682 388 1764 Iis,
417 1678 505 1748 ad
546 1701 730 1775 quos
758 1674 1064 1746 relatum
1108 1690 1213 1745 est
1236 1672 1321 1763 ¹⁶,
1370 1678 1614 1747 amicis
1650 1677 2035 1775 placuisse,
2071 1706 2220 1751 non
2261 1684 2386 1752 mi-

263 1813 450 1857 rum.
501 1791 668 1857 Erat
719 1788 911 1854 enim
967 1782 1259 1855 difficile
1311 1789 1669 1884 reperire,
1726 1791 1851 1885 qui
1893 1805 2143 1860 contra
2190 1806 2387 1864 tanta

262 1894 643 1966 commoda
678 1892 989 1964 duorum
1031 1894 1408 1964 consulum
1443 1898 1678 1992 palam
1715 1901 2145 1970 sententiam
2191 1900 2383 1973 dice·

261 2022 395 2076 ret.
427 2009 589 2073 Fuit
613 2003 913 2072 omniuo
945 2000 1233 2072 difficile
1255 2025 1403 2072 non
1436 2004 1783 2105 obsequi,
1819 2008 1926 2077 ve'l
1961 2011 2387 2081 amicissimo

264 2112 575 2197 homini,
613 2108 960 2193 Lentulo,
998 2107 1108 2179 vel
1136 2105 1463 2213 Metello,
1501 2115 1631 2208 qui
1668 2116 2100 2189 simultatem
2133 2119 2388 2190 huma-

263 2222 555 2292 nissime
598 2219 1097 2317 deponerem.
1156 2219 1291 2323 Sed
1349 2235 1634 2310 vereor,
1697 2248 1828 2310 ne,
1884 2225 2017 2296 hos
2073 2228 2384 2323 quum¹⁸

339 2433 421 2465 ω.
444 2416 592 2464 Nullo
619 2415 783 2462 modo.
815 2414 942 2476 Quia
963 2414 1147 2462 tribuni
1177 2415 1277 2478 ple-

261 2500 364 2554 bis,
391 2512 542 2560 quum
569 2495 647 2542 lex
676 2494 738 2541 de
766 2494 1029 2556 provinciis
1050 2496 1277 2541 consula-

262 2577 397 2623 ribus
408 2575 471 2623 ad
490 2574 727 2638 populum
752 2574 1280 2631 ferretur,intercedere

261 2656 548 2719 potuissent.
565 2658 677 2716 Quo
696 2662 827 2700 metu
841 2652 1064 2699 consules
1081 2650 1145 2698 ad
1167 2667 1284 2700 con-

262 2733 501 2793 ciliandos
535 2732 630 2779 sibi
662 2731 883 2779 tribunos
919 2732 1082 2777 omnia
1118 2741 1280 2777 nostra

263 2827 403 2861 causa
430 2810 677 2871 fecissent,
706 2811 748 2857 si
796 2808 856 2856 de
884 2807 1027 2855 nobis
1063 2806 1201 2872 prius
1228 2810 1281 2854 iu

261 2903 463 2950 senatu,
488 2907 631 2954 quam
656 2889 715 2936 de
740 2887 1278 2953 provinciis,ageretur.

260 2972 407 3017 Nunc
450 2970 596 3017 video
638 2978 800 3015 vestro
825 2981 1064 3013 consensu
1097 2966 1278 3013 factum

261 3066 365 3096 esse
380 3084 394 3108 ,
416 3049 550 3111 prius
575 3056 629 3093 ut
652 3055 874 3107 ageretur
909 3043 971 3090 de
997 3043 1275 3106 provinciis.

158 3167 163 3173 .
261 3131 283 3175 1
291 3139 337 3175 ta
362 3144 517 3190 neque
530 3127 629 3187 jam
650 3120 872 3171 consules
894 3134 1109 3170 tenemus
1131 3136 1144 3170 z
1170 3119 1279 3184 qui-

261 3209 354 3255 bus
370 3242 384 3264 ‚
406 3205 535 3252 nulla
561 3220 690 3251 nunc
710 3200 991 3249 necessitate
1017 3198 1281 3258 obstrictis,

256 3287 463 3334 liberum
483 3296 555 3331 est
577 3281 818 3346 quidquid
839 3279 1037 3327 volunt:
1059 3291 1107 3326 et
1130 3278 1278 3326 tribu-

261 3382 352 3413 nos
369 3365 440 3429 pl.
460 3378 611 3427 quum
634 3360 741 3422 jure
759 3374 1039 3407 succensere
1060 3367 1281 3420 possent,

263 3460 435 3491 vereor
462 3459 521 3489 ne
547 3434 861 3488 amiseriinus.
893 3438 1034 3484 Man.
1050 3462 1119 3471 —-
1136 3439 1282 3484 Hunc

260 3532 441 3572 metum
479 3536 655 3567 vanum
692 3520 835 3566 fuisse
870 3526 1071 3564 eventus
1095 3512 1281 3562 docuit.

340 3604 418 3650 13.
450 3598 594 3648 Nihil
615 3598 883 3646 decernere.
907 3597 1033 3645 Nam
1052 3609 1280 3657 quacum·

261 3698 358 3745 que
386 3679 446 3727 de
472 3695 525 3725 re
557 3693 680 3726 coss.
707 3676 908 3724 verbum
933 3674 1089 3720 facere
1126 3688 1281 3735 coepe-

263 3771 375 3808 runt
389 3792 403 3815 ‚
423 3767 506 3804 ant
529 3757 703 3803 referre
724 3756 786 3802 ad
805 3764 1047 3812 senatum,
1076 3762 1280 3798 cunctus

258 3839 385 3886 ordo
404 3836 627 3884 reclamat
644 3852 658 3892 ;
684 3834 993 3896 ostenditque
1014 3829 1137 3877 nihil
1154 3845 1278 3877 coss.

258 3933 365 3964 esse
389 3925 586 3963 acturos
601 3949 615 3972 ‚
653 3914 747 3961 uisi
784 3915 917 3978 prius
942 3911 1002 3959 de
1041 3926 1118 3956 me
1160 3909 1281 3956 mse-

261 4007 384 4043 rant.
411 3998 547 4043 Orat.
576 3994 626 4040 in
656 3992 754 4041 Pis.
780 4001 894 4055 post
927 3990 1029 4039 red.
1054 3989 1106 4037 in
1128 3997 1279 4037 senat.

262 4085 313 4121 et
341 4089 431 4137 pro
455 4074 586 4120 Sext.
606 4072 766 4121 Coun.

507 4163 598 4228 II.
637 4173 727 4219 ca'c.
746 4188 855 4233 pars
884 4180 1063 4233 quarta.

1445 2427 1524 2473 14.
1553 2416 1823 2466 Prcesertt‘m
1853 2419 1903 2466 in
1932 2435 1992 2466 ea
2017 2436 2188 2470 causa.
2213 2425 2287 2471 De
2306 2439 2386 2472 or-

1368 2498 1540 2544 nandis
1574 2499 1859 2562 provinciis.
1886 2501 2034 2547 Inus.

1447 2578 1505 2623 15
1513 2570 1526 2623 .’
1555 2578 1700 2625 Nihil
1718 2578 1826 2640 jam
1863 2578 2023 2642 possit
2048 2597 2143 2627 mm
2173 2580 2383 2631 decerni.

1368 2657 1474 2702 Jam
1491 2655 1612 2701 nihil
1626 2657 1739 2712 erit,
1757 2657 1891 2720 quod
1908 2669 2088 2707 nostrae
2106 2676 2262 2708 causae
2281 2676 2382 2709 uon

1368 2745 1705 2796 anteponatur.
1737 2736 1885 2783 ΜΛΝ.

1445 2804 1524 2852 16.
1558 2804 1639 2849 Ad
1662 2821 1781 2867 quos
1799 2806 2002 2852 relatum
2030 2818 2114 2854 est.
2136 2810 2275 2869 Quos
2293 2809 2383 2856 hac

1367 2882 1429 2930 de
1456 2899 1506 2930 re
1542 2884 1790 2930 consultos
1813 2899 1843 2929 a
1868 2884 2012 2931 uobis
2050 2898 2151 2932 esse
2188 2888 2375 2934 scribis.

1367 2964 1586 3009 Innu.—-
1601 2961 1680 3008 sic
1697 2964 1891 3008 Gruter.
1912 2963 2105 3012 Lallem.
2135 2979 2251 3010 vero
2268 2975 2382 3027 post

1364 3041 1488 3088 alios
1511 3040 1685 3096 habet,
1714 3042 1825 3085 Iam
1851 3038 1948 3096 Itis,
1975 3042 2047 3087 ad
2069 3058 2189 3104 quos
2214 3060 2257 3090 r.
2277 3044 2385 3090 vul·

1366 3131 1523 3183 galam
1558 3118 1673 3166 olim
1700 3117 1971 3167 lectionem.
1997 3119 2186 3165 Deinde
2211 3120 2383 3181 habet,

1366 3216 1463 3246 non
1490 3199 1663 3246 mirum
1688 3198 1765 3245 sle.
1782 3200 1978 3246 Gruter.
1995 3215 2091 3244 non
2112 3198 2282 3246 mitum
2296 3212 2381 3250 est.

1366 3281 1414 3327 J.
1436 3280 1841 3409 Y{.I.3·}mu1mtem
1870 3346 2209 3395 humanissime
2234 3348 2381 3413 depo-

1367 3438 1516 3479 neret.
1544 3429 1601 3473 In
1623 3424 1871 3475 tribunatu
1894 3437 2164 3488 susceptam
2179 3460 2193 3486 ,
2215 3438 2292 3490 ep.
2315 3444 2343 3474 2
2367 3464 2382 3488 ,

1366 3506 1452 3554 lib.
1467 3510 1531 3562 V,
1546 3505 1606 3552 ad
1627 3505 1745 3552 Div.
1768 3504 2005 3567 Deposuit
2021 3515 2180 3551 autem
2207 3520 2307 3553 eam
2329 3508 2380 3554 in

1369 3584 1551 3648 templo
1565 3586 1596 3631 J
1598 3583 1727 3641 ovis,
1748 3593 1998 3646 permotus
2019 3598 2172 3644 quum
2190 3596 2382 3634 senatus

1365 3663 1687 3720 auctoritate,
1717 3672 1818 3708 tum
1855 3661 1908 3707 P.
1931 3661 2120 3708 Servilii
2148 3664 2380 3726 gravitate

1365 3742 1579 3790 dicendi.
1605 3743 1741 3788 Orat.
1770 3739 1832 3787 de
1875 3740 2099 3787 provinc.
2142 3742 2292 3790 Cous.
2330 3745 2384 3791 in

1368 3823 1463 3871 Pis.
1490 3832 1537 3867 et
1565 3830 1676 3883 post
1703 3817 1804 3865 red.
1830 3818 1883 3864 in
1901 3829 2050 3866 senat.
2077 3816 2239 3870 Coun.

1446 3902 1526 3949 18.
1564 3897 1718 3947 Abest
1745 3912 1934 3960 «quum
1956 3919 1999 3945 n.
2029 3898 2237 3948 Addidit
2261 3903 2375 3951 Em.

1369 3998 1430 4029 ex
1453 3979 1533 4027 ed.
1560 3979 1594 4025 J
1596 3994 1698 4025 ens.
1722 3975 1822 4023 Hos
1850 3986 2037 4023 tantum
2072 3980 2281 4041 pertinet
2318 3980 2380 4027 ad

1367 4058 1555 4109 Metell.
1582 4055 1663 4105 Ad
1680 4056 1794 4103 Div.
1809 4055 1873 4112 V,
1900 4062 1949 4109 4.
1971 4057 2063 4105 En.
2180 4069 2184 4073 ’

2099 4139 2190 4209 30
