3023 4773
602 395 699 488 94
1251 392 1348 458 M.
1400 391 1477 457 T.
1534 390 2087 459 CICERONIS

598 516 745 612 pit,
782 509 1280 583 acerbissimos
1319 508 1608 580 dolores
1649 510 2117 606 miseriasque
2165 511 2512 609 percepit.
2558 516 2741 604 Quae

594 630 696 713 si,
732 638 814 694 ut
858 638 938 693 tu
981 619 1276 709 scribi5‚
1317 617 1466 694 fato
1520 619 1702 694 facta
1747 635 2117 719 putarem,
2174 619 2439 693 ferrem
2487 624 2733 722 paullo

560 735 877 807 'facilius
917 758 932 802 ε
975 729 1102 802 sed
1148 733 1391 804 omnia
1434 744 1609 800 sunt
1660 756 1820 802 mea
1878 731 2091 830 culpa
2135 733 2549 820 commissa,
2602 738 2735 830 qni

594 847 688 919 ab
737 845 848 915 his
890 867 1005 918 me
1043 844 1264 916 amari
1312 840 1692 939 putabam,
1739 843 1867 938 qui
1901 840 2364 929 invidebant3
2411 869 2533 914 eos
2580 869 2735 915 non

593 955 972 1056 sequebar,
1007 957 1136 1053 qui
1174 951 1519 1050 petebant
1537 950 1589 1023 ³.
1627 952 1844 1043 Quod
1883 953 1943 1026 si
1979 955 2242 1024 nostris
2273 953 2586 1024 consiliis
2617 959 2734 1025 usi

592 1090 946 1153 essemuS‚
984 1088 1224 1160 neque
1248 1063 1446 1162 apud
1478 1087 1616 1133 nos
1651 1076 1934 1132 tantum
1972 1062 2309 1134 valuisset
2340 1088 2576 1135 sermo
2606 1081 2735 1135 aut

591 1178 982 1250 stultorum
1041 1174 1481 1257 amicorum,
1548 1186 1673 1243 aut
1733 1170 2278 1269 improborum,
2340 1170 2734 1243 beatissimi

588 1290 1011 1358 viveremus.
1058 1286 1309 1371 Nunc,
1353 1307 1582 1379 quum
1608 1285 1638 1332 4
1674 1307 1962 1381 sperare
2009 1307 2144 1353 nos
2179 1285 2386 1354 amici
2425 1282 2684 1380 jubent
2709 1339 2732 1369 ‚

588 1396 779 1469 dabo
817 1418 1151 1492 operam,
1186 1418 1278 1464 ne
1319 1417 1480 1464 mea
1521 1391 1843 1464 valitudo
1896 1405 2025 1463 tuo
2072 1392 2304 1465 labori
2347 1392 2551 1466 desit.
2588 1399 2735 1465 Res

589 1521 862 1603 quanta
888 1504 1014 1592 sit,
1046 1502 1406 1599 intellig03
1435 1516 1862 1600 quantoque
1881 1501 2097 1575 fuerit
2129 1502 2404 1575 facilius
2438 1527 2736 1577 manere

591 1617 830 1703 domi,
866 1619 1110 1711 'quam
1156 1612 1416 1684 redire.
1466 1612 1609 1684 Sed
1655 1628 1934 1704 tamen,
1991 1615 2051 1684 si
2096 1640 2351 1686 omnes
2394 1613 2735 1687 tribunos

588 1726 823 1826 plebis
859 1723 1254 1812 habemuS‚
1298 1725 1357 1795 si
1399 1724 1790 1795 Lentulum
1832 1739 1979 1795 tam
2017 1724 2424 1796 studiosum
2449 1781 2467 1815 ,
2506 1750 2730 1823 quam

588 1837 914 1925 videtur,
965 1838 1022 1905 si
1064 1859 1240 1905 vero
1289 1836 1503 1905 etiam
1560 1837 1989 1932 Pompeium
2032 1849 2105 1906 et
2138 1838 2522 1923 Caesarem,
2576 1861 2731 1906 non

584 1963 697 2021 'est
740 1944 1296 2046 desperandum.
1354 1948 1462 2015 De
1520 1942 1858 2030 familia5,
1910 1970 2060 2041 quo
2109 1944 2331 2016 modo
2377 1945 2732 2042 placuisse

586 2057 834 2128 amicis
879 2051 1165 2139 scribis.
1205 2051 1570 2124 faciemus.
1632 2057 1739 2124 De
1781 2052 1972 2141 loco,
2013 2079 2211 2126 nunc
2248 2055 2540 2153 quidem
2574 2054 2730 2149 jam

586 2167 761 2238 abiit
801 2163 1243 2262 pestilentia3
1302 2163 1429 2234 sed
1482 2164 1831 2262 quamdiu
1872 2165 2051 2254 fuit,
2104 2190 2219 2236 me
2271 2191 2424 2236 non
2467 2167 2727 2263 attigit.

584 2271 987 2362 Plancius⁶,
1004 2273 1229 2344 homo
1248 2272 1850 2362 officiosissimuS‚
1886 2301 2001 2352 me
2036 2278 2239 2374 cupit
2258 2300 2411 2347 esse
2438 2300 2725 2348 secum.

585 2406 656 2462 et
680 2385 920 2458 adhuc
943 2389 1227 2455 retinet.
1261 2388 1443 2480 Ego
1446 2384 1779 2457 volebam
1801 2367 1962 2459 loco
1998 2389 2221 2485 magis
2252 2388 2535 2459 deserto
2568 2410 2728 2458 esse

581 2503 659 2569 in
691 2499 940 2596 Epir0,
968 2520 1117 2591 quo
1155 2520 1397 2591 neque
1429 2499 1693 2593 Hispo⁷
1731 2500 2047 2583 veniret,
2094 2524 2227 2570 nec
2261 2500 2558 2585 milites;
2592 2498 2727 2569 sed

580 2609 820 2683 adhuc
879 2604 1211 2677 Plancius
1275 2629 1389 2674 mc
1440 2609 1720 2677 retinet.
1786 2611 2041 2705 Sperat
2098 2633 2310 2706 posse
2372 2607 2566 2695 fieri,
2636 2622 2729 2678 ut

582 2744 870 2793 mecum
899 2720 972 2787 in
1009 2715 1284 2785 Italiam
1320 2714 1639 2788 decedat.
1668 2720 1907 2808 Quem
1937 2743 2073 2815 ego
2103 2718 2295 2788 diem
2334 2720 2391 2789 si
2429 2717 2678 2789 videro
2703 2771 2726 2804 ‚

580 2846 654 2907 et
679 2832 739 2902 si
766 2831 841 2899 in
868 2840 1186 2896 vestrum
1212 2825 1675 2923 complexum
1707 2853 1975 2899 venero
1994 2882 2013 2915 ,
2038 2854 2121 2900 ac
2149 2833 2205 2900 si
2232 2843 2303 2900 et
2326 2854 2480 2914 VOS,
2509 2843 2579 2901 et
2602 2853 2724 2899 me

582 2946 823 3041 ipsum
861 2960 1331 3035 recuperar03
1366 2938 1535 3006 satis
1567 2962 1914 3036 magnum
1951 2939 2129 3009 mihi
2165 2938 2483 3011 fructum
2518 2938 2722 3010 vide-

575 3182 822 3219 octavnm.
861 3165 1020 3213 Natus
1059 3165 1191 3212 enim
1227 3173 1331 3210 erat
1370 3162 1517 3211 Cotta
1555 3173 1603 3209 et
1690 3164 1819 3212 Vide
1845 3177 1897 3212 et
1925 3181 2033 3213 enm
2066 3176 2179 3230 post
2214 3164 2422 3214 reditum
2456 3165 2509 3213 in
2546 3178 2722 3215 senatu

577 3254 833 3312 Torquato
860 3260 987 3294 coss.
1011 3254 1069 3291 ut
1094 3259 1158 3290 ex
1184 3241 1326 3305 epist.
1350 3256 1400 3300 r,
1439 3242 1525 3291 lib.
1550 3244 1601 3301 1,

534 3339 541 3345 '
575 3329 639 3377 ad
662 3333 765 3377 Ant.
786 3327 901 3377 licet
923 3322 1209 3386 intelligere.
1233 3322 1385 3371 Mur.

652 3409 699 3455 3.
740 3407 835 3470 Qui
861 3404 1116 3468 petebant.
1152 3403 1192 3449 1.
1233 3417 1275 3448 e.
1312 3400 1605 3464 expetebant

580 3505 681 3543 me,
708 3497 758 3533 et
788 3484 1049 3532 amicitiam
1075 3496 1245 3529 meam.
1260 3481 1494 3528 Caesarem
1511 3497 1604 3544 po·

579 3568 678 3614 tim
697 3561 932 3627 significat
949 3599 964 3622 ,
988 3578 1015 3609 ι
1038 3575 1141 3625 qno
1165 3558 1258 3606 sibl
1286 3559 1500 3606 oblatam
1531 3559 1603 3607 le·-

576 3646 823 3711 gationem
871 3652 1155 3705 uper-natus
1196 3649 1314 3687 erat.
1369 3641 1486 3688 Seu.
1530 3666 1604 3677 -

652 3733 699 3781 4.
719 3722 817 3769 Alii
844 3721 964 3768 MSS
977 3752 991 3777 ,
1009 3719 1230 3783 quando.
1248 3720 1300 3767 J.
1316 3721 1378 3767 V.
1394 3721 1448 3766 L.

647 3807 694 3852 5.
737 3804 811 3849 De
838 3798 1063 3864 familia.
1123 3802 1197 3846 De
1244 3800 1396 3846 servis
1412 3835 1426 3859 ‚
1468 3815 1597 3863 quos

571 3894 743 3950 postea
768 3878 1015 3935 liberavit,
1048 3879 1231 3926 veritus
1252 3895 1313 3925 ne
1332 3894 1443 3926 cum
1466 3890 1593 3927 cete·

571 3967 637 4013 ris
665 3961 809 4010 bonis
837 3957 1213 4021 publicarentur.
1238 3961 1332 4023 Ep.
1369 3968 1419 4015 4.
1441 3961 1594 4009 Man.

639 4042 689 4090 6.
712 4038 955 4089 PIancius.
986 4039 1074 4086 Cn.
1099 4038 1351 4098 Plancius,
1377 4050 1594 4104 quaestor

564 4127 618 4173 in
636 4118 924 4173 Macedonia
946 4131 960 4167 ε
991 4133 1083 4181 pro
1106 4133 1206 4181 quo
1223 4129 1382 4167 exstat
1409 4121 1589 4168 oratio.

1689 3243 1925 3292 habitam.
1946 3247 2101 3295 Iun«.
2142 3288 2146 3293 .

1767 3341 1814 3385 7.
1843 3325 2017 3389 Hispo.
2041 3325 2136 3374 uic
2155 3325 2385 3377 nonnulli
2400 3336 2583 3375 vetere·
2600 3325 2721 3378 libri

1690 3404 1872 3453 habent
1898 3404 2002 3467 ipso
2018 3422 2036 3451 :
2060 3404 2142 3452 alii
2161 3438 2177 3462 ,
2215 3404 2316 3469 ipse
2336 3422 2354 3451 .·
2381 3406 2601 3475 quinque
2621 3423 2720 3454 uo-

1690 3484 1795 3542 stri,
1816 3483 1980 3547 Hispo.
1995 3485 2071 3531 Ex
2091 3483 2181 3532 hac
2201 3485 2432 3533 varietate
2453 3484 2718 3549 legendnm

1689 3564 1891 3613 sortasse
1910 3564 2056 3620 Piso,
2093 3565 2171 3611 vel
2198 3566 2368 3629 potius
2397 3565 2498 3629 Ipse
2516 3581 2534 3611 :
2560 3575 2614 3611 nt
2650 3566 2719 3615 de

1689 3642 1860 3695 eodem
1879 3644 2171 3709 accipiatur:
2191 3647 2332 3709 cujus
2349 3661 2531 3695 nomon
2549 3646 2719 3715 omitti,

1689 3724 1877 3786 potnit,
1904 3739 2056 3786 quum
2084 3725 2318 3771 Terentiae
2345 3725 2524 3783 literis,
2552 3727 2604 3772 1..
2628 3725 2715 3772 Pi·

1682 3817 1848 3848 sonem
1864 3835 1878 3860 ,
1901 3804 2126 3852 Ciceroni
2149 3803 2396 3851 inimicum
2418 3838 2434 3863 ‚
2472 3806 2575 3864 ejus
2591 3807 2713 3852 unni

1682 3879 1956 3938 consulem,
1988 3881 2049 3929 ed
2077 3881 2417 3933 Macedoniam
2449 3882 2714 3946 regendam

1681 3958 1966 4025 propediem
2026 3962 2206 4009 iturum
2280 3960 2672 4026 significantibus
2697 4000 2713 4023 ‚

1680 4040 2013 4103 responderet.
2061 4042 2350 4100 Nominum,
2394 4043 2482 4105 qui
2532 4044 2714 4092 consul

1680 4119 1838 4168 adhuc
1876 4132 2003 4183 erat,
2044 4135 2146 4167 non
2188 4119 2416 4170 audebat.
2455 4124 2607 4170 Innx.
2637 4150 2711 4161 —-
