3023 4773
637 395 777 476 [μο
1263 395 1358 461 Μ.
1404 395 1480 460 Τ.
1538 395 2122 464 CICERONIS

636 515 1136 610 suspirassent‚
1182 528 1431 610 postea
1462 515 1610 608 jam
1647 539 1966 611 gemere,
2015 516 2104 587 ad
2137 530 2545 588 extremum
2583 543 2763 591 vero

637 624 840 719 loqui
877 648 1129 694 omnes
1165 637 1236 693 et
1268 623 1576 697 clamare
1604 639 2004 722 coeperunt.
2040 628 2294 722 Itaque
2329 625 2452 697 ille
2485 628 2761 700 amicus

634 736 950 822 nossa-4,
995 732 1312 804 insolens
1342 731 1684 820 infamiae,
1722 757 2008 832 semper
2035 735 2112 830 „in
2157 732 2369 804 laude
2403 749 2759 822 versatus,

634 841 1854 939 circumfluensgloria,deformatus
1869 840 2756 941 corpore,fractusanimo‚

634 977 784 1049 quo
820 977 894 1023 se
939 952 1264 1024 conferat
1299 954 1565 1038 nescit3
1595 976 2048 1050 progressum
2095 955 2531 1050 praecipitem
2547 951 2596 1040 ⁵,
2642 957 2756 1024 in-

633 1077 1081 1134 constantem
1116 1063 1425 1133 reditum
1465 1061 1693 1149 videt3
1715 1061 1951 1135 bonos
1972 1065 2299 1134 inimicos
2326 1063 2577 1150 habet,
2614 1066 2749 1133 im-

633 1172 905 1269 probos
952 1177 1146 1270 ipsos
1197 1198 1347 1243 non
1398 1177 1685 1243 amicos,
1737 1181 1838 1243 Ac
1884 1171 2047 1244 vide
2096 1173 2470 1244 mollitiem
2513 1174 2753 1244 animi.

626 1288 790 1354 Non
826 1285 1028 1353 tenni
1066 1282 1446 1377 lacrymaS‚
1498 1308 1724 1379 quum
1763 1284 1966 1354 illum
2016 1299 2181 1372 ante
2230 1310 2358 1354 vm
2394 1282 2535 1355 kal.
2577 1300 2753 1355 sext.

632 1392 774 1462 vidi
801 1391 891 1463 de
922 1390 1171 1484 edictis
1205 1391 1442 1464 Bibuli
1472 1397 2022 1466 concionantem
2057 1423 2073 1465 :
2111 1397 2241 1492 qui
2268 1410 2477 1466 antea
2505 1395 2756 1466 solitus

632 1515 818 1572 esset
843 1502 1111 1596 jactare
1140 1528 1214 1573 se
1240 1501 1941 1600 magnificentissime
1977 1504 2101 1576 illo
2133 1506 2209 1576 in
2237 1505 2400 1576 loco
2419 1553 2437 1590 ‚
2470 1527 2756 1576 summo

633 1636 801 1683 cum
826 1637 1068 1684 amore
1100 1613 1385 1710 populi,
1412 1615 1692 1683 cunctis
1716 1611 2121 1685 faventibus
2139 1667 2159 1698 ‚
2189 1628 2273 1683 ut
2298 1613 2416 1684 ille
2442 1627 2601 1684 tum
2626 1613 2756 1684 hu-

634 1721 861 1810 milis,
928 1737 1007 1792 ut
1058 1721 1408 1793 demissus
1455 1721 1647 1793 erat!
1689 1738 1770 1793 ut
1810 1727 1962 1822 ipse
2013 1726 2225 1794 etiam
2269 1723 2432 1807 sibi,
2480 1749 2628 1795 non
2672 1727 2755 1793 iis

635 1830 907 1916 solum,
955 1834 1082 1928 qui
1124 1829 1447 1918 aderant,
1502 1831 1961 1932 displicebat!
2001 1838 2064 1904 O
2103 1834 2588 1931 spectaculum
2631 1839 2752 1904 uni

632 1939 931 2013 Crasso⁶
972 1942 1415 2036 jucundum,
1455 1944 1707 2014 ceteris
1746 1969 1895 2014 non
1942 1942 2151 2014 item!
2186 1968 2387 2030 nam,
2427 1946 2592 2040 qui⁷
2631 1941 2755 2014 de-

634 2051 905 2123 ciderat
942 2075 1030 2121 ex
1083 2055 1287 2122 astris
1314 2105 1332 2135 ‚
1379 2053 1621 2151 lapsus
1650 2107 1668 2137 ‚
1740 2078 1954 2150 quam
2007 2076 2462 2150 progressus,
2520 2053 2759 2149 potius

632 2161 1030 2232 videbatur.
1061 2165 1176 2248 Et,
1211 2176 1293 2231 ut
1321 2163 1643 2260 Apelles,
1690 2166 1748 2234 si
1776 2170 2132 2235 Venerem
2150 2158 2206 2249 ⁸,
2243 2178 2366 2234 aut
2403 2165 2461 2233 si
2495 2165 2758 2233 Proto·

633 2293 850 2366 genes
902 2270 1259 2366 Ialysum9
1308 2271 1509 2341 illum
1562 2297 1770 2344 suum
1831 2298 2028 2343 caeno
2081 2272 2388 2344 oblitum
2450 2271 2756 2358 videret,

632 2403 1007 2477 magnum,
1068 2381 1319 2463 credo,
1372 2388 1726 2481 acciperet
1768 2382 2093 2457 dolorem
2134 2397 2152 2453 't
2198 2389 2297 2455 sic
2338 2409 2474 2481 ego
2523 2381 2757 2468 hunc,

633 2491 974 2562 omnibus
1012 2518 1050 2563 a
1088 2517 1205 2563 me
1244 2499 1519 2589 pictum
1548 2510 1619 2565 et
1659 2494 1967 2592 politum
2003 2499 2173 2565 artis
2202 2493 2603 2578 coloribus,
2639 2518 2760 2565 su-

628 2601 786 2673 bito
821 2600 1302 2674 deformatum
1336 2630 1488 2674 non
1535 2608 1686 2676 sine
1709 2630 1969 2701 magno
2003 2604 2254 2675 dolore
2293 2603 2458 2674 vidi.
2492 2606 2759 2693 Quam-

628 2730 847 2809 quam
874 2738 1090 2783 nemo
1116 2713 1450 2809 putabat,
1484 2730 1781 2812 propter
1805 2714 2315 2797 Clodianum>¹⁰
2346 2717 2715 2807 negotium
2734 2767 2754 2798 ‚

633 2846 750 2892 me
780 2822 881 2892 illi
924 2825 1416 2899 amicumesse
1447 2823 1713 2896 debere
1747 2854 1761 2895 ε
1804 2841 2041 2895 tamen
2081 2838 2326 2894 tantus
2352 2821 2490 2893 fuit
2523 2847 2759 2908 amor,

632 2946 714 3002 ut
756 2931 1118 3011 exhauriri
1165 2934 1362 3004 nulla
1407 2950 1654 3030 posset
1687 2936 1972 3028 injuria.
2022 2939 2276 3030 Itaque
2315 2931 2760 3002 Archilochia

627 3043 702 3111 in
739 3042 942 3111 illum
986 3042 1288 3113 edicta¹¹
1333 3042 1566 3113 Bibuli
1611 3044 1888 3142 populo
1935 3046 2032 3113 ita
2074 3056 2244 3112 sunt
2281 3041 2631 3135 jucunda,
2677 3054 2755 3110 ut

630 3244 708 3292 vel
721 3245 822 3292 sine
836 3260 902 3301 se,
914 3243 1172 3306 legendum
1187 3244 1403 3306 putabat.
1418 3244 1540 3293 Nam
1552 3261 1650 3307 spe-

632 3342 687 3372 m
710 3335 757 3372 et
778 3340 885 3371 cum
905 3323 1152 3386 praeterito
1172 3324 1410 3385 jungitur.
1437 3325 1487 3371 J.
1507 3327 1574 3371 V.
1598 3325 1648 3369 L.

1742 3245 2110 3300 reconciliatus,
2136 3244 2350 3291 animum
2380 3253 2540 3291 tamen
2578 3255 2761 3307 gereret

1740 3324 1927 3372 occulta
1950 3322 2276 3372 malivolentia
2293 3322 2550 3371 suffusum.
2577 3323 2718 3369 Mur.

632 3430 702 3441 -—-
720 3404 838 3449 Esse
856 3417 1147 3449 conversum.
1169 3401 1348 3449 Eadem
1369 3402 1649 3466 metaphora

633 3498 748 3530 usus
762 3492 836 3529 est
853 3496 998 3546 supra
1016 3496 1092 3544 ep.
1116 3495 1165 3542 9.
1188 3481 1276 3527 En.

705 3572 753 3619 4.
787 3559 979 3608 Ame'cus
997 3571 1171 3607 noster.
1200 3559 1474 3623 Pompeius.
1505 3560 1646 3607 Mu«.

705 3642 751 3686 5.
779 3643 1087 3704 progressum
1103 3638 1417 3702 proecipitem.
1449 3642 1505 3686 1n
1532 3655 1650 3685 con·

630 3718 940 3783 spirationem
959 3736 1070 3766 eum
1096 3715 1283 3767 Ctesare
1301 3727 1349 3765 et
1371 3719 1574 3767 Crasso:
1597 3720 1646 3765 in

628 3814 771 3860 quam
809 3814 859 3844 se
888 3808 1062 3844 temere
1091 3798 1475 3862 praecipitaverat
1503 3812 1516 3844 ε
1558 3814 1649 3844 nec

629 3877 732 3924 sine
766 3877 1103 3924 inconstantiae
1129 3890 1243 3925 nota
1279 3877 1340 3925 sb
1377 3893 1430 3924 es
1456 3887 1649 3940 poterut

630 3955 870 4005 recedere.
901 3957 1090 4004 Portu.

695 4035 749 4083 ὃ.
784 4033 878 4080 Um·
899 4033 1086 4081 Crasso.
1117 4037 1243 4097 Qui,
1269 4035 1486 4099 Pompeii
1514 4045 1648 4082 vetus

629 4116 880 4168 inimicus,
921 4112 1085 4175 paullo
1122 4124 1232 4162 ante
1264 4114 1463 4162 Ceut-is
1502 4130 1649 4177 opera

1815 3421 1862 3463 7.
1893 3403 2021 3460 Alii,
2051 3401 2184 3467 quia.
2207 3402 2260 3449 J.
2281 3401 2345 3448 V.
2374 3404 2431 3448 L.

1813 3482 1864 3529 8.
1891 3485 2137 3529 Venerem.
2168 3481 2354 3543 Nempe
2380 3472 2552 3529 Coum.
2581 3481 2670 3526 En.

1812 3577 1862 3622 9.
1899 3560 2131 3622 lab-sum.
2173 3559 2299 3605 Solis
2325 3569 2550 3622 nepotem
2568 3592 2582 3615 ,
2612 3573 2750 3619 quem

1741 3642 2038 3703 Protogenes
2062 3637 2272 3687 Rhodiis
2297 3639 2523 3701 pinxerat
2545 3651 2559 3684 ε
2580 3653 2670 3699 qua
2700 3634 2757 3681 de

1739 3719 1901 3766 tabula
1931 3716 2059 3767 Gell.
2094 3718 2210 3777 XV,
2250 3719 2331 3763 31.
2362 3718 2479 3764 Jun.
2516 3716 2567 3762 iu
2605 3714 2755 3762 Cstsl.

1738 3797 1908 3845 srtilic.
1923 3797 2249 3845 Martinivsr.
2271 3799 2406 3844 Lect.
2428 3796 2518 3851 lv,
2542 3809 2624 3842 ao.
2644 3794 2752 3839 Sca.

1816 3893 1892 3924 to.
1943 3876 2248 3924 Clodianum.
2297 3875 2459 3935 Quum
2500 3873 2647 3920 fuerit
2682 3870 2756 3917 ille

1743 3955 1996 4003 traductor
2018 3954 2178 4002 Clodii
2209 3954 2269 4000 ad
2295 3953 2505 4017 plebem.
2528 3954 2693 3999 Coss.

1817 4050 1834 4081 ι
1852 4049 1892 4082 1.
1954 4032 2266 4082 Archilochia
2309 4032 2487 4079 edicta.
2536 4028 2721 4079 Acerba
2740 4061 2751 4081 ‚

1737 4112 2106 4162 maledictorum
2119 4123 2166 4159 et
2181 4111 2472 4176 probrorum
2488 4109 2754 4174 plsns,qm·
