3023 4773
435 399 446 411 ’
529 404 1087 473 EPISTOLAE
1139 405 1278 472 AD
1337 403 2047 490 ATTICUM,VI‚
2098 428 2168 500 9.
2270 404 2414 480 635

290 546 551 620 magno
601 522 847 594 dolori.
871 537 976 594 est
1016 522 1282 618 (dilexi
1319 525 1514 595 enim
1553 524 1926 597 hominem
1952 522 1982 618 )
2009 578 2033 612 ,
2073 549 2418 621 procura,

288 632 954 728 quantulacumque
991 647 1096 704 est
1117 686 1137 720 ‚
1194 635 1625 706 Praecianam
1662 632 2173 725 hereditatem,
2209 661 2420 735 pror-

290 766 412 813 sus
449 742 569 814 ille
615 769 707 814 ne
744 745 1067 840 attingat.
1109 746 1353 829 DiceS,
1397 768 1737 816 nummos
1768 743 1947 814 mihi
1971 742 2005 790 ὅ
2052 769 2240 843 opus
2270 771 2425 819 esse

290 851 377 921 ad
417 867 833 951 apparatum
867 854 1212 953 triumphi
1254 880 1268 922 ε
1304 856 1377 924 in
1406 879 1589 951 quo,
1636 868 1716 925 ut
1741 857 2105 955 praecipiS,
2135 880 2270 927 nec
2305 881 2423 927 me

290 963 455 1029 κενὸν
485 971 510 1015 7
563 962 637 1030 in
684 959 1088 1058 expetendo
1140 984 1564 1058 cognosceS,
1623 985 1756 1032 nec
1806 962 2062 1058 ἄτυφον·
2096 964 2173 1033 in
2238 960 2420 1057 abji-

291 1068 574 1141 ciendo.
625 1070 951 1141 Intellexi
996 1096 1083 1142 ex
1127 1075 1270 1141 tuis
1320 1071 1587 1158 literis,
1636 1085 1707 1142 te
1751 1096 1840 1142 ex
1884 1076 2251 1144 Turannio
2301 1097 2426 1143 au-

292 1176 520 1264 disse,
571 1202 613 1248 a
661 1205 776 1250 me
821 1181 1263 1277 provinciam
1310 1178 1508 1251 fratri
1562 1179 1917 1282 traditam.
1972 1183 2244 1255 Adeon'
2288 1208 2435 1280 ego

291 1310 441 1357 non
512 1312 1019 1387 perspexeram
1091 1291 1554 1388 prudentiam
1630 1291 1999 1364 literarum
2078 1308 2365 1363 tuarum
2398 1292 2428 1361 ?

291 1381 546 1489 Επέχειν
567 1392 596 1437 ⁸
630 1409 702 1466 te
740 1394 1104 1468 scribebas
1124 1408 1179 1466 9.
1202 1397 1393 1486 Quid
1417 1411 1570 1468 erat
1606 1395 2061 1469 dubitatione
2089 1396 2389 1494 dignum
2409 1451 2428 1482 ‚

294 1508 351 1573 si
383 1519 568 1575 esset
582 1503 1012 1603 quidquam,
1049 1532 1179 1578 cur
1216 1507 1532 1606 placeret
1572 1505 1904 1596 fratrem,
1932 1523 2004 1579 et
2026 1508 2241 1580 talem
2280 1505 2424 1579 fra-

293 1625 477 1681 trem
502 1665 521 1700 ,
554 1610 923 1708 relinqui?
974 1614 1254 1697 ἀθέτησις
1295 1625 1361 1660 ¹⁰
1402 1614 1538 1685 ista
1585 1614 1763 1684 mihi
1799 1628 1956 1699 tua,
1994 1640 2144 1685 non
2185 1620 2378 1709 ἐποχὴ
2404 1671 2423 1701 ,

295 1720 698 1793 videbatur.
739 1722 1091 1793 Monebas
1145 1722 1235 1794 de
1279 1727 1369 1814 Q.
1415 1726 1761 1796 Cicerone
1808 1748 2072 1821 puer0,
2124 1738 2208 1794 ut
2257 1749 2426 1795 eum

295 1825 589 1923 quidem
619 1830 1044 1924 neutiquam
1086 1826 1595 1925 relinquerem.
1637 1835 1877 1925 Τούμὸν
1915 1834 2135 1926 ὄνειρον
2166 1832 2223 1863 ¹¹
2266 1830 2423 1925 ἐμοί.

294 1935 559 2008 Eadem
580 1939 860 2036 omniau,
888 1938 1092 2034 quasi
1110 1936 1510 2034 colloquuti
1537 1939 2228 2024 essemus‚vidimus.
2259 1943 2429 2011 Non
2463 1927 2466 1930 ⁷

296 2041 433 2114 suit
460 2041 871 2113 faciendum
901 2043 1140 2130 aliter,
1172 2068 1434 2139 meque
1464 2045 1776 2139 ἐπιχρονία
1803 2058 1862 2091 ¹²
1899 2052 2093 2141 ἐποχῆ
2136 2060 2261 2115 tua
2299 2046 2429 2115 du-

295 2152 652 2223 bitatione
690 2152 1039 2225 liberavit.
1091 2152 1225 2224 Sed
1283 2167 1461 2249 puto
1516 2169 1588 2224 te
1633 2159 1989 2251 accepisse
2031 2156 2122 2226 de
2171 2155 2306 2226 hac
2348 2179 2426 2226 rc

298 2263 672 2359 epistolam
689 2318 708 2349 ,
733 2265 1069 2361 scriptam
1091 2266 1507 2335 accuratius.
1534 2269 1686 2361 Ego
1707 2264 2114 2337 tabellarios
2137 2281 2429 2364 postero

298 2371 536 2444 die‘ad
567 2398 698 2445 vos
735 2398 929 2444 eram
956 2376 1348 2463 missuruS,
1391 2400 1578 2472 quos
1618 2390 1801 2473 puto
1845 2392 2011 2448 ante
2052 2393 2432 2459 venturoS,

299 2509 516 2582 quam
561 2499 887 2557 nostrum
917 2484 1300 2556 Saufeium.
1336 2485 1475 2556 Sed
1517 2511 1684 2557 eum
1714 2486 1866 2558 sine
1894 2489 2068 2559 meis
2096 2488 2314 2559 literis
2342 2489 2430 2559 ad

301 2613 370 2667 te
413 2599 699 2682 venire,
740 2598 855 2666 vix
896 2612 1170 2667 rectum
1199 2610 1369 2667 erat.
1403 2602 1514 2667 Tu
1549 2596 1760 2682 mihi,
1798 2612 1880 2668 ut
1907 2598 2300 2695 polliceris,
2341 2598 2431 2669 de

297 2707 601 2779 Tulliola
658 2732 855 2795 mea,
902 2708 974 2777 id
1026 2723 1173 2791 est,
1218 2707 1309 2778 de
1362 2705 1776 2793 Dolabella,
1834 2708 2274 2809 perscribam
2339 2708 2432 2779 de

300 2815 700 2913 republica,
748 2841 964 2913 quam
1014 2815 1369 2913 praevideo
1429 2818 1501 2887 in
1561 2820 1859 2888 summis
1924 2819 2297 2915 periculis;
2343 2818 2433 2890 de

301 2923 757 3009 censoribus,
796 2928 1249 3023 maximeque
1285 2926 1374 2998 de
1408 2928 1628 3023 signis
1653 2982 1672 3012 ,
1707 2927 1970 2998 tabulis
1992 2982 2011 3009 ‚
2063 2927 2237 3025 quid
2274 2927 2432 3010 fiat,

301 3031 747 3104 referaturne
785 3032 868 3103 ¹³.
921 3034 1168 3108 Idibus
1220 3035 1498 3109 octobr.
1548 3037 1676 3107 has
1725 3037 1892 3108 dedi
1955 3038 2237 3109 literas:
2284 3065 2434 3136 quo

373 3244 422 3292 6.
445 3248 476 3294 J
481 3244 649 3303 unius,
675 3261 702 3292 e
741 3244 933 3293 duobus
954 3246 1207 3296 codicibus
1233 3250 1324 3296 1²·-
1489 3249 1568 3296 13.
1605 3247 1938 3313 Beseratume.
1977 3250 2024 3296 A
2063 3249 2346 3298 censoribus
2371 3252 2432 3299 ad

302 3323 497 3386 latinis,
542 3323 702 3371 «mihi
746 3340 849 3371 esse
868 3347 908 3370 »-
953 3326 1071 3374 Non
1107 3328 1224 3375 satin
1253 3330 1322 3375 rei
1410 3337 1656 3386 senatum,
1675 3337 1729 3374 ut
1756 3328 1805 3373 S.
1853 3328 1910 3377 C.
1934 3325 2020 3375 flat
2047 3327 2109 3375 de
2145 3340 2342 3391 sumptu
2369 3331 2435 3378 si-

302 3414 695 3451 conseutnneum.
713 3405 830 3451 J.V.
847 3405 901 3453 L.
1411 3424 1618 3473 gnon-um
1657 3420 1706 3455 et
1733 3407 2005 3456 tabularum
2034 3409 2322 3458 coercendo.
2350 3411 2431 3459 Ad

377 3497 423 3543 7.
439 3480 597 3531 Κενόν.
617 3485 830 3530 Inanem.
846 3468 1164 3549 qumnsine
1177 3485 1319 3534 fastu.
1410 3486 1525 3532 Div.
1548 3485 1633 3532 lib.
1658 3487 1808 3546 vm,
1832 3487 1978 3550 epist.
2009 3494 2085 3541 ¹4·
2109 3488 2435 3539 Mun—No-

376 3561 426 3607 8.
446 3549 663 3624 Ῑέπίχιιν.
686 3562 950 3610 Assensum
976 3566 1228 3612 sustinere.
1409 3567 1523 3626 atri,
1548 3563 1849 3629 Refer-antur.
1870 3566 1937 3612 Ut
1961 3574 2086 3629 puto
2102 3600 2117 3623 ,
2137 3566 2323 3617 melina.
2343 3572 2431 3617 So-

375 3655 425 3702 9.
449 3639 529 3688 Al.
559 3657 586 3687 c
605 3642 730 3688 Mss
756 3643 936 3702 conjic.
960 3654 1035 3689 cer
1046 3643 1288 3691 scribebas
1305 3677 1320 3702 ,
1409 3642 1574 3690 lebant
1598 3645 1729 3691 enim
1762 3642 1957 3701 aediles,
1988 3643 2174 3690 tabulas
2201 3646 2434 3712 signaque

306 3718 382 3766 vel
411 3716 791 3767 interscribebas.
817 3724 864 3770 J.
894 3723 955 3771 V.
985 3725 1037 3770 L.
1411 3733 1459 3769 et
1477 3722 1568 3770 alia
1603 3733 1884 3770 ornamenta
1905 3739 1933 3769 a
1972 3723 2251 3771 civitatibus
2287 3737 2433 3790 atque

380 3813 457 3846 to.
486 3783 717 3854 Ᾰθέττισις.
736 3800 1053 3864 Improbatiu.
1410 3799 1687 3871 bospitibus
1704 3813 1880 3849 mutuo
1899 3800 2140 3865 accipere,
2169 3803 2232 3851 ad
2251 3807 2436 3870 magni-

382 3892 401 3923 1
419 3893 463 3926 1.
490 3874 671 3942 Τοὺμὸν
693 3874 861 3944 ὄνειρον
882 3878 1001 3946 ἐμοί.
1024 3882 1187 3927 Meum
1205 3880 1325 3928 mihi
1411 3879 1659 3928 licentiam
1687 3891 2009 3943 ornatumque
2036 3880 2265 3929 ludorum
2283 3918 2298 3943 ,
2326 3902 2435 3948 quae

306 3956 540 4003 somnium
560 3973 579 4002 .-
599 3954 835 4018 subaudi,
855 3960 1110 4008 narrabas.
1415 3970 1580 4022 postea
1636 3959 1847 4006 dominis
1890 3958 2136 4009 referenda
2186 3976 2429 4014 curarent.

382 4050 462 4083 12.
487 4024 761 4102 ἑπιχρονία.
798 4036 1042 4085 Diuturna
1069 4049 1155 4086 tua
1181 4038 1323 4086 dubi·
1414 4038 1628 4100 Quidam
1654 4050 1841 4098 tamen,
1863 4047 1918 4088 ut
1941 4037 1997 4086 fit
2010 4074 2028 4099 ,
2062 4056 2146 4102 per
2169 4040 2435 4096 simulatio.-

307 4114 428 4163 taeio
454 4115 592 4175 fecit,
615 4125 667 4163 ut
691 4132 790 4164 non
812 4118 1019 4182 amplius
1037 4117 1321 4168 dubitarem.
1413 4135 1524 4168 nem
1540 4118 1783 4167 aedilitatis
1799 4128 1997 4183 accepta
2010 4151 2025 4178 ,
2044 4117 2242 4167 domum
2260 4119 2437 4171 deinde
