<?xml version="1.0" encoding="UTF-8"?>
<!DOCTYPE html PUBLIC "-//W3C//DTD XHTML 1.0 Transitional//EN"
    "http://www.w3.org/TR/xhtml1/DTD/xhtml1-transitional.dtd">
<html xmlns="http://www.w3.org/1999/xhtml" xml:lang="en" lang="en">
 <head>
  <title>
</title>
<meta http-equiv="Content-Type" content="text/html;charset=utf-8" />
  <meta name='ocr-system' content='tesseract 3.04.00' />
  <meta name='ocr-capabilities' content='ocr_page ocr_carea ocr_par ocr_line ocrx_word'/>
</head>
<body>
  <div class='ocr_page' id='page_1' title='image "./mtciceronisquae01bouigoog_0610.png"; bbox 0 0 3023 4773; ppageno 0'>
   <div class='ocr_carea' id='block_1_1' title="bbox 689 389 2161 484">
    <p class='ocr_par' dir='ltr' id='par_1_1' title="bbox 689 389 2161 484">
     <span class='ocr_line' id='line_1_1' title="bbox 689 389 2161 484; baseline -0.007 -20"><span class='ocrx_word' id='word_1_1' title='bbox 689 393 833 464; x_wconf 84' lang='lat'><strong>600</strong></span> <span class='ocrx_word' id='word_1_2' title='bbox 1336 396 1448 484; x_wconf 17' lang='lat' dir='ltr'><strong>M..</strong></span> <span class='ocrx_word' id='word_1_3' title='bbox 1482 394 1559 459; x_wconf 88' lang='lat' dir='ltr'><strong>T.</strong></span> <span class='ocrx_word' id='word_1_4' title='bbox 1614 389 2161 460; x_wconf 78' lang='lat' dir='ltr'>CICERONIS</span> 
     </span>
    </p>
   </div>
   <div class='ocr_carea' id='block_1_2' title="bbox 685 505 2823 2140">
    <p class='ocr_par' dir='ltr' id='par_1_2' title="bbox 685 505 2822 1700">
     <span class='ocr_line' id='line_1_2' title="bbox 787 505 2818 603; baseline -0.005 -18"><span class='ocrx_word' id='word_1_5' title='bbox 787 518 894 585; x_wconf 90' lang='lat' dir='ltr'><strong>De</strong></span> <span class='ocrx_word' id='word_1_6' title='bbox 942 512 1170 583; x_wconf 88' lang='lat' dir='ltr'><strong>Tullia</strong></span> <span class='ocrx_word' id='word_1_7' title='bbox 1217 536 1376 582; x_wconf 86' lang='lat' dir='ltr'><strong>mea</strong></span> <span class='ocrx_word' id='word_1_8' title='bbox 1431 510 1563 582; x_wconf 89' lang='lat' dir='ltr'><strong>tibi</strong></span> <span class='ocrx_word' id='word_1_9' title='bbox 1622 511 2005 597; x_wconf 84' lang='lat' dir='ltr'><strong>assentior3</strong></span> <span class='ocrx_word' id='word_1_10' title='bbox 2048 508 2443 603; x_wconf 84' lang='lat' dir='ltr'>scripsique</span> <span class='ocrx_word' id='word_1_11' title='bbox 2480 505 2572 575; x_wconf 90' lang='lat' dir='ltr'><strong>ad</strong></span> <span class='ocrx_word' id='word_1_12' title='bbox 2613 529 2818 590; x_wconf 84' lang='lat' dir='ltr'><strong>eam,</strong></span> 
     </span>
     <span class='ocr_line' id='line_1_3' title="bbox 693 615 2819 719; baseline -0.005 -24"><span class='ocrx_word' id='word_1_13' title='bbox 693 639 763 696; x_wconf 92' lang='lat' dir='ltr'><strong>et</strong></span> <span class='ocrx_word' id='word_1_14' title='bbox 790 622 876 693; x_wconf 90' lang='lat' dir='ltr'><strong>ad</strong></span> <span class='ocrx_word' id='word_1_15' title='bbox 912 626 1348 710; x_wconf 85' lang='lat' dir='ltr'><strong>Terentiam,</strong></span> <span class='ocrx_word' id='word_1_16' title='bbox 1390 622 1560 691; x_wconf 86' lang='lat' dir='ltr'><strong>mihi</strong></span> <span class='ocrx_word' id='word_1_17' title='bbox 1598 621 1879 719; x_wconf 90' lang='lat' dir='ltr'><strong>placere</strong></span> <span class='ocrx_word' id='word_1_18' title='bbox 1897 615 1984 688; x_wconf 76' lang='lat'><strong>3⁸.</strong></span> <span class='ocrx_word' id='word_1_19' title='bbox 2021 623 2130 689; x_wconf 91' lang='lat' dir='ltr'><strong>Tu</strong></span> <span class='ocrx_word' id='word_1_20' title='bbox 2167 620 2360 688; x_wconf 90' lang='lat' dir='ltr'><strong>enim</strong></span> <span class='ocrx_word' id='word_1_21' title='bbox 2393 615 2482 686; x_wconf 87' lang='lat' dir='ltr'><strong>ad</strong></span> <span class='ocrx_word' id='word_1_22' title='bbox 2517 641 2642 686; x_wconf 91' lang='lat' dir='ltr'><strong>me</strong></span> <span class='ocrx_word' id='word_1_23' title='bbox 2671 619 2819 710; x_wconf 89' lang='lat' dir='ltr'><strong>jam</strong></span> 
     </span>
     <span class='ocr_line' id='line_1_4' title="bbox 691 724 2822 828; baseline -0.004 -26"><span class='ocrx_word' id='word_1_24' title='bbox 691 746 857 803; x_wconf 89' lang='lat' dir='ltr'><strong>ante</strong></span> <span class='ocrx_word' id='word_1_25' title='bbox 889 734 1303 828; x_wconf 78' lang='lat' dir='ltr'><strong>scripseras,</strong></span> <span class='ocrx_word' id='word_1_26' title='bbox 1336 760 1369 795; x_wconf 73' lang='lat' dir='ltr'><strong>a</strong></span> <span class='ocrx_word' id='word_1_27' title='bbox 1398 755 1479 801; x_wconf 91' lang='lat' dir='ltr'><strong>ac</strong></span> <span class='ocrx_word' id='word_1_28' title='bbox 1515 729 1770 801; x_wconf 86' lang='lat' dir='ltr'><strong>vellem</strong></span> <span class='ocrx_word' id='word_1_29' title='bbox 1794 745 1863 801; x_wconf 89' lang='lat' dir='ltr'><strong>te</strong></span> <span class='ocrx_word' id='word_1_30' title='bbox 1897 733 1973 798; x_wconf 90' lang='lat' dir='ltr'><strong>in</strong></span> <span class='ocrx_word' id='word_1_31' title='bbox 1993 744 2201 799; x_wconf 92' lang='lat' dir='ltr'><strong>tuum</strong></span> <span class='ocrx_word' id='word_1_32' title='bbox 2240 741 2551 798; x_wconf 86' lang='lat' dir='ltr'><strong>veterem</strong></span> <span class='ocrx_word' id='word_1_33' title='bbox 2572 724 2645 783; x_wconf 73' lang='grc' dir='ltr'><strong>Ξ’9</strong></span> <span class='ocrx_word' id='word_1_34' title='bbox 2676 751 2822 821; x_wconf 84' lang='lat' dir='ltr'><strong>gre·</strong></span> 
     </span>
     <span class='ocr_line' id='line_1_5' title="bbox 690 834 2818 938; baseline -0.004 -28"><span class='ocrx_word' id='word_1_35' title='bbox 690 866 851 938; x_wconf 87' lang='lat' dir='ltr'><strong>gem</strong></span> <span class='ocrx_word' id='word_1_36' title='bbox 907 841 1271 912; x_wconf 86' lang='lat' dir='ltr'><strong>retulisses</strong></span> <span class='ocrx_word' id='word_1_37' title='bbox 1299 871 1351 910; x_wconf 86' lang='lat'><strong>›&gt;.</strong></span> <span class='ocrx_word' id='word_1_38' title='bbox 1414 844 1752 911; x_wconf 88' lang='lat' dir='ltr'><strong>Correcta</strong></span> <span class='ocrx_word' id='word_1_39' title='bbox 1802 862 1974 909; x_wconf 82' lang='lat' dir='ltr'><strong>vero</strong></span> <span class='ocrx_word' id='word_1_40' title='bbox 2031 834 2333 934; x_wconf 87' lang='lat' dir='ltr'><strong>epistola</strong></span> <span class='ocrx_word' id='word_1_41' title='bbox 2379 835 2818 905; x_wconf 86' lang='lat' dir='ltr'><strong>Memmiana</strong></span> 
     </span>
     <span class='ocr_line' id='line_1_6' title="bbox 690 943 2817 1047; baseline -0.003 -26"><span class='ocrx_word' id='word_1_42' title='bbox 690 950 870 1021; x_wconf 87' lang='lat' dir='ltr'><strong>nihil</strong></span> <span class='ocrx_word' id='word_1_43' title='bbox 908 952 1176 1047; x_wconf 85' lang='lat' dir='ltr'><strong>negotii</strong></span> <span class='ocrx_word' id='word_1_44' title='bbox 1208 949 1386 1021; x_wconf 86' lang='lat' dir='ltr'><strong>fuit:</strong></span> <span class='ocrx_word' id='word_1_45' title='bbox 1430 950 1660 1020; x_wconf 89' lang='lat' dir='ltr'><strong>multo</strong></span> <span class='ocrx_word' id='word_1_46' title='bbox 1699 949 1892 1021; x_wconf 91' lang='lat' dir='ltr'><strong>enim</strong></span> <span class='ocrx_word' id='word_1_47' title='bbox 1931 946 2348 1038; x_wconf 17' lang='lat' dir='ltr'><strong>malo&#39;hunc</strong></span> <span class='ocrx_word' id='word_1_48' title='bbox 2380 972 2419 1015; x_wconf 87' lang='lat' dir='ltr'><strong>a</strong></span> <span class='ocrx_word' id='word_1_49' title='bbox 2450 943 2817 1027; x_wconf 83' lang='lat' dir='ltr'><strong>Pontidia,</strong></span> 
     </span>
     <span class='ocr_line' id='line_1_7' title="bbox 693 1053 2818 1156; baseline -0.004 -25"><span class='ocrx_word' id='word_1_50' title='bbox 693 1086 911 1156; x_wconf 88' lang='lat' dir='ltr'><strong>quam</strong></span> <span class='ocrx_word' id='word_1_51' title='bbox 946 1061 1147 1131; x_wconf 91' lang='lat' dir='ltr'><strong>illum</strong></span> <span class='ocrx_word' id='word_1_52' title='bbox 1185 1084 1229 1130; x_wconf 87' lang='lat' dir='ltr'><strong>a</strong></span> <span class='ocrx_word' id='word_1_53' title='bbox 1263 1059 1571 1131; x_wconf 89' lang='lat' dir='ltr'><strong>Servilia.</strong></span> <span class='ocrx_word' id='word_1_54' title='bbox 1610 1062 1850 1149; x_wconf 82' lang='lat' dir='ltr'><strong>Quare</strong></span> <span class='ocrx_word' id='word_1_55' title='bbox 1883 1055 2230 1151; x_wconf 87' lang='lat' dir='ltr'><strong>adjunges</strong></span> <span class='ocrx_word' id='word_1_56' title='bbox 2266 1053 2561 1126; x_wconf 89' lang='lat' dir='ltr'><strong>Aufium</strong></span> <span class='ocrx_word' id='word_1_57' title='bbox 2585 1053 2656 1108; x_wconf 73' lang='lat'><strong>⁴0</strong></span> <span class='ocrx_word' id='word_1_58' title='bbox 2693 1078 2818 1123; x_wconf 88' lang='lat' dir='ltr'><strong>no-</strong></span> 
     </span>
     <span class='ocr_line' id='line_1_8' title="bbox 689 1166 2816 1264; baseline -0.004 -23"><span class='ocrx_word' id='word_1_59' title='bbox 689 1185 919 1241; x_wconf 89' lang='lat' dir='ltr'><strong>strum</strong></span> <span class='ocrx_word' id='word_1_60' title='bbox 946 1225 964 1258; x_wconf 91' lang='lat'>,</span> <span class='ocrx_word' id='word_1_61' title='bbox 1036 1169 1402 1240; x_wconf 90' lang='lat' dir='ltr'><strong>hominem</strong></span> <span class='ocrx_word' id='word_1_62' title='bbox 1461 1192 1748 1264; x_wconf 86' lang='lat' dir='ltr'><strong>semper</strong></span> <span class='ocrx_word' id='word_1_63' title='bbox 1809 1180 2168 1237; x_wconf 86' lang='lat' dir='ltr'><strong>amantem</strong></span> <span class='ocrx_word' id='word_1_64' title='bbox 2234 1166 2452 1234; x_wconf 69' lang='lat' dir='ltr'><strong>mei4¹</strong></span> <span class='ocrx_word' id='word_1_65' title='bbox 2488 1189 2508 1250; x_wconf 83' lang='lat'>3</span> <span class='ocrx_word' id='word_1_66' title='bbox 2573 1186 2816 1242; x_wconf 84' lang='lat' dir='ltr'><strong>nuno,</strong></span> 
     </span>
     <span class='ocr_line' id='line_1_9' title="bbox 688 1273 2816 1378; baseline -0.005 -29"><span class='ocrx_word' id='word_1_67' title='bbox 688 1279 943 1366; x_wconf 85' lang='lat' dir='ltr'><strong>cred0‚</strong></span> <span class='ocrx_word' id='word_1_68' title='bbox 979 1304 1067 1349; x_wconf 92' lang='lat' dir='ltr'><strong>eo</strong></span> <span class='ocrx_word' id='word_1_69' title='bbox 1096 1280 1353 1378; x_wconf 83' lang='lat' dir='ltr'><strong>magis,</strong></span> <span class='ocrx_word' id='word_1_70' title='bbox 1383 1278 1579 1375; x_wconf 91' lang='lat' dir='ltr'><strong>quod</strong></span> <span class='ocrx_word' id='word_1_71' title='bbox 1617 1276 1835 1349; x_wconf 90' lang='lat' dir='ltr'><strong>debet</strong></span> <span class='ocrx_word' id='word_1_72' title='bbox 1870 1279 2081 1346; x_wconf 88' lang='lat' dir='ltr'><strong>etiam</strong></span> <span class='ocrx_word' id='word_1_73' title='bbox 2112 1273 2347 1344; x_wconf 86' lang='lat' dir='ltr'><strong>fratris</strong></span> <span class='ocrx_word' id='word_1_74' title='bbox 2378 1273 2597 1369; x_wconf 88' lang='lat' dir='ltr'><strong>Appii</strong></span> <span class='ocrx_word' id='word_1_75' title='bbox 2627 1296 2816 1341; x_wconf 89' lang='lat' dir='ltr'><strong>amo—</strong></span> 
     </span>
     <span class='ocr_line' id='line_1_10' title="bbox 685 1383 2817 1486; baseline -0.004 -28"><span class='ocrx_word' id='word_1_76' title='bbox 685 1413 840 1458; x_wconf 85' lang='lat' dir='ltr'><strong>rem</strong></span> <span class='ocrx_word' id='word_1_77' title='bbox 903 1412 1069 1486; x_wconf 88' lang='lat' dir='ltr'><strong>erga</strong></span> <span class='ocrx_word' id='word_1_78' title='bbox 1121 1413 1235 1459; x_wconf 91' lang='lat' dir='ltr'><strong>me</strong></span> <span class='ocrx_word' id='word_1_79' title='bbox 1295 1413 1459 1460; x_wconf 90' lang='lat' dir='ltr'><strong>cum</strong></span> <span class='ocrx_word' id='word_1_80' title='bbox 1516 1386 1787 1484; x_wconf 88' lang='lat' dir='ltr'><strong>reliqua</strong></span> <span class='ocrx_word' id='word_1_81' title='bbox 1847 1383 2243 1455; x_wconf 85' lang='lat' dir='ltr'><strong>hereditate</strong></span> <span class='ocrx_word' id='word_1_82' title='bbox 2294 1384 2643 1468; x_wconf 81' lang='lat' dir='ltr'><strong>crevisse3</strong></span> <span class='ocrx_word' id='word_1_83' title='bbox 2691 1383 2817 1477; x_wconf 89' lang='lat' dir='ltr'><strong>qui</strong></span> 
     </span>
     <span class='ocr_line' id='line_1_11' title="bbox 687 1491 2815 1596; baseline -0.005 -27"><span class='ocrx_word' id='word_1_84' title='bbox 687 1498 1110 1584; x_wconf 86' lang='lat' dir='ltr'><strong>declaravit,</strong></span> <span class='ocrx_word' id='word_1_85' title='bbox 1172 1500 1425 1596; x_wconf 86' lang='lat' dir='ltr'><strong>quanti</strong></span> <span class='ocrx_word' id='word_1_86' title='bbox 1463 1522 1577 1567; x_wconf 88' lang='lat' dir='ltr'><strong>me</strong></span> <span class='ocrx_word' id='word_1_87' title='bbox 1614 1496 1875 1567; x_wconf 89' lang='lat' dir='ltr'><strong>faceret</strong></span> <span class='ocrx_word' id='word_1_88' title='bbox 1899 1549 1918 1582; x_wconf 90' lang='lat'>‚</span> <span class='ocrx_word' id='word_1_89' title='bbox 1977 1518 2209 1590; x_wconf 90' lang='lat' dir='ltr'><strong>quum</strong></span> <span class='ocrx_word' id='word_1_90' title='bbox 2268 1515 2487 1588; x_wconf 83' lang='lat' dir='ltr'><strong>saepe,</strong></span> <span class='ocrx_word' id='word_1_91' title='bbox 2541 1505 2706 1560; x_wconf 90' lang='lat' dir='ltr'><strong>tum</strong></span> <span class='ocrx_word' id='word_1_92' title='bbox 2744 1491 2815 1558; x_wconf 92' lang='lat' dir='ltr'><strong>in</strong></span> 
     </span>
     <span class='ocr_line' id='line_1_12' title="bbox 688 1602 2659 1700; baseline -0.006 -20"><span class='ocrx_word' id='word_1_93' title='bbox 688 1614 907 1680; x_wconf 90' lang='lat' dir='ltr'><strong>Bursa</strong></span> <span class='ocrx_word' id='word_1_94' title='bbox 928 1611 1016 1678; x_wconf 70' lang='lat'><strong>⁴².</strong></span> <span class='ocrx_word' id='word_1_95' title='bbox 1053 1612 1174 1681; x_wconf 79' lang='lat' dir='ltr'><strong>Nae</strong></span> <span class='ocrx_word' id='word_1_96' title='bbox 1216 1624 1300 1679; x_wconf 91' lang='lat' dir='ltr'><strong>tu</strong></span> <span class='ocrx_word' id='word_1_97' title='bbox 1340 1633 1455 1678; x_wconf 91' lang='lat' dir='ltr'><strong>me</strong></span> <span class='ocrx_word' id='word_1_98' title='bbox 1491 1605 1971 1677; x_wconf 87' lang='lat' dir='ltr'><strong>sollicitudine</strong></span> <span class='ocrx_word' id='word_1_99' title='bbox 2014 1629 2269 1700; x_wconf 86' lang='lat' dir='ltr'><strong>magna</strong></span> <span class='ocrx_word' id='word_1_100' title='bbox 2307 1602 2659 1673; x_wconf 89' lang='lat' dir='ltr'><strong>liberaris.</strong></span> 
     </span>
    </p>

    <p class='ocr_par' dir='ltr' id='par_1_3' title="bbox 686 1712 2823 2140">
     <span class='ocr_line' id='line_1_13' title="bbox 783 1712 2821 1814; baseline -0.004 -27"><span class='ocrx_word' id='word_1_101' title='bbox 783 1720 1026 1788; x_wconf 89' lang='lat' dir='ltr'><strong>Furnii</strong></span> <span class='ocrx_word' id='word_1_102' title='bbox 1070 1718 1395 1814; x_wconf 82' lang='lat' dir='ltr'><strong>exceptio</strong></span> <span class='ocrx_word' id='word_1_103' title='bbox 1412 1712 1477 1767; x_wconf 71' lang='lat'><strong>4³</strong></span> <span class='ocrx_word' id='word_1_104' title='bbox 1520 1714 1699 1784; x_wconf 87' lang='lat' dir='ltr'><strong>mihi</strong></span> <span class='ocrx_word' id='word_1_105' title='bbox 1753 1739 1900 1784; x_wconf 88' lang='lat' dir='ltr'><strong>uon</strong></span> <span class='ocrx_word' id='word_1_106' title='bbox 1951 1714 2202 1812; x_wconf 89' lang='lat' dir='ltr'><strong>placet.</strong></span> <span class='ocrx_word' id='word_1_107' title='bbox 2255 1717 2404 1785; x_wconf 90' lang='lat' dir='ltr'><strong>Nec</strong></span> <span class='ocrx_word' id='word_1_108' title='bbox 2450 1713 2650 1782; x_wconf 90' lang='lat' dir='ltr'><strong>enim</strong></span> <span class='ocrx_word' id='word_1_109' title='bbox 2686 1735 2821 1807; x_wconf 87' lang='lat' dir='ltr'><strong>ego</strong></span> 
     </span>
     <span class='ocr_line' id='line_1_14' title="bbox 686 1813 2823 1921; baseline -0.002 -26"><span class='ocrx_word' id='word_1_110' title='bbox 686 1825 917 1896; x_wconf 92' lang='lat' dir='ltr'><strong>ullum</strong></span> <span class='ocrx_word' id='word_1_111' title='bbox 967 1825 1156 1895; x_wconf 88' lang='lat' dir='ltr'><strong>aliud</strong></span> <span class='ocrx_word' id='word_1_112' title='bbox 1214 1841 1498 1921; x_wconf 83' lang='lat' dir='ltr'><strong>tempus</strong></span> <span class='ocrx_word' id='word_1_113' title='bbox 1549 1827 1806 1909; x_wconf 90' lang='lat' dir='ltr'><strong>time0‚</strong></span> <span class='ocrx_word' id='word_1_114' title='bbox 1850 1825 1988 1893; x_wconf 90' lang='lat' dir='ltr'><strong>nisi</strong></span> <span class='ocrx_word' id='word_1_115' title='bbox 2027 1821 2228 1919; x_wconf 90' lang='lat' dir='ltr'><strong>quod</strong></span> <span class='ocrx_word' id='word_1_116' title='bbox 2267 1821 2382 1892; x_wconf 90' lang='lat' dir='ltr'><strong>ille</strong></span> <span class='ocrx_word' id='word_1_117' title='bbox 2419 1813 2663 1891; x_wconf 79' lang='lat' dir='ltr'><strong>solum</strong></span> <span class='ocrx_word' id='word_1_118' title='bbox 2702 1846 2823 1891; x_wconf 85' lang='lat' dir='ltr'><strong>ex-</strong></span> 
     </span>
     <span class='ocr_line' id='line_1_15' title="bbox 690 1931 2819 2030; baseline -0.001 -26"><span class='ocrx_word' id='word_1_119' title='bbox 690 1938 882 2030; x_wconf 88' lang='lat' dir='ltr'><strong>cipit.</strong></span> <span class='ocrx_word' id='word_1_120' title='bbox 911 1932 1045 2004; x_wconf 88' lang='lat' dir='ltr'><strong>Sed</strong></span> <span class='ocrx_word' id='word_1_121' title='bbox 1077 1932 1460 2003; x_wconf 83' lang='lat' dir='ltr'><strong>scriberem</strong></span> <span class='ocrx_word' id='word_1_122' title='bbox 1482 1933 1574 2004; x_wconf 89' lang='lat' dir='ltr'><strong>ad</strong></span> <span class='ocrx_word' id='word_1_123' title='bbox 1603 1948 1672 2003; x_wconf 90' lang='lat' dir='ltr'><strong>te</strong></span> <span class='ocrx_word' id='word_1_124' title='bbox 1699 1931 1788 2003; x_wconf 89' lang='lat' dir='ltr'><strong>de</strong></span> <span class='ocrx_word' id='word_1_125' title='bbox 1815 1932 1955 2002; x_wconf 91' lang='lat' dir='ltr'><strong>hoc</strong></span> <span class='ocrx_word' id='word_1_126' title='bbox 1984 1932 2221 2029; x_wconf 86' lang='lat' dir='ltr'><strong>plura,</strong></span> <span class='ocrx_word' id='word_1_127' title='bbox 2250 1933 2307 2002; x_wconf 91' lang='lat' dir='ltr'><strong>si</strong></span> <span class='ocrx_word' id='word_1_128' title='bbox 2331 1935 2579 2001; x_wconf 79' lang='lat' dir='ltr'><strong>Romae</strong></span> <span class='ocrx_word' id='word_1_129' title='bbox 2604 1955 2819 2001; x_wconf 85' lang='lat' dir='ltr'><strong>esses.</strong></span> 
     </span>
     <span class='ocr_line' id='line_1_16' title="bbox 693 2031 2820 2140; baseline 0 -29"><span class='ocrx_word' id='word_1_130' title='bbox 693 2046 777 2111; x_wconf 90' lang='lat' dir='ltr'><strong>In</strong></span> <span class='ocrx_word' id='word_1_131' title='bbox 805 2043 1142 2138; x_wconf 91' lang='lat' dir='ltr'><strong>Pompeio</strong></span> <span class='ocrx_word' id='word_1_132' title='bbox 1159 2039 1223 2095; x_wconf 74' lang='lat'><strong>44</strong></span> <span class='ocrx_word' id='word_1_133' title='bbox 1254 2056 1326 2112; x_wconf 90' lang='lat' dir='ltr'><strong>te</strong></span> <span class='ocrx_word' id='word_1_134' title='bbox 1356 2067 1556 2140; x_wconf 89' lang='lat' dir='ltr'><strong>spem</strong></span> <span class='ocrx_word' id='word_1_135' title='bbox 1590 2066 1884 2112; x_wconf 90' lang='lat' dir='ltr'><strong>omnem</strong></span> <span class='ocrx_word' id='word_1_136' title='bbox 1916 2042 2045 2110; x_wconf 87' lang='lat' dir='ltr'><strong>otii</strong></span> <span class='ocrx_word' id='word_1_137' title='bbox 2073 2065 2346 2138; x_wconf 89' lang='lat' dir='ltr'><strong>ponere</strong></span> <span class='ocrx_word' id='word_1_138' title='bbox 2378 2066 2528 2110; x_wconf 91' lang='lat' dir='ltr'><strong>non</strong></span> <span class='ocrx_word' id='word_1_139' title='bbox 2559 2031 2820 2111; x_wconf 85' lang='lat' dir='ltr'><strong>miror:</strong></span> 
     </span>
    </p>
   </div>
   <div class='ocr_carea' id='block_1_3' title="bbox 687 2149 2821 2352">
    <p class='ocr_par' dir='ltr' id='par_1_4' title="bbox 687 2149 2821 2352">
     <span class='ocr_line' id='line_1_17' title="bbox 687 2149 2821 2248; baseline 0.001 -30"><span class='ocrx_word' id='word_1_140' title='bbox 687 2153 786 2219; x_wconf 87' lang='lat' dir='ltr'><strong>ita</strong></span> <span class='ocrx_word' id='word_1_141' title='bbox 823 2174 938 2220; x_wconf 90' lang='lat' dir='ltr'><strong>res</strong></span> <span class='ocrx_word' id='word_1_142' title='bbox 975 2164 1121 2237; x_wconf 89' lang='lat' dir='ltr'><strong>est;</strong></span> <span class='ocrx_word' id='word_1_143' title='bbox 1172 2151 1835 2248; x_wconf 85' lang='lat' dir='ltr'><strong>removendumque</strong></span> <span class='ocrx_word' id='word_1_144' title='bbox 1888 2174 2146 2221; x_wconf 91' lang='lat' dir='ltr'><strong>censeo</strong></span> <span class='ocrx_word' id='word_1_145' title='bbox 2197 2149 2374 2220; x_wconf 90' lang='lat' dir='ltr'><strong>illud</strong></span> <span class='ocrx_word' id='word_1_146' title='bbox 2413 2180 2446 2214; x_wconf 74' lang='grc' dir='ltr'>α</span> <span class='ocrx_word' id='word_1_147' title='bbox 2480 2149 2821 2220; x_wconf 87' lang='lat' dir='ltr'><strong>dissimu-</strong></span> 
     </span>
     <span class='ocr_line' id='line_1_18' title="bbox 688 2252 2818 2352; baseline 0 -28"><span class='ocrx_word' id='word_1_148' title='bbox 688 2252 1040 2326; x_wconf 73' lang='lat' dir='ltr'><strong>lantem‘·⁵</strong></span> <span class='ocrx_word' id='word_1_149' title='bbox 1067 2285 1122 2325; x_wconf 84' lang='grc'><strong>».</strong></span> <span class='ocrx_word' id='word_1_150' title='bbox 1164 2255 1304 2328; x_wconf 90' lang='lat' dir='ltr'><strong>Sed</strong></span> <span class='ocrx_word' id='word_1_151' title='bbox 1341 2262 1534 2329; x_wconf 88' lang='lat' dir='ltr'><strong>enim</strong></span> <span class='ocrx_word' id='word_1_152' title='bbox 1557 2314 1577 2346; x_wconf 86' lang='lat'>‚</span> <span class='ocrx_word' id='word_1_153' title='bbox 1618 2259 1926 2352; x_wconf 78' lang='grc' dir='ltr'><strong>οἰκονομία</strong></span> <span class='ocrx_word' id='word_1_154' title='bbox 1943 2254 2010 2306; x_wconf 75' lang='lat'><strong>⁴⁶</strong></span> <span class='ocrx_word' id='word_1_155' title='bbox 2048 2257 2106 2325; x_wconf 93' lang='lat' dir='ltr'><strong>si</strong></span> <span class='ocrx_word' id='word_1_156' title='bbox 2138 2254 2635 2351; x_wconf 88' lang='lat' dir='ltr'><strong>perturbatior</strong></span> <span class='ocrx_word' id='word_1_157' title='bbox 2675 2269 2818 2338; x_wconf 85' lang='lat' dir='ltr'><strong>est,</strong></span> 
     </span>
    </p>
   </div>
   <div class='ocr_carea' id='block_1_4' title="bbox 689 2425 1703 2563">
    <p class='ocr_par' dir='ltr' id='par_1_5' title="bbox 689 2425 1703 2563">
     <span class='ocr_line' id='line_1_19' title="bbox 760 2425 1703 2500; baseline -0.001 -28"><span class='ocrx_word' id='word_1_158' title='bbox 760 2426 847 2472; x_wconf 82' lang='lat'><strong>38.</strong></span> <span class='ocrx_word' id='word_1_159' title='bbox 876 2425 1095 2472; x_wconf 81' lang='lat' dir='ltr'><strong>Placere.</strong></span> <span class='ocrx_word' id='word_1_160' title='bbox 1122 2427 1191 2472; x_wconf 87' lang='lat' dir='ltr'><strong>Ut</strong></span> <span class='ocrx_word' id='word_1_161' title='bbox 1211 2425 1368 2472; x_wconf 78' lang='lat' dir='ltr'><strong>Tullia</strong></span> <span class='ocrx_word' id='word_1_162' title='bbox 1385 2425 1538 2472; x_wconf 82' lang='lat' dir='ltr'><strong>nubat</strong></span> <span class='ocrx_word' id='word_1_163' title='bbox 1556 2440 1703 2500; x_wconf 24' lang='lat' dir='ltr'><strong>eque*-</strong></span> 
     </span>
     <span class='ocr_line' id='line_1_20' title="bbox 689 2504 1701 2563; baseline 0.003 -13"><span class='ocrx_word' id='word_1_164' title='bbox 689 2505 799 2552; x_wconf 83' lang='lat' dir='ltr'><strong>stris</strong></span> <span class='ocrx_word' id='word_1_165' title='bbox 842 2504 1029 2552; x_wconf 84' lang='lat' dir='ltr'><strong>ordinis</strong></span> <span class='ocrx_word' id='word_1_166' title='bbox 1076 2506 1212 2563; x_wconf 80' lang='lat' dir='ltr'><strong>viro,</strong></span> <span class='ocrx_word' id='word_1_167' title='bbox 1256 2505 1382 2551; x_wconf 85' lang='lat' dir='ltr'><strong>sicut</strong></span> <span class='ocrx_word' id='word_1_168' title='bbox 1420 2514 1532 2552; x_wconf 81' lang='lat' dir='ltr'><strong>ante</strong></span> <span class='ocrx_word' id='word_1_169' title='bbox 1569 2505 1701 2553; x_wconf 83' lang='lat' dir='ltr'><strong>fecit.</strong></span> 
     </span>
    </p>
   </div>
   <div class='ocr_carea' id='block_1_5' title="bbox 1791 2423 2819 2566">
    <p class='ocr_par' dir='ltr' id='par_1_6' title="bbox 1791 2423 2819 2566">
     <span class='ocr_line' id='line_1_21' title="bbox 1862 2423 2819 2479; baseline 0 -8"><span class='ocrx_word' id='word_1_170' title='bbox 1862 2433 1948 2479; x_wconf 70' lang='lat'><strong>42.</strong></span> <span class='ocrx_word' id='word_1_171' title='bbox 1975 2427 2150 2472; x_wconf 73' lang='lat' dir='ltr'><strong>Bursa.</strong></span> <span class='ocrx_word' id='word_1_172' title='bbox 2173 2426 2231 2471; x_wconf 80' lang='lat' dir='ltr'><strong>T.</strong></span> <span class='ocrx_word' id='word_1_173' title='bbox 2249 2423 2477 2472; x_wconf 78' lang='lat' dir='ltr'><strong>Munatio</strong></span> <span class='ocrx_word' id='word_1_174' title='bbox 2498 2423 2680 2471; x_wconf 73' lang='lat' dir='ltr'><strong>Planco</strong></span> <span class='ocrx_word' id='word_1_175' title='bbox 2697 2426 2819 2471; x_wconf 77' lang='lat' dir='ltr'><strong>Bur-</strong></span> 
     </span>
     <span class='ocr_line' id='line_1_22' title="bbox 1791 2502 2818 2566; baseline 0 -16"><span class='ocrx_word' id='word_1_176' title='bbox 1791 2519 1842 2550; x_wconf 87' lang='lat' dir='ltr'><strong>sa</strong></span> <span class='ocrx_word' id='word_1_177' title='bbox 1854 2537 1868 2561; x_wconf 95' lang='lat'>,</span> <span class='ocrx_word' id='word_1_178' title='bbox 1887 2505 2026 2566; x_wconf 85' lang='lat' dir='ltr'><strong>epist.</strong></span> <span class='ocrx_word' id='word_1_179' title='bbox 2048 2519 2076 2551; x_wconf 78' lang='lat'>2</span> <span class='ocrx_word' id='word_1_180' title='bbox 2093 2537 2108 2562; x_wconf 90' lang='lat'>,</span> <span class='ocrx_word' id='word_1_181' title='bbox 2134 2503 2321 2551; x_wconf 83' lang='lat' dir='ltr'><strong>lib.V11</strong></span> <span class='ocrx_word' id='word_1_182' title='bbox 2335 2538 2350 2561; x_wconf 90' lang='lat'>,</span> <span class='ocrx_word' id='word_1_183' title='bbox 2368 2502 2431 2549; x_wconf 85' lang='lat' dir='ltr'><strong>ad</strong></span> <span class='ocrx_word' id='word_1_184' title='bbox 2446 2504 2561 2552; x_wconf 81' lang='lat' dir='ltr'><strong>Div.</strong></span> <span class='ocrx_word' id='word_1_185' title='bbox 2581 2505 2683 2566; x_wconf 84' lang='lat' dir='ltr'><strong>Qui</strong></span> <span class='ocrx_word' id='word_1_186' title='bbox 2701 2504 2818 2550; x_wconf 82' lang='lat' dir='ltr'><strong>mihi</strong></span> 
     </span>
    </p>
   </div>
   <div class='ocr_carea' id='block_1_6' title="bbox 678 2582 1707 4131">
    <p class='ocr_par' dir='ltr' id='par_1_7' title="bbox 684 2582 1707 3433">
     <span class='ocr_line' id='line_1_23' title="bbox 689 2582 1704 2647; baseline 0.002 -18"><span class='ocrx_word' id='word_1_187' title='bbox 689 2585 857 2646; x_wconf 83' lang='lat' dir='ltr'><strong>Itaque</strong></span> <span class='ocrx_word' id='word_1_188' title='bbox 886 2583 1013 2630; x_wconf 88' lang='lat' dir='ltr'><strong>malo</strong></span> <span class='ocrx_word' id='word_1_189' title='bbox 1036 2599 1241 2647; x_wconf 83' lang='lat' dir='ltr'><strong>procum</strong></span> <span class='ocrx_word' id='word_1_190' title='bbox 1263 2582 1324 2629; x_wconf 87' lang='lat' dir='ltr'><strong>de</strong></span> <span class='ocrx_word' id='word_1_191' title='bbox 1351 2599 1451 2647; x_wconf 88' lang='lat' dir='ltr'><strong>quo</strong></span> <span class='ocrx_word' id='word_1_192' title='bbox 1478 2583 1704 2631; x_wconf 73' lang='lat' dir='ltr'><strong>Pontidia</strong></span> 
     </span>
     <span class='ocr_line' id='line_1_24' title="bbox 690 2661 1706 2725; baseline 0.002 -16"><span class='ocrx_word' id='word_1_193' title='bbox 690 2662 1007 2725; x_wconf 82' lang='lat' dir='ltr'><strong>dixit‚quam</strong></span> <span class='ocrx_word' id='word_1_194' title='bbox 1043 2662 1180 2710; x_wconf 88' lang='lat' dir='ltr'><strong>illum</strong></span> <span class='ocrx_word' id='word_1_195' title='bbox 1226 2661 1286 2709; x_wconf 87' lang='lat' dir='ltr'><strong>de</strong></span> <span class='ocrx_word' id='word_1_196' title='bbox 1325 2678 1426 2725; x_wconf 89' lang='lat' dir='ltr'><strong>quo</strong></span> <span class='ocrx_word' id='word_1_197' title='bbox 1473 2663 1706 2722; x_wconf 80' lang='lat' dir='ltr'><strong>Servilia,</strong></span> 
     </span>
     <span class='ocr_line' id='line_1_25' title="bbox 687 2742 1706 2806; baseline 0.001 -17"><span class='ocrx_word' id='word_1_198' title='bbox 687 2757 895 2805; x_wconf 87' lang='lat' dir='ltr'><strong>qnorum</strong></span> <span class='ocrx_word' id='word_1_199' title='bbox 938 2742 1142 2789; x_wconf 85' lang='lat' dir='ltr'><strong>alterum</strong></span> <span class='ocrx_word' id='word_1_200' title='bbox 1194 2742 1388 2789; x_wconf 77' lang='lat' dir='ltr'><strong>Atticus</strong></span> <span class='ocrx_word' id='word_1_201' title='bbox 1437 2743 1706 2806; x_wconf 86' lang='lat' dir='ltr'><strong>suspicatus</strong></span> 
     </span>
     <span class='ocr_line' id='line_1_26' title="bbox 688 2820 1707 2882; baseline 0.003 -17"><span class='ocrx_word' id='word_1_202' title='bbox 688 2831 791 2867; x_wconf 89' lang='lat' dir='ltr'><strong>erat</strong></span> <span class='ocrx_word' id='word_1_203' title='bbox 824 2820 966 2866; x_wconf 81' lang='lat' dir='ltr'><strong>fuisse</strong></span> <span class='ocrx_word' id='word_1_204' title='bbox 992 2820 1050 2868; x_wconf 88' lang='lat' dir='ltr'><strong>C.</strong></span> <span class='ocrx_word' id='word_1_205' title='bbox 1089 2820 1403 2882; x_wconf 79' lang='lat' dir='ltr'><strong>Memmium,</strong></span> <span class='ocrx_word' id='word_1_206' title='bbox 1437 2832 1550 2868; x_wconf 76' lang='lat' dir='ltr'><strong>ante</strong></span> <span class='ocrx_word' id='word_1_207' title='bbox 1583 2823 1707 2868; x_wconf 80' lang='lat' dir='ltr'><strong>exsi-</strong></span> 
     </span>
     <span class='ocr_line' id='line_1_27' title="bbox 688 2899 1705 2962; baseline 0 -15"><span class='ocrx_word' id='word_1_208' title='bbox 688 2899 841 2947; x_wconf 86' lang='lat' dir='ltr'><strong>lium:</strong></span> <span class='ocrx_word' id='word_1_209' title='bbox 864 2909 977 2962; x_wconf 87' lang='lat' dir='ltr'><strong>post</strong></span> <span class='ocrx_word' id='word_1_210' title='bbox 1002 2915 1214 2947; x_wconf 88' lang='lat' dir='ltr'><strong>errorem</strong></span> <span class='ocrx_word' id='word_1_211' title='bbox 1241 2916 1382 2947; x_wconf 90' lang='lat' dir='ltr'><strong>suum</strong></span> <span class='ocrx_word' id='word_1_212' title='bbox 1409 2900 1640 2959; x_wconf 79' lang='lat' dir='ltr'><strong>correxit,</strong></span> <span class='ocrx_word' id='word_1_213' title='bbox 1656 2911 1705 2948; x_wconf 91' lang='lat' dir='ltr'><strong>et</strong></span> 
     </span>
     <span class='ocr_line' id='line_1_28' title="bbox 687 2978 1707 3042; baseline 0.001 -17"><span class='ocrx_word' id='word_1_214' title='bbox 687 2978 834 3025; x_wconf 82' lang='lat' dir='ltr'><strong>alium</strong></span> <span class='ocrx_word' id='word_1_215' title='bbox 867 2993 970 3024; x_wconf 87' lang='lat' dir='ltr'><strong>esse</strong></span> <span class='ocrx_word' id='word_1_216' title='bbox 1006 2978 1226 3042; x_wconf 76' lang='lat' dir='ltr'><strong>scripsit3</strong></span> <span class='ocrx_word' id='word_1_217' title='bbox 1268 2980 1352 3041; x_wconf 89' lang='lat' dir='ltr'><strong>qui</strong></span> <span class='ocrx_word' id='word_1_218' title='bbox 1379 2980 1605 3028; x_wconf 82' lang='lat' dir='ltr'><strong>Ciceroni</strong></span> <span class='ocrx_word' id='word_1_219' title='bbox 1637 2978 1707 3026; x_wconf 90' lang='lat' dir='ltr'><strong>sic</strong></span> 
     </span>
     <span class='ocr_line' id='line_1_29' title="bbox 690 3054 1704 3121; baseline 0.001 -18"><span class='ocrx_word' id='word_1_220' title='bbox 690 3054 912 3121; x_wconf 72' lang='lat' dir='ltr'><strong>placebat</strong></span> <span class='ocrx_word' id='word_1_221' title='bbox 924 3089 938 3113; x_wconf 94' lang='lat'>‚</span> <span class='ocrx_word' id='word_1_222' title='bbox 964 3067 1021 3104; x_wconf 89' lang='lat' dir='ltr'><strong>ut</strong></span> <span class='ocrx_word' id='word_1_223' title='bbox 1037 3056 1162 3104; x_wconf 86' lang='lat' dir='ltr'><strong>nibil</strong></span> <span class='ocrx_word' id='word_1_224' title='bbox 1181 3058 1365 3120; x_wconf 78' lang='lat' dir='ltr'><strong>negotii</strong></span> <span class='ocrx_word' id='word_1_225' title='bbox 1386 3058 1530 3104; x_wconf 82' lang='lat' dir='ltr'><strong>fuerit</strong></span> <span class='ocrx_word' id='word_1_226' title='bbox 1548 3058 1704 3121; x_wconf 86' lang='lat' dir='ltr'><strong>ipsum</strong></span> 
     </span>
     <span class='ocr_line' id='line_1_30' title="bbox 686 3134 1704 3193; baseline 0.001 -12"><span class='ocrx_word' id='word_1_227' title='bbox 686 3135 740 3181; x_wconf 89' lang='lat' dir='ltr'><strong>in</strong></span> <span class='ocrx_word' id='word_1_228' title='bbox 786 3151 890 3182; x_wconf 78' lang='lat' dir='ltr'><strong>eam</strong></span> <span class='ocrx_word' id='word_1_229' title='bbox 931 3136 1216 3182; x_wconf 83' lang='lat' dir='ltr'><strong>sententiam</strong></span> <span class='ocrx_word' id='word_1_230' title='bbox 1255 3135 1519 3193; x_wconf 82' lang='lat' dir='ltr'><strong>adducere,</strong></span> <span class='ocrx_word' id='word_1_231' title='bbox 1553 3145 1608 3182; x_wconf 87' lang='lat' dir='ltr'><strong>ut</strong></span> <span class='ocrx_word' id='word_1_232' title='bbox 1643 3134 1704 3182; x_wconf 85' lang='lat' dir='ltr'><strong>de</strong></span> 
     </span>
     <span class='ocr_line' id='line_1_31' title="bbox 688 3213 1706 3275; baseline 0.001 -16"><span class='ocrx_word' id='word_1_233' title='bbox 688 3214 775 3260; x_wconf 88' lang='lat' dir='ltr'><strong>illo</strong></span> <span class='ocrx_word' id='word_1_234' title='bbox 796 3230 899 3261; x_wconf 90' lang='lat' dir='ltr'><strong>uno</strong></span> <span class='ocrx_word' id='word_1_235' title='bbox 932 3214 1168 3275; x_wconf 76' lang='lat' dir='ltr'><strong>cogitaret</strong></span> <span class='ocrx_word' id='word_1_236' title='bbox 1191 3228 1204 3260; x_wconf 73' lang='grc' dir='ltr'><strong><em>ε</em></strong></span> <span class='ocrx_word' id='word_1_237' title='bbox 1229 3213 1347 3259; x_wconf 81' lang='lat' dir='ltr'><strong>alter</strong></span> <span class='ocrx_word' id='word_1_238' title='bbox 1367 3213 1521 3260; x_wconf 83' lang='lat' dir='ltr'><strong>Servii</strong></span> <span class='ocrx_word' id='word_1_239' title='bbox 1542 3213 1706 3275; x_wconf 88' lang='lat' dir='ltr'><strong>Sulpi-</strong></span> 
     </span>
     <span class='ocr_line' id='line_1_32' title="bbox 690 3288 1704 3349; baseline -0.001 -11"><span class='ocrx_word' id='word_1_240' title='bbox 690 3292 747 3338; x_wconf 87' lang='lat' dir='ltr'><strong>tii</strong></span> <span class='ocrx_word' id='word_1_241' title='bbox 782 3302 833 3339; x_wconf 88' lang='lat' dir='ltr'><strong>et</strong></span> <span class='ocrx_word' id='word_1_242' title='bbox 880 3292 1138 3338; x_wconf 70' lang='lat' dir='ltr'><strong>Postumiae</strong></span> <span class='ocrx_word' id='word_1_243' title='bbox 1177 3288 1320 3338; x_wconf 83' lang='lat' dir='ltr'><strong>filius.</strong></span> <span class='ocrx_word' id='word_1_244' title='bbox 1361 3290 1489 3338; x_wconf 85' lang='lat' dir='ltr'><strong>Vide</strong></span> <span class='ocrx_word' id='word_1_245' title='bbox 1526 3291 1613 3340; x_wconf 87' lang='lat' dir='ltr'><strong>lib.</strong></span> <span class='ocrx_word' id='word_1_246' title='bbox 1641 3294 1704 3349; x_wconf 84' lang='lat' dir='ltr'><strong>V,</strong></span> 
     </span>
     <span class='ocr_line' id='line_1_33' title="bbox 684 3369 1173 3433; baseline 0 -17"><span class='ocrx_word' id='word_1_247' title='bbox 684 3369 826 3433; x_wconf 85' lang='lat' dir='ltr'><strong>epist.</strong></span> <span class='ocrx_word' id='word_1_248' title='bbox 857 3376 941 3425; x_wconf 66' lang='lat'><strong>24.</strong></span> <span class='ocrx_word' id='word_1_249' title='bbox 977 3372 1173 3416; x_wconf 68' lang='lat' dir='ltr'><strong>Pon-ru.</strong></span> 
     </span>
    </p>

    <p class='ocr_par' dir='ltr' id='par_1_8' title="bbox 682 3448 1703 3670">
     <span class='ocr_line' id='line_1_34' title="bbox 757 3448 1703 3511; baseline 0 -15"><span class='ocrx_word' id='word_1_250' title='bbox 757 3449 841 3511; x_wconf 83' lang='lat'><strong>39.</strong></span> <span class='ocrx_word' id='word_1_251' title='bbox 878 3450 939 3495; x_wconf 80' lang='lat' dir='ltr'><strong>In</strong></span> <span class='ocrx_word' id='word_1_252' title='bbox 984 3458 1117 3494; x_wconf 75' lang='lat' dir='ltr'><strong>tuum</strong></span> <span class='ocrx_word' id='word_1_253' title='bbox 1151 3457 1379 3493; x_wconf 77' lang='lat' dir='ltr'><strong>veterem.</strong></span> <span class='ocrx_word' id='word_1_254' title='bbox 1412 3448 1489 3495; x_wconf 88' lang='lat' dir='ltr'><strong>Tu</strong></span> <span class='ocrx_word' id='word_1_255' title='bbox 1531 3449 1703 3498; x_wconf 89' lang='lat' dir='ltr'><strong>Cicero</strong></span> 
     </span>
     <span class='ocr_line' id='line_1_35' title="bbox 682 3527 1702 3590; baseline 0 -13"><span class='ocrx_word' id='word_1_256' title='bbox 682 3527 832 3577; x_wconf 83' lang='lat' dir='ltr'><strong>filiam</strong></span> <span class='ocrx_word' id='word_1_257' title='bbox 859 3528 1004 3575; x_wconf 85' lang='lat' dir='ltr'><strong>alicui</strong></span> <span class='ocrx_word' id='word_1_258' title='bbox 1027 3543 1089 3574; x_wconf 85' lang='lat' dir='ltr'><strong>ex</strong></span> <span class='ocrx_word' id='word_1_259' title='bbox 1115 3527 1327 3590; x_wconf 75' lang='lat' dir='ltr'><strong>equestri</strong></span> <span class='ocrx_word' id='word_1_260' title='bbox 1352 3527 1526 3577; x_wconf 85' lang='lat' dir='ltr'><strong>ordine</strong></span> <span class='ocrx_word' id='word_1_261' title='bbox 1552 3530 1702 3577; x_wconf 91' lang='lat' dir='ltr'><strong>collo—</strong></span> 
     </span>
     <span class='ocr_line' id='line_1_36' title="bbox 686 3606 1504 3670; baseline 0 -15"><span class='ocrx_word' id='word_1_262' title='bbox 686 3623 865 3665; x_wconf 69' lang='lat' dir='ltr'><strong>canes,</strong></span> <span class='ocrx_word' id='word_1_263' title='bbox 892 3606 1073 3655; x_wconf 87' lang='lat' dir='ltr'><strong>relictis</strong></span> <span class='ocrx_word' id='word_1_264' title='bbox 1090 3606 1319 3670; x_wconf 84' lang='lat' dir='ltr'><strong>patriciis.</strong></span> <span class='ocrx_word' id='word_1_265' title='bbox 1340 3607 1504 3655; x_wconf 71' lang='lat' dir='ltr'><strong>Coun.</strong></span> 
     </span>
    </p>

    <p class='ocr_par' dir='ltr' id='par_1_9' title="bbox 684 3686 1700 3814">
     <span class='ocr_line' id='line_1_37' title="bbox 756 3686 1700 3747; baseline 0.002 -14"><span class='ocrx_word' id='word_1_266' title='bbox 756 3696 840 3743; x_wconf 75' lang='grc' dir='ltr'><strong>4ο.</strong></span> <span class='ocrx_word' id='word_1_267' title='bbox 882 3686 1128 3736; x_wconf 82' lang='lat' dir='ltr'><strong>Corradus</strong></span> <span class='ocrx_word' id='word_1_268' title='bbox 1166 3688 1298 3747; x_wconf 76' lang='lat' dir='ltr'><strong>conj.</strong></span> <span class='ocrx_word' id='word_1_269' title='bbox 1328 3688 1420 3735; x_wconf 75' lang='lat' dir='ltr'><strong>«C.</strong></span> <span class='ocrx_word' id='word_1_270' title='bbox 1449 3686 1700 3746; x_wconf 73' lang='lat' dir='ltr'><strong>Alfium-3</strong></span> 
     </span>
     <span class='ocr_line' id='line_1_38' title="bbox 684 3764 1475 3814; baseline 0.003 -2"><span class='ocrx_word' id='word_1_271' title='bbox 684 3767 870 3813; x_wconf 85' lang='lat' dir='ltr'><strong>Ernest.</strong></span> <span class='ocrx_word' id='word_1_272' title='bbox 890 3764 1179 3813; x_wconf 71' lang='lat' dir='ltr'><strong>«Aufidium</strong></span> <span class='ocrx_word' id='word_1_273' title='bbox 1205 3787 1247 3814; x_wconf 76' lang='grc' dir='ltr'><strong>ι.</strong></span> <span class='ocrx_word' id='word_1_274' title='bbox 1273 3766 1306 3813; x_wconf 84' lang='lat' dir='ltr'>J</span> <span class='ocrx_word' id='word_1_275' title='bbox 1312 3802 1325 3814; x_wconf 94' lang='lat'><strong>.</strong></span> <span class='ocrx_word' id='word_1_276' title='bbox 1340 3767 1401 3812; x_wconf 83' lang='lat' dir='ltr'><strong>V.</strong></span> <span class='ocrx_word' id='word_1_277' title='bbox 1422 3769 1475 3814; x_wconf 87' lang='lat' dir='ltr'><strong>L.</strong></span> 
     </span>
    </p>

    <p class='ocr_par' dir='ltr' id='par_1_10' title="bbox 678 3844 1699 4131">
     <span class='ocr_line' id='line_1_39' title="bbox 756 3844 1698 3909; baseline 0.003 -19"><span class='ocrx_word' id='word_1_278' title='bbox 756 3854 841 3899; x_wconf 65' lang='grc' dir='ltr'><strong>(μ.</strong></span> <span class='ocrx_word' id='word_1_279' title='bbox 863 3844 1009 3909; x_wconf 78' lang='lat' dir='ltr'><strong>Vulg.</strong></span> <span class='ocrx_word' id='word_1_280' title='bbox 1036 3861 1111 3892; x_wconf 87' lang='lat' dir='ltr'><strong>me</strong></span> <span class='ocrx_word' id='word_1_281' title='bbox 1120 3863 1142 3902; x_wconf 89' lang='lat'><em>;</em></span> <span class='ocrx_word' id='word_1_282' title='bbox 1170 3845 1383 3909; x_wconf 79' lang='lat' dir='ltr'><strong>praetulit</strong></span> <span class='ocrx_word' id='word_1_283' title='bbox 1405 3862 1520 3893; x_wconf 80' lang='lat' dir='ltr'><strong>vero</strong></span> <span class='ocrx_word' id='word_1_284' title='bbox 1547 3846 1698 3893; x_wconf 79' lang='lat' dir='ltr'><strong>Mala-</strong></span> 
     </span>
     <span class='ocr_line' id='line_1_40' title="bbox 684 3921 1699 3990; baseline 0.007 -23"><span class='ocrx_word' id='word_1_285' title='bbox 684 3921 821 3984; x_wconf 87' lang='lat' dir='ltr'><strong>spina</strong></span> <span class='ocrx_word' id='word_1_286' title='bbox 845 3923 963 3980; x_wconf 78' lang='lat' dir='ltr'><strong>mei,</strong></span> <span class='ocrx_word' id='word_1_287' title='bbox 990 3942 1016 3971; x_wconf 92' lang='lat' dir='ltr'><strong>e</strong></span> <span class='ocrx_word' id='word_1_288' title='bbox 1042 3936 1276 3990; x_wconf 83' lang='lat' dir='ltr'><strong>perpetua</strong></span> <span class='ocrx_word' id='word_1_289' title='bbox 1303 3926 1554 3974; x_wconf 77' lang='lat' dir='ltr'><strong>Ciceronis</strong></span> <span class='ocrx_word' id='word_1_290' title='bbox 1580 3942 1699 3973; x_wconf 89' lang='lat' dir='ltr'><strong>cou-</strong></span> 
     </span>
     <span class='ocr_line' id='line_1_41' title="bbox 682 3999 1699 4068; baseline 0.004 -20"><span class='ocrx_word' id='word_1_291' title='bbox 682 3999 935 4048; x_wconf 75' lang='lat' dir='ltr'><strong>suetudine</strong></span> <span class='ocrx_word' id='word_1_292' title='bbox 953 4035 968 4058; x_wconf 89' lang='lat'>,</span> <span class='ocrx_word' id='word_1_293' title='bbox 1009 4014 1057 4050; x_wconf 87' lang='lat' dir='ltr'><strong>et</strong></span> <span class='ocrx_word' id='word_1_294' title='bbox 1096 4005 1165 4053; x_wconf 85' lang='lat' dir='ltr'><strong>sic</strong></span> <span class='ocrx_word' id='word_1_295' title='bbox 1204 4006 1257 4051; x_wconf 90' lang='lat' dir='ltr'><strong>in</strong></span> <span class='ocrx_word' id='word_1_296' title='bbox 1294 4005 1420 4053; x_wconf 87' lang='lat' dir='ltr'><strong>MSS</strong></span> <span class='ocrx_word' id='word_1_297' title='bbox 1445 4014 1699 4068; x_wconf 77' lang='lat' dir='ltr'><strong>repererat.</strong></span> 
     </span>
     <span class='ocr_line' id='line_1_42' title="bbox 678 4081 862 4131; baseline -0.033 0"><span class='ocrx_word' id='word_1_298' title='bbox 678 4081 862 4131; x_wconf 82' lang='lat' dir='ltr'><strong>J.v.L.</strong></span> 
     </span>
    </p>
   </div>
   <div class='ocr_carea' id='block_1_7' title="bbox 1786 2580 2816 4142">
    <p class='ocr_par' dir='ltr' id='par_1_11' title="bbox 1793 2580 2813 2725">
     <span class='ocr_line' id='line_1_43' title="bbox 1795 2580 2813 2645; baseline 0.001 -16"><span class='ocrx_word' id='word_1_299' title='bbox 1795 2580 1922 2630; x_wconf 84' lang='lat' dir='ltr'><strong>diem</strong></span> <span class='ocrx_word' id='word_1_300' title='bbox 1951 2583 2109 2630; x_wconf 86' lang='lat' dir='ltr'><strong>dicere</strong></span> <span class='ocrx_word' id='word_1_301' title='bbox 2132 2583 2385 2645; x_wconf 82' lang='lat' dir='ltr'><strong>cogitarat.</strong></span> <span class='ocrx_word' id='word_1_302' title='bbox 2411 2584 2600 2629; x_wconf 72' lang='lat' dir='ltr'><strong>Ascon-</strong></span> <span class='ocrx_word' id='word_1_303' title='bbox 2618 2584 2670 2629; x_wconf 86' lang='lat' dir='ltr'><strong>in</strong></span> <span class='ocrx_word' id='word_1_304' title='bbox 2690 2594 2813 2630; x_wconf 82' lang='lat' dir='ltr'><strong>orat.</strong></span> 
     </span>
     <span class='ocr_line' id='line_1_44' title="bbox 1793 2658 2284 2725; baseline -0.002 -16"><span class='ocrx_word' id='word_1_305' title='bbox 1793 2677 1887 2725; x_wconf 88' lang='lat' dir='ltr'><strong>pro</strong></span> <span class='ocrx_word' id='word_1_306' title='bbox 1913 2662 2118 2709; x_wconf 84' lang='lat' dir='ltr'><strong>Milone.</strong></span> <span class='ocrx_word' id='word_1_307' title='bbox 2134 2658 2284 2709; x_wconf 65' lang='lat' dir='ltr'><strong>Mn«.</strong></span> 
     </span>
    </p>

    <p class='ocr_par' dir='ltr' id='par_1_12' title="bbox 1790 2739 2816 3578">
     <span class='ocr_line' id='line_1_45' title="bbox 1868 2739 2816 2803; baseline -0.002 -14"><span class='ocrx_word' id='word_1_308' title='bbox 1868 2742 1952 2797; x_wconf 70' lang='lat'><strong>43.</strong></span> <span class='ocrx_word' id='word_1_309' title='bbox 1973 2740 2157 2788; x_wconf 74' lang='lat' dir='ltr'><strong>Fur-nii</strong></span> <span class='ocrx_word' id='word_1_310' title='bbox 2188 2739 2424 2803; x_wconf 76' lang='lat' dir='ltr'><strong>exceptio.</strong></span> <span class='ocrx_word' id='word_1_311' title='bbox 2453 2740 2691 2787; x_wconf 85' lang='lat' dir='ltr'><strong>Furnium</strong></span> <span class='ocrx_word' id='word_1_312' title='bbox 2727 2741 2816 2787; x_wconf 84' lang='lat' dir='ltr'><strong>tri-</strong></span> 
     </span>
     <span class='ocr_line' id='line_1_46' title="bbox 1796 2817 2814 2884; baseline 0.004 -20"><span class='ocrx_word' id='word_1_313' title='bbox 1796 2817 1982 2866; x_wconf 84' lang='lat' dir='ltr'><strong>bunum</strong></span> <span class='ocrx_word' id='word_1_314' title='bbox 2005 2819 2161 2882; x_wconf 89' lang='lat' dir='ltr'><strong>plebis</strong></span> <span class='ocrx_word' id='word_1_315' title='bbox 2187 2819 2350 2884; x_wconf 86' lang='lat' dir='ltr'><strong>(epist.</strong></span> <span class='ocrx_word' id='word_1_316' title='bbox 2380 2818 2468 2881; x_wconf 79' lang='lat'><strong>18,</strong></span> <span class='ocrx_word' id='word_1_317' title='bbox 2495 2818 2584 2865; x_wconf 88' lang='lat' dir='ltr'><strong>lib.</strong></span> <span class='ocrx_word' id='word_1_318' title='bbox 2603 2822 2699 2882; x_wconf 76' lang='lat' dir='ltr'><strong>V),</strong></span> <span class='ocrx_word' id='word_1_319' title='bbox 2733 2820 2814 2868; x_wconf 85' lang='lat' dir='ltr'><strong>ci-</strong></span> 
     </span>
     <span class='ocr_line' id='line_1_47' title="bbox 1797 2897 2811 2961; baseline 0 -17"><span class='ocrx_word' id='word_1_320' title='bbox 1797 2899 1986 2945; x_wconf 85' lang='lat' dir='ltr'><strong>ceronis</strong></span> <span class='ocrx_word' id='word_1_321' title='bbox 2006 2898 2312 2959; x_wconf 84' lang='lat' dir='ltr'><strong>studiosum,</strong></span> <span class='ocrx_word' id='word_1_322' title='bbox 2339 2897 2495 2960; x_wconf 85' lang='lat' dir='ltr'><strong>legem</strong></span> <span class='ocrx_word' id='word_1_323' title='bbox 2519 2897 2703 2961; x_wconf 82' lang='lat' dir='ltr'><strong>opinor</strong></span> <span class='ocrx_word' id='word_1_324' title='bbox 2731 2910 2811 2945; x_wconf 89' lang='lat' dir='ltr'><strong>tn-</strong></span> 
     </span>
     <span class='ocr_line' id='line_1_48' title="bbox 1793 2976 2814 3033; baseline -0.001 -10"><span class='ocrx_word' id='word_1_325' title='bbox 1793 2977 1906 3023; x_wconf 81' lang='lat' dir='ltr'><strong>lisse</strong></span> <span class='ocrx_word' id='word_1_326' title='bbox 1943 2976 2004 3023; x_wconf 86' lang='lat' dir='ltr'><strong>de</strong></span> <span class='ocrx_word' id='word_1_327' title='bbox 2030 2977 2300 3025; x_wconf 87' lang='lat' dir='ltr'><strong>rectoribus</strong></span> <span class='ocrx_word' id='word_1_328' title='bbox 2328 2976 2658 3023; x_wconf 78' lang='lat' dir='ltr'><strong>transmarinis</strong></span> <span class='ocrx_word' id='word_1_329' title='bbox 2680 3012 2695 3033; x_wconf 90' lang='lat'><strong><em>‚</em></strong></span> <span class='ocrx_word' id='word_1_330' title='bbox 2721 2977 2814 3022; x_wconf 80' lang='lat' dir='ltr'><strong>nisi</strong></span> 
     </span>
     <span class='ocr_line' id='line_1_49' title="bbox 1795 3055 2814 3118; baseline -0.002 -15"><span class='ocrx_word' id='word_1_331' title='bbox 1795 3055 2002 3103; x_wconf 85' lang='lat' dir='ltr'><strong>Parthus</strong></span> <span class='ocrx_word' id='word_1_332' title='bbox 2020 3066 2234 3103; x_wconf 82' lang='lat' dir='ltr'><strong>moveret</strong></span> <span class='ocrx_word' id='word_1_333' title='bbox 2253 3056 2379 3102; x_wconf 82' lang='lat' dir='ltr'><strong>intra</strong></span> <span class='ocrx_word' id='word_1_334' title='bbox 2398 3055 2656 3118; x_wconf 86' lang='lat' dir='ltr'><strong>quintilem</strong></span> <span class='ocrx_word' id='word_1_335' title='bbox 2677 3072 2814 3102; x_wconf 87' lang='lat' dir='ltr'><strong>men·</strong></span> 
     </span>
     <span class='ocr_line' id='line_1_50' title="bbox 1791 3133 2814 3199; baseline -0.001 -18"><span class='ocrx_word' id='word_1_336' title='bbox 1791 3150 1916 3193; x_wconf 87' lang='lat' dir='ltr'><strong>sem,</strong></span> <span class='ocrx_word' id='word_1_337' title='bbox 1942 3149 2026 3182; x_wconf 86' lang='lat' dir='ltr'><strong>eos</strong></span> <span class='ocrx_word' id='word_1_338' title='bbox 2051 3150 2195 3199; x_wconf 89' lang='lat' dir='ltr'><strong>posse</strong></span> <span class='ocrx_word' id='word_1_339' title='bbox 2222 3133 2468 3181; x_wconf 85' lang='lat' dir='ltr'><strong>decedere.</strong></span> <span class='ocrx_word' id='word_1_340' title='bbox 2487 3134 2558 3180; x_wconf 77' lang='lat' dir='ltr'><strong>At</strong></span> <span class='ocrx_word' id='word_1_341' title='bbox 2579 3133 2631 3180; x_wconf 88' lang='lat' dir='ltr'><strong>id</strong></span> <span class='ocrx_word' id='word_1_342' title='bbox 2649 3135 2814 3196; x_wconf 76' lang='lat' dir='ltr'><strong>ipsum</strong></span> 
     </span>
     <span class='ocr_line' id='line_1_51' title="bbox 1792 3211 2815 3277; baseline 0.001 -19"><span class='ocrx_word' id='word_1_343' title='bbox 1792 3223 1983 3277; x_wconf 85' lang='lat' dir='ltr'><strong>tempus</strong></span> <span class='ocrx_word' id='word_1_344' title='bbox 2009 3215 2180 3263; x_wconf 87' lang='lat' dir='ltr'><strong>Cicero</strong></span> <span class='ocrx_word' id='word_1_345' title='bbox 2207 3213 2407 3260; x_wconf 79' lang='lat' dir='ltr'><strong>timebat</strong></span> <span class='ocrx_word' id='word_1_346' title='bbox 2424 3246 2438 3268; x_wconf 90' lang='lat'>,</span> <span class='ocrx_word' id='word_1_347' title='bbox 2475 3211 2685 3275; x_wconf 88' lang='lat' dir='ltr'><strong>ideoque</strong></span> <span class='ocrx_word' id='word_1_348' title='bbox 2721 3228 2815 3259; x_wconf 77' lang='lat' dir='ltr'><strong>ex·</strong></span> 
     </span>
     <span class='ocr_line' id='line_1_52' title="bbox 1795 3291 2811 3354; baseline 0 -16"><span class='ocrx_word' id='word_1_349' title='bbox 1795 3293 2071 3353; x_wconf 88' lang='lat' dir='ltr'><strong>ceptionem</strong></span> <span class='ocrx_word' id='word_1_350' title='bbox 2122 3292 2255 3339; x_wconf 86' lang='lat' dir='ltr'><strong>illam</strong></span> <span class='ocrx_word' id='word_1_351' title='bbox 2308 3291 2503 3338; x_wconf 88' lang='lat' dir='ltr'><strong>minime</strong></span> <span class='ocrx_word' id='word_1_352' title='bbox 2553 3291 2811 3354; x_wconf 78' lang='lat' dir='ltr'><strong>probabat.</strong></span> 
     </span>
     <span class='ocr_line' id='line_1_53' title="bbox 1795 3369 2808 3427; baseline 0 -10"><span class='ocrx_word' id='word_1_353' title='bbox 1795 3370 2008 3418; x_wconf 79' lang='lat' dir='ltr'><strong>Volebat</strong></span> <span class='ocrx_word' id='word_1_354' title='bbox 2032 3382 2190 3420; x_wconf 85' lang='lat' dir='ltr'><strong>autem</strong></span> <span class='ocrx_word' id='word_1_355' title='bbox 2216 3370 2417 3417; x_wconf 89' lang='lat' dir='ltr'><strong>omnino</strong></span> <span class='ocrx_word' id='word_1_356' title='bbox 2445 3369 2562 3415; x_wconf 83' lang='lat' dir='ltr'><strong>ferri</strong></span> <span class='ocrx_word' id='word_1_357' title='bbox 2585 3404 2600 3427; x_wconf 89' lang='lat'>,</span> <span class='ocrx_word' id='word_1_358' title='bbox 2633 3380 2689 3416; x_wconf 90' lang='lat' dir='ltr'><strong>nt</strong></span> <span class='ocrx_word' id='word_1_359' title='bbox 2716 3387 2808 3417; x_wconf 79' lang='lat' dir='ltr'><strong>an·</strong></span> 
     </span>
     <span class='ocr_line' id='line_1_54' title="bbox 1795 3447 2808 3515; baseline -0.001 -18"><span class='ocrx_word' id='word_1_360' title='bbox 1795 3465 1897 3497; x_wconf 89' lang='lat' dir='ltr'><strong>nuo</strong></span> <span class='ocrx_word' id='word_1_361' title='bbox 1940 3451 2146 3515; x_wconf 88' lang='lat' dir='ltr'><strong>imperio</strong></span> <span class='ocrx_word' id='word_1_362' title='bbox 2195 3449 2451 3497; x_wconf 86' lang='lat' dir='ltr'><strong>terminato</strong></span> <span class='ocrx_word' id='word_1_363' title='bbox 2503 3447 2808 3496; x_wconf 68' lang='lat' dir='ltr'><strong>decederent.</strong></span> 
     </span>
     <span class='ocr_line' id='line_1_55' title="bbox 1790 3531 1933 3578; baseline 0.007 -1"><span class='ocrx_word' id='word_1_364' title='bbox 1790 3531 1933 3578; x_wconf 63' lang='grc' dir='ltr'><strong>ΜΔΕ.</strong></span> 
     </span>
    </p>

    <p class='ocr_par' dir='ltr' id='par_1_13' title="bbox 1863 3607 2811 3671">
     <span class='ocr_line' id='line_1_56' title="bbox 1863 3607 2811 3671; baseline -0.004 -15"><span class='ocrx_word' id='word_1_365' title='bbox 1863 3616 1950 3665; x_wconf 69' lang='grc'><strong>44.</strong></span> <span class='ocrx_word' id='word_1_366' title='bbox 1974 3607 2100 3665; x_wconf 76' lang='lat' dir='ltr'><strong>Alii,</strong></span> <span class='ocrx_word' id='word_1_367' title='bbox 2129 3628 2151 3650; x_wconf 73' lang='grc' dir='ltr'>ι</span> <span class='ocrx_word' id='word_1_368' title='bbox 2173 3608 2225 3653; x_wconf 89' lang='lat' dir='ltr'><strong>in</strong></span> <span class='ocrx_word' id='word_1_369' title='bbox 2251 3607 2598 3671; x_wconf 74' lang='lat' dir='ltr'><strong>Pompeium».</strong></span> <span class='ocrx_word' id='word_1_370' title='bbox 2619 3608 2811 3656; x_wconf 73' lang='lat' dir='ltr'><strong>J.V.L.</strong></span> 
     </span>
    </p>

    <p class='ocr_par' dir='ltr' id='par_1_14' title="bbox 1786 3685 2814 3982">
     <span class='ocr_line' id='line_1_57' title="bbox 1862 3685 2812 3747; baseline 0.001 -14"><span class='ocrx_word' id='word_1_371' title='bbox 1862 3690 1950 3744; x_wconf 71' lang='grc'><strong>45.</strong></span> <span class='ocrx_word' id='word_1_372' title='bbox 1986 3685 2389 3734; x_wconf 80' lang='lat' dir='ltr'><strong>Dissimulaneem.</strong></span> <span class='ocrx_word' id='word_1_373' title='bbox 2424 3685 2576 3747; x_wconf 86' lang='lat' dir='ltr'><strong>Quod</strong></span> <span class='ocrx_word' id='word_1_374' title='bbox 2615 3686 2812 3735; x_wconf 79' lang='lat' dir='ltr'><strong>Atticus</strong></span> 
     </span>
     <span class='ocr_line' id='line_1_58' title="bbox 1789 3765 2812 3829; baseline 0 -16"><span class='ocrx_word' id='word_1_375' title='bbox 1789 3766 2023 3829; x_wconf 87' lang='lat' dir='ltr'><strong>Pompeio</strong></span> <span class='ocrx_word' id='word_1_376' title='bbox 2062 3765 2373 3827; x_wconf 74' lang='lat' dir='ltr'><strong>attribuerat,</strong></span> <span class='ocrx_word' id='word_1_377' title='bbox 2412 3781 2562 3828; x_wconf 85' lang='lat' dir='ltr'><strong>quum</strong></span> <span class='ocrx_word' id='word_1_378' title='bbox 2591 3768 2662 3813; x_wconf 81' lang='lat' dir='ltr'><strong>ita</strong></span> <span class='ocrx_word' id='word_1_379' title='bbox 2691 3767 2812 3813; x_wconf 83' lang='lat' dir='ltr'><strong>seri·</strong></span> 
     </span>
     <span class='ocr_line' id='line_1_59' title="bbox 1787 3844 2814 3909; baseline 0 -17"><span class='ocrx_word' id='word_1_380' title='bbox 1787 3844 1951 3901; x_wconf 84' lang='lat' dir='ltr'><strong>beret,</strong></span> <span class='ocrx_word' id='word_1_381' title='bbox 1983 3866 2006 3887; x_wconf 74' lang='grc' dir='ltr'>ι</span> <span class='ocrx_word' id='word_1_382' title='bbox 2030 3844 2082 3891; x_wconf 89' lang='lat' dir='ltr'><strong>in</strong></span> <span class='ocrx_word' id='word_1_383' title='bbox 2098 3846 2383 3909; x_wconf 88' lang='lat' dir='ltr'><strong>Pompeium</strong></span> <span class='ocrx_word' id='word_1_384' title='bbox 2405 3844 2482 3892; x_wconf 80' lang='lat' dir='ltr'><strong>vel</strong></span> <span class='ocrx_word' id='word_1_385' title='bbox 2510 3844 2814 3892; x_wconf 83' lang='lat' dir='ltr'><strong>dissimulan-</strong></span> 
     </span>
     <span class='ocr_line' id='line_1_60' title="bbox 1786 3924 2205 3982; baseline -0.002 -12"><span class='ocrx_word' id='word_1_386' title='bbox 1786 3934 1909 3982; x_wconf 86' lang='lat' dir='ltr'><strong>tem,</strong></span> <span class='ocrx_word' id='word_1_387' title='bbox 1928 3933 2021 3970; x_wconf 89' lang='lat' dir='ltr'><strong>etc.</strong></span> <span class='ocrx_word' id='word_1_388' title='bbox 2042 3944 2067 3963; x_wconf 68' lang='lat' dir='ltr'>n</span> <span class='ocrx_word' id='word_1_389' title='bbox 2095 3924 2205 3970; x_wconf 79' lang='lat' dir='ltr'><strong>Bos.</strong></span> 
     </span>
    </p>

    <p class='ocr_par' dir='ltr' id='par_1_15' title="bbox 1790 3997 2811 4142">
     <span class='ocr_line' id='line_1_61' title="bbox 1861 3997 2811 4067; baseline 0 -18"><span class='ocrx_word' id='word_1_390' title='bbox 1861 4003 1944 4057; x_wconf 75' lang='lat'><strong>46.</strong></span> <span class='ocrx_word' id='word_1_391' title='bbox 1969 3997 2241 4067; x_wconf 78' lang='grc' dir='ltr'><strong>Οἰκονομία.</strong></span> <span class='ocrx_word' id='word_1_392' title='bbox 2268 4001 2406 4049; x_wconf 84' lang='lat' dir='ltr'><strong>Ordo</strong></span> <span class='ocrx_word' id='word_1_393' title='bbox 2422 4038 2438 4064; x_wconf 86' lang='lat'>‚</span> <span class='ocrx_word' id='word_1_394' title='bbox 2472 4013 2520 4048; x_wconf 89' lang='lat' dir='ltr'><strong>et</strong></span> <span class='ocrx_word' id='word_1_395' title='bbox 2548 4003 2811 4067; x_wconf 80' lang='lat' dir='ltr'><strong>dispositio</strong></span> 
     </span>
     <span class='ocr_line' id='line_1_62' title="bbox 1790 4081 2599 4142; baseline 0.005 -16"><span class='ocrx_word' id='word_1_396' title='bbox 1790 4095 1947 4127; x_wconf 82' lang='lat' dir='ltr'><strong>rerum</strong></span> <span class='ocrx_word' id='word_1_397' title='bbox 1971 4115 1984 4137; x_wconf 94' lang='lat'>‚</span> <span class='ocrx_word' id='word_1_398' title='bbox 2008 4097 2116 4142; x_wconf 81' lang='lat' dir='ltr'><strong>quae</strong></span> <span class='ocrx_word' id='word_1_399' title='bbox 2136 4081 2432 4130; x_wconf 84' lang='lat' dir='ltr'><strong>scribuntur.</strong></span> <span class='ocrx_word' id='word_1_400' title='bbox 2457 4082 2599 4129; x_wconf 67' lang='grc' dir='ltr'><strong>ΜΑπ.</strong></span> 
     </span>
    </p>
   </div>
  </div>
 </body>
</html>
