3023 4773
512 439 1026 512 EPISTOLAE
1074 440 1213 507 AD
1263 438 1767 524 ATTICUM,
1816 441 1951 524 IV,
2009 436 2117 506 16.
2234 435 2362 508 521

258 561 475 652 liis²⁶‚
516 587 676 660 quae
718 574 924 632 erant
975 559 1395 631 omnibusw
1440 564 1689 630 sortita
1726 560 1803 629 in
1843 559 2162 656 singulos
2205 585 2378 631 can-

258 673 577 757 didium,
642 694 947 768 magnus
995 672 1216 739 timor
1273 667 1840 741 candidatorum.
1900 667 2037 740 Sed
2083 667 2378 765 quidam

249 782 567 878 J'udices,
597 783 670 851 in
700 780 812 850 his
840 781 1168 876 Opimius
1191 782 1439 849 Veien.
1460 784 1625 849 Tro.
1653 775 2016 866 Antius²⁸‚
2044 778 2376 874 tribunos

254 891 492 990 plebis
535 890 1025 990 appellarunt,
1064 914 1158 960 ne
1194 888 1467 984 injussu
1502 886 1761 986 populi
1782 886 2208 983 judicarent.
2236 892 2377 958 Res

257 999 452 1071 cedit
470 1011 559 1070 ²9.
605 999 908 1070 Comitia
951 996 1167 1069 dilata
1209 1023 1295 1068 ex
1334 987 2000 1084 senatusconsultO,
2051 995 2228 1066 dum
2262 996 2378 1066 lex

255 1106 348 1178 de
378 1110 597 1180 tacito
618 1106 894 1202 judicio
922 1104 1255 1179 ferretur.
1290 1108 1508 1178 Venit
1535 1107 1671 1204 legi
1700 1106 1894 1177 dies:
1925 1102 2378 1176 Terentius³⁰

252 1218 677 1290 intercessit.
733 1217 1117 1302 Consules,
1181 1221 1308 1313 qui
1363 1215 1543 1286 illud
1595 1217 1734 1286 levi
1774 1213 2151 1286 brachi0³¹
2195 1217 2376 1311 egis-

253 1343 419 1399 sent
440 1383 460 1416 ,
499 1352 651 1398 rem
685 1328 774 1398 ad
806 1341 1133 1399 senatum
1170 1326 1609 1399 detulerunt.
1644 1329 1777 1397 Hic
1808 1324 2091 1397 Abdera
2108 1321 2198 1411 ³²,
2225 1348 2378 1394 non
2451 1374 2456 1380 -

251 1453 536 1510 tacente
578 1463 716 1508 me.
760 1441 1005 1525 Dices,
1056 1451 1301 1510 tamen
1336 1450 1417 1506 tu
1456 1460 1608 1506 non
1653 1434 2005 1532 quiescis?
2043 1439 2412 1529 Ignosce,

252 1550 375 1617 vix
413 1564 733 1645 possum.
766 1551 1278 1617 Verumtamen
1315 1544 1492 1643 quid
1528 1561 1675 1616 tam
1709 1542 2130 1615 ridiculum?
2159 1547 2384 1613 ‘Sena-

250 1670 373 1726 tus
398 1656 862 1742 decreverat,
910 1679 1005 1724 ne
1058 1659 1257 1752 prius
1305 1656 1595 1727 comitia
1643 1653 2118 1738 haberentur,
2161 1676 2381 1748 quam

250 1764 375 1837 lex
415 1765 557 1836 lata
592 1779 818 1852 esset;
860 1769 919 1835 si
960 1766 1087 1861 qui
1117 1766 1667 1852 intercessisset,
1705 1789 1819 1836 res
1850 1768 2123 1860 integra
2156 1760 2379 1832 refer-

248 1890 483 1946 retur.
520 1880 774 1970 Coepta
806 1871 976 1944 ferri
1007 1874 1259 1946 leviter
1278 1871 1341 1917 ³³
1366 1902 1386 1962 ;
1415 1877 1884 1947 intercessum
1922 1899 2071 1944 non
2104 1873 2381 1956 invitis;

246 2070 427 2120 rentur
450 2058 512 2105 ab
539 2059 693 2106 effuso
722 2056 908 2105 ambitu
925 2093 939 2116 ,
965 2058 1275 2122 largitionem

250 2139 570 2194 omittes-eun
606 2152 756 2200 quum
780 2123 1111 2200 ¹intelligerent
1142 2137 1275 2184 sutu-

248 2232 404 2274 rum,
446 2227 501 2262 ut
545 2215 677 2262 irrita
720 2227 844 2266 esset
895 2214 1193 2279 designatio,
1234 2216 1275 2264 si

249 2293 475 2362 damnati
503 2294 653 2342 tacito
685 2294 873 2354 judicio
906 2294 1124 2342 fuissent.
1162 2295 1278 2346 Erat

246 2372 410 2440 igitur
425 2373 488 2421 ad
505 2373 823 2422 cohibendam
839 2373 1107 2437 largitionis
1122 2373 1278 2438 impu·

248 2452 475 2515 dentiam
500 2454 635 2517 quasi
660 2454 850 2501 frenum
867 2452 1116 2517 quoddam
1142 2452 1278 2501 taciti

246 2531 435 2597 judicii
461 2535 647 2580 timore.
676 2534 819 2581 Mur.

330 2612 418 2659 26.
452 2611 692 2660 Consiliis.
711 2609 958 2659 Judicum.
984 2613 1136 2659 Inna.

331 2705 422 2750 27.
454 2691 696 2739 Omnibus.
723 2693 833 2738 Jam
850 2690 975 2737 facta
993 2700 1094 2756 erat
1113 2689 1165 2736 in
1182 2690 1280 2751 sin-

253 2768 405 2833 gulos
413 2768 696 2816 candidatos
705 2768 926 2829 judicum
940 2767 1132 2816 sortitio
1141 2767 1161 2832 (
1170 2784 1280 2821 nam

253 2864 368 2901 non
393 2847 558 2894 eadem
589 2858 721 2896 erant
749 2848 964 2895 omnium
994 2846 1279 2894 candidato-

253 2942 376 2973 rum
409 2924 677 2992 consilia),
722 2926 807 2972 sed
837 2926 1021 2987 judicia
1058 2926 1280 2974 nondum

254 3006 414 3055 ficta.
436 3005 589 3050 Inus.

337 3085 428 3131 28.
450 3082 663 3147 Opimius
673 3084 887 3131 VEIEN.
907 3086 1060 3133 TRO.
1086 3083 1279 3134 Antius.

196 3142 211 3190 ἱ
258 3166 380 3211 Hoc
398 3173 493 3222 est,
519 3163 732 3225 Opimius
754 3161 1030 3220 Veieneina,
1057 3165 1099 3208 T
1094 3180 1282 3210 tomen

257 3242 377 3290 tina
409 3240 605 3291 Antius.
648 3243 857 3290 Nomina
892 3252 1007 3291 sunt
1040 3241 1280 3301 tribuum,

257 3321 317 3368 in
339 3336 540 3384 quarum
559 3319 713 3384 prima
732 3320 1017 3367 censebatur
1034 3320 1283 3383 Opimius,

260 3401 321 3447 iu
347 3400 497 3447 altera
526 3399 719 3447 Antias.
749 3402 884 3463 Saepe
910 3401 1038 3446 enim
1066 3398 1287 3460 tribubus

263 3479 510 3542 designasti
524 3477 744 3527 solebant
752 3479 882 3526 cives
894 3479 1093 3526 romani.
1111 3477 1288 3528 Caelius

263 3559 325 3606 in
363 3560 502 3621 epist.
534 3558 597 3605 ad
640 3558 743 3606 Cic.
790 3559 900 3606 Div.
922 3559 1070 3618 vm,
1092 3559 1138 3604 8.
1169 3559 1285 3606 Bos.

263 3662 346 3675 -—-
358 3636 534 3685 Merito
552 3636 818 3701 probarunt
834 3637 1010 3685 eruditi
1025 3638 1114 3685 viri
1132 3654 1289 3686 emen-

268 3716 517 3765 dationem
531 3717 660 3764 Bosii
670 3750 684 3775 ,
698 3717 783 3764 sed
802 3716 1175 3783 explicationem
1188 3734 1288 3765 non

265 3812 475 3861 possum
497 3797 728 3859 probare,
755 3813 906 3860 quum
931 3814 993 3845 ex
1018 3798 1216 3862 Opimio
1239 3809 1289 3847 et

265 3876 426 3925 Antio
454 3875 577 3923 duos
601 3874 822 3923 homines
849 3877 979 3927 facit.
1006 3878 1055 3923 Si
1087 3876 1187 3925 duo
1216 3876 1290 3924 ‹li-

268 3955 400 4002 versi
452 3955 671 4001 homines
728 3954 937 4003 fuissent
954 3990 968 4013 ‚
1024 3955 1288 4004 secundum

268 4049 517 4081 romanam
570 4034 974 4081 consuetudinem
1025 4036 1290 4099 scripsisset

271 4112 446 4161 Cicero
483 4111 696 4175 Opimius
728 4112 860 4160 Veie.
894 4124 940 4161 ee
970 4113 1142 4161 Antius
1181 4116 1288 4183 Tro.

1361 2059 1565 2109 Nullum
1618 2060 1823 2109 dubium
1873 2061 2123 2126 Opimium
2177 2059 2380 2106 Antium

1362 2139 1585 2186 eumdem
1611 2155 1711 2186 esse
1738 2141 1981 2187 hominem
1996 2175 2010 2195 ‚
2042 2141 2126 2202 qui
2152 2138 2273 2185 duas
2297 2138 2386 2183 tri-

1362 2217 1454 2265 bus
1476 2217 1698 2265 babuerit
1712 2252 1726 2276 ,
1749 2219 1946 2265 alteram
1962 2218 2239 2275 nativitate,
2260 2216 2384 2263 alte-

1364 2313 1466 2345 ram
1488 2296 1773 2361 adoptione.
1798 2299 1977 2345 Gnaev.

1439 2392 1523 2439 29.
1552 2376 1641 2424 Res
1669 2374 1810 2424 cedit.
1837 2375 1968 2423 Vict.
1991 2375 2127 2423 Man.
2158 2371 2387 2421 Rescidie.

1364 2461 1586 2505 Fortasse
1612 2454 1866 2518 legendum
1881 2489 1896 2514 ,
1928 2455 2018 2502 Res
2043 2453 2115 2501 ad
2135 2454 2386 2499 Senatum.

1365 2536 1534 2584 Ursin.
1572 2536 1695 2594 vel,
1731 2551 1784 2582 re
1817 2537 1865 2583 S.
1912 2533 1969 2582 C.
2004 2536 2072 2581 D.
2108 2532 2162 2579 id
2196 2542 2296 2589 est,
2330 2547 2383 2577 re

1366 2615 1784 2662 senatusconsulto
1803 2614 2010 2662 decreta.
2028 2614 2190 2660 Cous.
2208 2636 2276 2647 —-
2291 2613 2357 2657 Le
2379 2638 2386 2645 ·

1367 2694 1580 2741 ctionem
1625 2709 1700 2739 res
1741 2693 1899 2749 cedit,
1950 2692 2194 2756 potiorem
2249 2687 2388 2735 ducit

1367 2771 1570 2832 Bosius,
1613 2782 1662 2819 et
1702 2771 1921 2835 sequitur
1961 2768 2274 2831 Mongaltins.
2312 2792 2384 2802 —-

1369 2851 1656 2910 Coniectura
1682 2861 1754 2898 est
1780 2850 1935 2906 Booti,
1966 2865 2075 2912 quae
2109 2857 2265 2893 tamen
2295 2846 2385 2891 Er-

1367 2930 1527 2978 nestio
1550 2946 1652 2978 non
1671 2931 1916 2977 satisfacit.
1936 2928 2061 2975 Edd.
2073 2943 2147 2990 pr.
2161 2922 2386 2972 Rescidie.

1367 3011 1419 3058 J·
1434 3011 1639 3137 {inIn-T
1633 3084 1857 3135 orentius.
1918 3083 2165 3131 Tribunus
2215 3079 2388 3144 plebis.

1367 3169 1526 3296 Μλδπι.
1554 3244 1663 3293 Levi
1682 3242 1895 3292 brachio.
1920 3242 2036 3290 Non
2053 3239 2385 3287 vehementer:

1370 3326 1454 3389 qui
1474 3325 1537 3372 ad
1557 3323 1798 3389 populum
1822 3322 1881 3370 de
1900 3321 2049 3368 tacito
2060 3317 2248 3381 judicio
2270 3314 2395 3362 levi-

1372 3414 1445 3453 ter
1463 3402 1702 3452 tulissent.
1730 3404 1884 3449 lusu.

1443 3484 1529 3531 32.
1569 3482 1663 3529 Hic
1698 3481 1915 3528 Abdera.
1953 3478 2048 3524 Hic
2079 3490 2261 3522 summa
2296 3472 2391 3519 snit

1374 3573 1650 3609 senatorum
1667 3560 1897 3608 stultitia:
1919 3569 1973 3604 ut
1993 3553 2243 3603 Abderita.-
2264 3551 2394 3598 vide·

1374 3651 1543 3689 rentur
1574 3656 1587 3689 ε
1630 3641 1691 3687 de
1731 3653 1936 3703 quorum
1979 3645 2202 3697 stupore,
2244 3642 2389 3693 atque

1375 3721 1560 3768 insania
1614 3719 1754 3766 multi
1807 3717 2120 3778 scripserunt.
2182 3712 2241 3758 Et
2287 3710 2392 3774 ipse

1365 3801 1524 3859 infra,
1566 3816 1643 3862 ep.
1688 3815 1736 3859 7,
1774 3796 1858 3843 lib.
1895 3796 2022 3850 VII,
2061 3803 2160 3850 est,
2197 3792 2388 3853 inquit,

1370 3872 1702 3944 ἀῧὸηᾳιτυιὸν,
1742 3876 1794 3923 id
1832 3884 1930 3932 est,
1969 3874 2153 3920 ratione
2192 3886 2387 3926 carens,

1376 3958 1515 4023 quasi
1540 3958 1718 4004 factum
1740 3955 2096 4003 Abderitarum.
2119 3954 2270 3998 Inus.
2344 3959 2348 3964 '

1448 4040 1536 4086 33.
1566 4039 1678 4086 Ern.
1705 4047 1843 4102 putat
1870 4034 2178 4083 scribendum
2207 4028 2399 4079 leniter.

1376 4122 1424 4168 J.
1447 4118 1509 4165 V.
1534 4120 1587 4165 L.
