3023 4773
620 399 751 470 130
1000 475 1010 484 .
1255 398 1350 465 M.
1406 396 1484 463 T.
1539 394 2098 464 CICERONIS

607 526 860 595 Amani
883 534 1213 591 naturam
1237 514 1442 588 facile
1468 516 1864 586 tenuissem
1890 513 2068 608 (duo
2097 527 2267 585 sunt
2285 516 2478 585 enim
2506 513 2745 588 aditus

606 641 681 705 in
712 633 1027 704 Ciliciam
1056 652 1146 700 ex
1173 630 1412 723 Syria-3
1440 648 1757 721 quorum
1786 638 2097 721 uterque
2130 627 2369 721 parvis
2398 624 2744 721 praesidiis

608 757 909 842 propter
930 739 1293 837 angustias
1325 733 1708 806 intercludi
1731 747 2008 831 potest,
2044 757 2179 805 nec
2205 748 2316 805 est
2342 734 2742 832 quidquam

605 853 847 926 Cilicia
880 861 1133 920 contra
1176 846 1451 941 Syriam
1495 842 1887 938 munitius)
1917 870 1933 912 ε
1970 843 2098 915 sed
2132 868 2251 915 me
2286 845 2745 943 Cappadocia

602 960 973 1046 movebat,
1008 983 1168 1055 quae
1197 968 1396 1054 patet
1427 979 1467 1026 a
1493 955 1726 1050 Syria,
1758 977 2111 1051 regesque
2135 952 2354 1026 habet
2372 953 2742 1042 finitimos»,

605 1073 731 1171 qui
773 1068 1050 1141 etiamsi
1090 1079 1263 1138 sunt
1310 1066 1519 1136 amici
1563 1061 1814 1153 nobi5‚
1866 1078 2112 1135 tamen
2165 1078 2413 1162 aperte
2460 1065 2738 1137 Parthis

602 1184 872 1253 inimici
916 1202 1071 1251 esse
1114 1201 1267 1247 non
1319 1175 1613 1247 audent.
1672 1179 1928 1271 Itaque
1977 1175 2054 1244 in
2111 1174 2572 1273 Cappadocia
2616 1200 2739 1248 ex-

603 1309 835 1366 trema
885 1315 1040 1361 non
1101 1288 1315 1385 longe
1364 1311 1406 1358 a
1459 1291 1697 1357 Tauro
1746 1282 1942 1383 apud
1999 1284 2352 1383 oppidum
2411 1283 2741 1382 Cybistra

602 1418 830 1476 castra
870 1399 1041 1487 feci,
1078 1412 1160 1470 ut
1199 1412 1272 1470 et
1307 1397 1629 1468 Ciliciam
1659 1410 1925 1482 tuerer,
1963 1409 2039 1466 et
2073 1394 2600 1494 Cappadociam
2640 1410 2745 1468 te-

603 1538 811 1599 nem,
839 1534 1026 1582 nova
1053 1508 1532 1580 finitimorum
1556 1505 1850 1578 consilia
1875 1504 2326 1604 impedirem.
2353 1511 2637 1579 Interea
2662 1508 2742 1577 in

603 1624 743 1695 hoc
773 1636 973 1694 tanto
1000 1634 1204 1691 motu
1227 1674 1246 1706 ‚
1273 1633 1623 1715 tantaque
1659 1618 2195 1714 exspectatione
2223 1618 2514 1687 maximi
2545 1615 2741 1705 belli,

599 1760 728 1807 rex
769 1734 1191 1827 Dejotarus‚
1235 1731 1352 1802 cui
1391 1754 1541 1800 non
1581 1730 1738 1800 sine
1770 1752 1980 1799 causa
2021 1727 2416 1824 plurimum
2453 1752 2745 1827 semper

602 1857 675 1916 et
703 1868 905 1925 meo,
947 1855 1019 1912 et
1053 1854 1218 1927 tu0‚
1259 1855 1331 1910 et
1364 1854 1655 1910 senatus
1688 1837 2003 1933 judicio,
2038 1837 2393 1909 tributum
2437 1853 2571 1926 est,
2627 1840 2745 1909 vir

599 1978 829 2052 quum
871 1950 1361 2022 benivolentia
1412 1965 1484 2020 et
1534 1948 1679 2020 fide
1731 1973 1899 2045 erga
1953 1948 2314 2046 populum
2354 1972 2743 2020 romanum

601 2062 982 2162 singulari,
1040 2074 1195 2131 tum
1250 2064 1620 2159 praesentis
1672 2059 2217 2157 magnitudine‘*
2274 2074 2349 2131 et
2405 2060 2623 2131 animi
2667 2075 2747 2133 et

601 2173 917 2258 consilii,
976 2172 1247 2269 legatos
1288 2170 1378 2243 ad
1425 2196 1544 2242 me
1592 2173 1821 2260 misit,
1868 2194 1944 2242 se
2002 2195 2172 2242 cum
2210 2171 2552 2243 omnibus
2589 2173 2748 2245 suis

600 2287 826 2383 copiis
863 2288 937 2354 in
974 2308 1134 2354 mea
1173 2298 1399 2354 castra
1429 2306 1583 2353 esse
1620 2296 2034 2353 venturum.
2075 2283 2297 2378 Cujus
2333 2306 2468 2381 ego
2496 2283 2745 2355 studio

600 2396 989 2493 officioque
1014 2409 1451 2480 commotus,
1488 2394 1604 2491 egi
1639 2397 1707 2464 ei
1734 2417 1867 2491 per
1893 2392 2134 2465 literas
2170 2396 2470 2492 gratias3
2511 2394 2746 2491 idque

575 2522 680 2601 ⁸ut
713 2520 1141 2591 maturaret,
1166 2504 1494 2575 hortatus
1528 2529 1709 2575 sum.
1737 2505 1985 2596 Quum
2010 2517 2253 2575 autem
2281 2502 2371 2575 ad
2407 2502 2749 2600 Cybistra

601 2630 903 2717 propter
945 2615 1299 2685 rationem
1335 2612 1509 2685 belli
1547 2615 1876 2712 quinque
1919 2612 2090 2685 dies>
2112 2638 2339 2685 essem
2369 2627 2694 2685 moratus
2724 2643 2743 2684 :

596 2748 841 2822 regem
879 2721 1437 2795 Ariobarzanem
1459 2777 1479 2810 ‚
1513 2724 1718 2819 cujus
1742 2723 2049 2817 salutem
2088 2747 2128 2794 a
2170 2737 2463 2811 senatu,
2507 2737 2581 2795 te
2617 2749 2752 2795 au-

597 2851 833 2921 ctore,
879 2832 1457 2904 commendatam
1495 2832 1894 2922 habebam,
1947 2832 2423 2934 praesentibus
2463 2834 2750 2907 insidiis

597 2971 736 3019 nec
782 2946 1202 3043 opinantem
1249 2943 1548 3015 liberavi
1594 2971 1609 3012 t
1664 2968 1904 3042 neque
1954 2946 2191 3017 solum
2235 2946 2301 3016 ei
2337 2945 2546 3016 saluti
2591 2943 2750 3034 fui;

597 3058 723 3132 sed
749 3058 962 3128 etiam
983 3056 1226 3127 curavi
1242 3107 1262 3141 ,
1280 3068 1367 3125 ut
1383 3078 1547 3125 cum
1569 3058 1997 3127 auctoritate
2023 3068 2381 3152 regnaret.
2403 3057 2750 3143 Metram,

598 3186 671 3243 et
698 3194 891 3256 eum,
919 3188 1139 3265 quem
1167 3179 1248 3235 tu
1286 3163 1669 3259 diligenter
1703 3164 1882 3235 mihi
1925 3164 2494 3255 commendam,
2520 3164 2755 3240 Athe-

599 3303 876 3363 naeum,
937 3273 1486 3373 importunitate
1532 3272 1997 3347 Athenaidis⁵
2053 3276 2300 3346 exsilio
2355 3276 2749 3367 multatos,

599 3393 908 3459 maxima
939 3383 1135 3483 apud
1174 3407 1421 3481 regem
1467 3389 1896 3459 auctoritate
1945 3388 2318 3485 gratiaque
2363 3391 2743 3460 constitui.

598 3500 993 3595 Quumque
1034 3520 1375 3593 magnum
1420 3495 1698 3569 bellum
1738 3500 1812 3569 in
1853 3497 2307 3595 Cappadocia
2337 3498 2746 3571 concitare·

671 3679 721 3725 4.
739 3668 837 3716 Alii
851 3701 868 3726 ‚
892 3666 1159 3732 praestanti
1175 3666 1382 3732 magnit.
1397 3670 1467 3715 Ita
1487 3669 1625 3716 Lam·
1711 3684 1813 3716 esse
1840 3668 2290 3731 interpretationem
2322 3671 2406 3717 τοῦ
2435 3667 2710 3732 prasentia
2727 3703 2744 3724 ,

596 3746 762 3796 binus'
785 3763 850 3795 ex
895 3747 1205 3794 Memmianis
1250 3746 1406 3795 libris.
1453 3749 1620 3810 Quum
1711 3764 1821 3811 quse
1854 3746 2061 3810 margini
2107 3747 2232 3795 illita
2271 3758 2440 3812 postea
2486 3747 2537 3795 in
2575 3747 2749 3811 ipsum

592 3843 711 3875 vero
747 3824 1013 3875 Medicam
1052 3825 1252 3884 babeat,
1293 3847 1318 3867 α
1335 3826 1588 3890 praesentia
1605 3861 1619 3883 ,
1708 3837 1992 3875 contextum
2044 3827 2256 3891 irrepsit.
2302 3829 2479 3877 ὕων.
2520 3850 2586 3859 -
2630 3828 2748 3878 Imo

592 3903 960 3969 magnitudine·
976 3937 993 3962 ‚
1026 3904 1280 3953 Victorius
1332 3904 1618 3955 emendabat
1704 3906 1839 3954 aliud
1865 3917 1937 3954 est
1960 3907 2255 3971 puemitia,
2284 3906 2419 3955 alind
2449 3906 2747 3973 magnitudo

588 4011 613 4029 ..
640 3983 867 4050 pruenti
916 3983 1251 4046 magnitudine
1268 4004 1309 4032 ιι.
1358 3986 1506 4032 Om.
1547 4012 1616 4021 —
1704 3985 1853 4033 animi
1880 3998 1930 4035 et
1957 3987 2167 4037 consilii.
2185 3989 2277 4035 En.

585 4068 850 4129 Postquam
881 4061 1044 4110 omnia
1077 4062 1167 4110 din
1200 4063 1506 4111 consideravi
1522 4099 1536 4121 ‚
1564 4065 1616 4111 in
1780 4065 1826 4113 5.
1848 4064 2159 4117 Athenaidis.
2180 4066 2400 4130 Reginae,
2418 4065 2590 4114 matris
2612 4070 2749 4134 regis

584 4161 691 4193 eam
718 4141 915 4193 discessi
937 4142 1256 4205 sententiam,
1277 4142 1618 4208 magnitudine
1705 4146 1963 4210 impotenti
1994 4144 2343 4195 dominatione.
2375 4145 2622 4196 Cum.-
