3023 4773
617 357 1126 431 EPISTOLAE
1173 360 1312 427 AD
1363 359 1866 442 uncum,
1914 360 1987 442 1,
2045 380 2149 453 19.
2305 356 2433 440 341

331 482 492 568 tibi,
528 504 777 551 verum
800 481 1043 563 etiam,
1069 481 1126 547 si
1147 492 1293 548 tam
1320 475 1577 548 breves
1609 477 1946 575 epistolas
1971 476 2257 548 vellem¹
2279 477 2442 546 mit-

331 600 787 687 tere,quam²
818 603 898 659 tu
918 587 1103 658 soles
1123 584 1380 673 facere,
1397 599 1469 657 te
1492 609 1928 683 superarem,
1949 600 2022 656 et
2040 583 2159 655 in³
2181 585 2449 682 scripto

331 700 563 771 multo
606 723 832 770 essem
875 695 1233 783 crebrior,
1269 719 1489 793 quam
1528 709 1609 766 tu
1643 721 1660 763 :
1700 693 1827 766 sed
1862 694 1953 765 ad
1996 719 2308 766 summas
2349 707 2448 764 at-

326 834 473 907 que
533 806 985 880 incredibiles
1047 807 1559 904 occupationes
1622 829 1817 876 meas
1881 804 2188 890 accedit,
2250 805 2449 901 quod

329 918 602 989 nullam
644 943 686 990 a
717 941 832 987 me
863 915 1244 1013 epistolam
1276 914 1366 986 ad
1400 931 1473 987 te
1510 916 1669 986 sino
1711 913 1988 1012 absque
2023 929 2450 1011 argumento

329 1051 411 1098 ac
454 1029 808 1100 sententia
853 1030 1253 1124 pervenire.
1309 1030 1400 1095 Et
1449 1029 1764 1123 primum
1814 1024 1983 1112 tibi,
2039 1040 2121 1094 ut
2163 1048 2450 1121 aequum

330 1150 469 1225 est,
518 1139 654 1209 civi
689 1138 956 1208 amanti
994 1138 1331 1234 patriam,
1376 1161 1537 1233 quae
1574 1151 1744 1207 sunt
1779 1138 1855 1206 in
1897 1134 2301 1233 republica,
2339 1159 2454 1204 ex-

328 1270 639 1344 ponam;
694 1245 997 1333 deinde,
1055 1249 1400 1343 quoniam
1461 1244 1591 1316 tibi
1645 1269 1889 1316 amore
1945 1270 2083 1317 nos
2146 1246 2454 1343 proximi

328 1378 573 1426 sumus
590 1410 611 1444 ,
643 1354 1041 1428 scribemus
1068 1356 1280 1426 etiam
1311 1353 1402 1425 de
1426 1353 1644 1426 nobis
1672 1379 1755 1425 ea
1772 1409 1791 1442 ,
1817 1379 1978 1451 quae
1996 1356 2178 1426 scire
2207 1368 2275 1425 te
2304 1379 2453 1424 non

328 1463 523 1535 nolle
571 1465 1019 1537 arbitramur.
1068 1470 1304 1561 Atque
1357 1465 1432 1535 in
1479 1464 1852 1562 republica
1902 1488 2099 1535 nunc
2158 1463 2453 1562 quidem

333 1575 635 1645 maxime
671 1575 924 1647 Gallici
961 1574 1131 1646 belli
1165 1589 1493 1646 versatur
1523 1588 1780 1656 metus.
1816 1576 1995 1645 Nam
2028 1573 2278 1662 AEdui,
2310 1571 2455 1644 fra-

331 1697 475 1755 tres
510 1690 735 1756 nostri
751 1690 809 1772 4,
846 1682 1216 1783 pugnant⁵
1237 1713 1255 1772 ;
1293 1686 1608 1781 Sequani
1641 1684 1958 1783 pei-male
1995 1698 2452 1782 pugnarunt;

330 1808 406 1865 et
443 1794 747 1865 Helvetii
784 1796 938 1864 sine
973 1793 1201 1864 dubio
1239 1809 1409 1865 sunt
1451 1796 1527 1863 in
1554 1797 1806 1881 armis,
1842 1794 2452 1888 excursionesque

329 1905 408 1973 in
438 1899 928 2001 provinciam⁶
965 1900 1254 1972 faciunt.
1292 1907 1595 1977 Senatus
1621 1904 1937 1976 decrevit
1956 1959 1975 1992 ,
2006 1918 2089 1973 ut
2121 1903 2450 1974 consules

328 2012 513 2083 duas
551 2010 813 2083 Gallias
840 2015 1302 2100 sortirentur,
1334 2013 1656 2084 delectus
1691 2013 2110 2102 haberetur,
2141 2015 2454 2084 vacatio·-

331 2133 505 2194 nes⁷
551 2147 643 2193 ne
682 2122 1031 2207 valerent,
1075 2122 1285 2218 legati
1319 2146 1482 2192 cum
1522 2125 1940 2194 auctoritate
1967 2126 2453 2210 mitterentur,

330 2231 463 2327 qui
516 2229 797 2302 adirent
829 2230 1075 2301 Galliae
1116 2232 1467 2318 civitateS,
1529 2232 1930 2329 darentque
1971 2258 2300 2332 operam,
2360 2260 2449 2303 ne

331 2335 431 2426 eae
458 2365 623 2412 cum
646 2341 981 2413 Helvetiis
1004 2341 1500 2439 sejungerent.
1534 2347 1780 2440 Legati
1807 2356 1979 2414 sunt
2000 2347 2086 2435 Q.
2118 2343 2450 2422 Metellus

332 2445 720 2538 Creticus⁸‚
778 2452 969 2519 etL.
1005 2448 1369 2538 Flaccus9,
1405 2465 1509 2536 et,
1549 2454 1623 2519 τὸ
1674 2452 1771 2520 ἐπὶ
1827 2461 1904 2546 τῇ
1953 2460 2196 2547 φακῇῑῡ
2239 2457 2447 2546 μύρον,

1508 2647 1557 2690 7.
1599 2631 1904 2680 retentiones.
1943 2633 2003 2679 In
2035 2646 2209 2695 magno
2235 2632 2447 2680 tumultu

1432 2720 1483 2758 et
1494 2720 1704 2757 extrema
1718 2709 1998 2774 reipublicae
2007 2710 2287 2759 necessitate
2294 2728 2445 2774 quum

1434 2786 1651 2836 delectus
1675 2787 1850 2845 flebat,
1872 2789 2020 2838 etiam
2043 2788 2116 2837 illi
2135 2790 2221 2854 qui
2243 2791 2450 2837 vacatio·

1433 2883 1547 2915 uem
1569 2882 1598 2913 a
1619 2865 1789 2915 militia
1814 2867 2084 2927 habebant,
2105 2880 2162 2918 ut
2177 2884 2340 2925 sena,
2367 2885 2448 2916 va-

408 2643 453 2675 x.
477 2624 602 2686 Alii,
635 2647 658 2672 a
675 2628 878 2679 veum..
897 2632 1019 2679 J.v.
1040 2636 1095 2680 L.

404 2722 453 2756 a.
483 2707 613 2768 Alii,
646 2708 820 2772 «quod
838 2732 879 2756 u.
913 2711 1162 2759 Manutius
1196 2713 1346 2772 conji-

333 2784 490 2834 ciebat
504 2820 519 2844 ‚
556 2807 579 2828 ι
602 2802 747 2850 quam
765 2799 821 2835 tu
840 2788 994 2848 aolee,
1022 2790 1162 2838 facile
1190 2802 1239 2838 te
1263 2807 1347 2838 eu·

333 2880 550 2927 pet-arem
562 2887 603 2914 υ.
629 2867 678 2914 J.
694 2868 758 2914 V.
781 2867 836 2916 1..

404 2943 453 2990 3.
486 2946 546 2991 Iu
584 2943 776 3009 scripto-
805 2946 1046 3010 Lege,1‘n
1070 2947 1341 3000 scribendo.

333 3022 540 3071 Munn-

405 3107 455 3156 4.
484 3102 677 3147 Fratres
696 3101 869 3149 nostri.
899 3103 1129 3160 Senatus,
1150 3106 1346 3168 cognita

333 3178 599 3227 AEduorum
636 3178 760 3238 fide,
809 3182 1011 3240 fratrea,
1060 3185 1346 3247 consangui-

331 3257 546 3322 neosque
607 3275 940 3324 sepenumero
1005 3260 1343 3324 appellaverat.

331 3339 519 3399 Cesar,
556 3339 838 3388 Plutarchus
855 3372 872 3398 ‚
898 3339 1074 3387 Strabo
1088 3373 1104 3398 ,
1124 3340 1343 3388 Tacitus.

331 3417 478 3465 Mu.

406 3497 456 3544 5.
486 3499 730 3560 Pugnant.
750 3498 874 3546 Cum
895 3497 1141 3559 Sequanis.
1159 3497 1241 3544 Ad
1261 3513 1343 3546 ex-

334 3584 534 3622 tremum
563 3576 803 3640 Sequani,
837 3576 1086 3623 Germanis
1124 3576 1344 3624 mercede

332 3652 810 3714 conductie,vietoria
832 3655 999 3718 potiti.
1020 3655 1200 3717 Caeaar,
1217 3655 1339 3704 Bell.

334 3731 466 3780 Gall.
489 3731 577 3779 lib.
596 3735 634 3781 1.

401 3811 457 3859 ὅ.
489 3813 555 3858 In
582 3812 900 3875 provinciam.
930 3812 1126 3861 Scilicet
1158 3812 1347 3861 Narbo-

334 3905 554 3948 nentem,
573 3906 702 3938 nunc
725 3890 1012 3956 languedoc
1026 3902 1080 3939 vet
1102 3896 1352 3940 vaence.

337 3967 465 4015 Vide
494 3969 554 4017 de
580 3969 671 4016 bac
690 3970 977 4018 excursione
997 3971 1176 4020 Caesar.
1203 3969 1354 4022 Com-

336 4059 539 4096 meutar.
567 4050 590 4095 1
618 4047 679 4095 de
704 4047 825 4097 Bell.
858 4048 1186 4116 &tlh-Gumis.

1432 2945 1733 3006 litudinarii,
1755 2944 1974 3009 opifices,
1998 2948 2195 2994 nomina
2223 2947 2340 2994 dare
2362 2963 2445 3002 co-

1435 3025 1688 3091 gebantur.
1706 3026 1872 3074 Por-n.

1505 3107 1558 3155 8.
1599 3108 1656 3168 Q.
1691 3106 1916 3154 Metellus
1952 3104 2178 3152 fficium.
2216 3108 2266 3153 A.
2301 3108 2445 3157 Creta

1432 3184 1601 3248 paullo
1636 3195 1747 3233 ante
1778 3185 1909 3233 vieta
1937 3185 2007 3232 sic
2031 3184 2205 3232 dietus.
2224 3187 2314 3249 Ep.
2338 3187 2366 3232 8
2388 3187 2450 3236 ad

1433 3260 1507 3311 Μ.
1531 3266 1666 3313 Brut.
1689 3266 1826 3313 Orat.
1848 3280 1943 3329 pro
1970 3265 2065 3313 Cn.
2095 3263 2254 3314 Plane.
2275 3275 2324 3312 et
2343 3264 2448 3313 Liv.

1433 3340 1521 3388 lib.
1548 3343 1761 3391 xcvm
1785 3354 1835 3391 et
1859 3343 2050 3391 xctx.
2078 3339 2268 3391 Consul
2289 3344 2446 3393 fuerat

1433 3434 1546 3466 cum
1571 3421 1835 3468 Hortensio
1860 3436 1976 3468 aun.
2010 3421 2133 3478 684.
2161 3424 2256 3469 En.

1504 3515 1553 3560 9.
1580 3501 1634 3546 L.
1665 3500 1880 3547 Flaccus.
1912 3502 2010 3546 Pro
2028 3514 2127 3563 quo
2147 3512 2302 3550 exstat
2324 3516 2448 3558 orat.

1431 3579 1615 3625 Praetor
1632 3577 1785 3624 fuerat
1803 3592 1934 3624 anuo
1957 3578 2236 3628 consulatus
2252 3581 2449 3632 ciem-

1437 3656 1527 3703 nia.
1556 3656 1651 3702 En.

1515 3750 1589 3781 xo.
1613 3733 1678 3782 Τὸ
1708 3731 1786 3783 ἰπὶ
1809 3738 1869 3800 τῇ
1896 3739 2024 3800 φακῇ
2047 3737 2208 3806 μύρον.
2234 3745 2294 3789 In
2322 3745 2449 3791 lente

1437 3825 1749 3878 unguentum.
1781 3815 2096 3865 Proverbium
2117 3819 2178 3867 de
2196 3822 2341 3871 rebus
2360 3824 2450 3872 bo-

1441 3894 1520 3941 uis
1560 3894 1612 3940 iu
1647 3909 1698 3940 re
1740 3892 1822 3939 vili
1845 3897 2159 3961 consumptis.
2197 3901 2354 3967 Μύρον
2380 3915 2452 3950 eat

1442 3972 1646 4036 legatio,
1674 3971 1806 4037 vox-32
1830 3972 1958 4029 lens,
1985 3985 2055 4023 est
2081 3979 2312 4026 Lentulus
2343 3979 2453 4029 Clo-

1446 4051 1635 4101 dianua.
1676 4055 1732 4100 Iu
1776 4069 1836 4101 eo
1872 4069 1990 4122 ergo
2021 4056 2307 4120 legationem
2335 4060 2456 4107 male
