3023 4773
358 436 456 503 M.
485 434 566 502 T.
606 433 796 504 CIC.
839 433 1153 503 EPIST.
1203 433 1336 500 AD
1388 433 1900 518 ATTICUM‚
1937 435 2024 523 V,
2069 457 2128 503 1.
2212 432 2352 531 539

215 555 746 626 Attilianorum.
786 558 896 625 De
940 558 1222 652 Oppio,
1265 551 1538 625 factum
1578 568 1686 624 est
1724 568 1806 625 ut
1830 554 2065 643 volui,
2099 570 2176 626 et
2201 581 2352 627 ma-

215 667 444 750 xime,
480 664 684 762 quod
719 689 901 736 nccc
936 663 1328 763 aperuisti⁶
1358 689 1375 733 t
1409 689 1570 761 quae
1601 665 1898 761 quidem
1925 691 2058 763 ego
2093 669 2350 765 utique

214 775 328 844 vel
376 799 670 847 versura
722 773 1015 872 [factm]
1069 775 1247 845 solvi
1302 774 1508 858 volo;
1561 799 1654 844 ne
1702 789 2021 852 extrema
2077 780 2356 849 exactio

217 900 636 958 nostrorum
673 883 1106 957 nominum⁸
1144 875 1628 984 exspectetur.

310 1003 527 1071 Nunc
542 1003 757 1070 venio
777 996 867 1069 ad
887 1012 1372 1069 transversum
1390 1009 1422 1056 9
1459 997 1661 1069 illum
1686 1012 2020 1068 extremae
2039 998 2357 1096 epistolae

216 1119 358 1176 tuae
391 1108 861 1197 versiculum,
901 1109 973 1177 in
1012 1133 1164 1204 quo
1200 1132 1317 1177 me
1358 1106 1707 1178 admones
1734 1106 1824 1177 de
1862 1133 2135 1178 sorore.
2180 1110 2361 1198 Quae

231 1241 346 1288 res
379 1242 454 1289 se
491 1220 591 1289 sic
626 1217 865 1290 habet.
904 1223 1004 1290 Ut
1046 1220 1209 1288 veni
1253 1219 1329 1288 in
1375 1222 1781 1316 Arpinas¹⁰‚
1830 1243 2062 1315 quum
2100 1219 2187 1290 ad
2239 1244 2359 1290 me

220 1324 441 1398 frater
471 1332 778 1400 venisset
801 1383 821 1415 ‚
856 1332 931 1399 in
963 1331 1219 1427 primis
1248 1326 1462 1398 nobis
1499 1351 1737 1399 sermo
1757 1381 1776 1412 ‚
1816 1330 2022 1425 isque
2052 1328 2360 1416 multus,

217 1435 307 1508 de
349 1451 420 1508 te
460 1436 596 1509 fuit
626 1465 642 1507 :
677 1465 764 1511 ex
801 1465 951 1537 quo
989 1445 1156 1510 veni
1198 1437 1289 1510 ad
1337 1463 1451 1527 ea,
1504 1464 1662 1533 quoe
1703 1438 2072 1511 fueramus
2111 1465 2249 1538 ego
2288 1454 2362 1511 et

218 1560 297 1616 tu
332 1548 523 1618 inter
557 1573 694 1618 nos
728 1549 820 1619 de
848 1573 1092 1619 sorore
1126 1552 1202 1620 in
1222 1549 1635 1620 Tusculano
1672 1547 1979 1645 loquuti.
2000 1548 2357 1620 Nihiltam

224 1656 373 1726 vidi
409 1658 611 1747 mite,
653 1657 832 1728 nihil
873 1673 1016 1728 tam
1058 1648 1458 1755 placatum,
1496 1682 1719 1755 quam
1760 1672 1916 1729 tum
1959 1682 2167 1730 meus
2218 1657 2363 1728 fra-

221 1781 329 1837 ter
364 1783 515 1838 erat
542 1768 616 1838 in
658 1794 985 1840 sororem
1028 1783 1270 1856 tuam;
1313 1783 1396 1839 ut
1432 1774 1644 1840 etiam
1667 1825 1687 1852 ‚
1721 1771 1780 1840 si
1820 1793 1963 1866 qua
1999 1767 2233 1840 fuerat
2274 1793 2364 1839 ex

219 1880 503 1948 ratione
535 1894 826 1976 sumpta
863 1877 1207 1966 offensio,
1263 1904 1415 1949 non
1453 1893 1858 1976 appareret.
1909 1880 2041 1949 lllo
2086 1882 2187 1954 sic
2219 1878 2358 1949 die.

215 1987 568 2058 Postridie
621 2012 707 2058 ex
749 1990 1076 2086 Arpinati
1131 1986 1438 2086 profecti
1490 2012 1763 2059 sumus,
1821 1992 1914 2060 Ut
1958 1990 2036 2058 in
2078 1991 2359 2059 Arcano

217 2097 538 2185 Quintus
564 2114 889 2169 maneret
907 2153 926 2182 ,
968 2097 1121 2169 dies
1143 2110 1164 2142 ¹
1184 2111 1203 2140 ¹
1252 2097 1422 2169 fecit
1448 2126 1463 2168 ε
1489 2124 1624 2195 ego
1649 2103 1961 2196 Aquini3
1994 2099 2120 2170 sed
2144 2122 2363 2195 pran-

214 2205 454 2277 dimus
478 2208 554 2276 in
576 2213 878 2279 Arcano.
909 2211 1114 2282 Nosti
1138 2208 1335 2279 hunc
1356 2207 1691 2278 fundum.
1713 2213 1879 2300 Quo
1903 2224 1987 2279 ut
2004 2211 2360 2293 venimu5‚

216 2313 732 2390 humanissime
780 2320 1129 2410 Quintus,
1179 2319 1619 2417 Pomponia,
1672 2320 1946 2416 inquit,
2010 2332 2093 2389 tu
2141 2320 2364 2389 invita

216 2427 592 2515 muliereS,
651 2438 786 2527 ego
843 2456 1016 2502 vero
1072 2432 1336 2502 aeciam
1392 2440 1767 2528 pueros¹².
1835 2429 2032 2501 Nihil
2095 2434 2364 2527 potuit,

282 2642 334 2693 6.
359 2646 621 2709 Aperui-sei.
650 2649 958 2712 Exposuisti,
984 2648 1249 2696 ostendisti

213 2733 263 2771 te
280 2721 506 2772 daturum
523 2760 537 2784 ,
553 2728 595 2773 si
612 2739 823 2790 urgeret.
846 2729 938 2791 Ep.
969 2735 1019 2782 4.
1046 2729 1195 2775 Mur.

287 2819 333 2862 7.
374 2806 585 2852 Versum
606 2804 772 2868 sacta.
802 2807 1064 2854 versuram
1098 2807 1240 2863 facit,

206 2880 326 2945 qni,
352 2893 491 2930 vetus
522 2894 578 2930 ut
605 2900 670 2931 ms
694 2885 904 2933 alienum
929 2885 1122 2947 solvat,
1149 2901 1245 2933 no·

206 2976 324 3006 vum
367 2961 613 3008 contrahit
653 2980 665 3009 ε
711 2962 769 3010 fit
814 2965 944 3013 enim
987 2965 1245 3012 conversio

209 3038 437 3102 quaedam
457 3072 472 3097 ‚
496 3050 544 3086 et
563 3042 770 3088 mutatio
794 3043 1070 3092 creditoris.
1090 3046 1243 3093 lusu.

286 3119 336 3164 8.
373 3118 669 3167 Nostrorum
709 3120 974 3168 nominum.
1021 3123 1246 3172 Pecunia

220 3197 338 3246 mihi
354 3196 417 3244 ab
435 3197 544 3245 eliis
563 3197 753 3249 debitae.
782 3201 929 3246 Inus.

284 3293 333 3340 9.
356 3279 710 3326 Transversum.
728 3281 897 3342 Quum
915 3278 1086 3342 pagina
1103 3313 1118 3337 ,
1137 3295 1246 3326 ver·

214 3354 349 3402 sibus
364 3366 499 3403 recto
516 3355 688 3403 ordine
698 3356 1104 3420 subsequentibus
1117 3373 1246 3405 com-

213 3435 374 3500 pleta,
399 3435 524 3482 nihil
553 3435 681 3483 ultra
708 3436 865 3501 capit3
892 3447 995 3484 tum
1014 3471 1028 3495 ,
1054 3438 1095 3483 si
1123 3437 1247 3500 qnid

213 3513 456 3574 ejusmodi
498 3526 748 3578 superest,
787 3516 929 3579 qnod
974 3516 1244 3565 multorum

215 3591 479 3641 verborum
514 3608 618 3640 non
657 3596 751 3654 sit,
787 3596 996 3644 scribere
1032 3598 1243 3644 solemus

218 3671 282 3718 de
302 3682 597 3720 transverso.
623 3676 776 3722 lusu.

289 3763 371 3799 10.
403 3752 620 3799 Protulit
638 3757 831 3802 Ernest.
858 3754 1056 3802 alteram
1079 3755 1245 3803 lectio·

218 3845 358 3888 nem,
378 3830 637 3893 Arpinum.
658 3837 712 3882 J.
737 3836 802 3881 V.
830 3834 884 3880 L.

286 3925 308 3955 1
322 3922 367 3957 1.
386 3908 518 3959 Dies.
540 3912 657 3959 Non
679 3913 854 3960 diesin
870 3928 1123 3976 vesperum
1134 3911 1237 3980 jam

208 4005 416 4052 vergens
441 3991 461 4051 (
481 4006 593 4037 nem
617 4003 666 4039 et
693 3993 914 4039 Marcum
933 3993 1130 4040 fratrem
1157 4009 1239 4039 ee·

207 4067 320 4115 dem
368 4083 508 4115 censa
555 4069 607 4116 in
652 4073 847 4119 Arcano
891 4071 1165 4119 retinuisset
1189 4071 1237 4134 ),

206 4145 296 4197 sed
319 4146 423 4198 dies
442 4147 593 4195 festus
616 4151 795 4197 Arcani
814 4151 926 4215 pagi
941 4186 956 4209 ‚
980 4156 1124 4215 quem
1143 4151 1238 4198 sibi

1333 2647 1551 2710 Quintus
1593 2648 1645 2694 in
1689 2663 1781 2696 sno
1824 2648 1980 2696 fundo
2021 2647 2362 2697 celebrandum

1332 2727 1544 2791 putavit.
1576 2728 1787 2775 Muw‘r.

1413 2822 1492 2854 ια.
1545 2806 1774 2853 Mulieres
1792 2842 1808 2868 ‚
1851 2822 1941 2871 ego
1979 2822 2176 2870 pueros.
2230 2809 2363 2868 Quas

1335 2883 1558 2931 mulieres
1611 2883 1816 2931 obsecro
1835 2886 1857 2931 i·
1915 2886 2254 2932 Terentianum
2306 2902 2365 2932 nc

1334 2963 1577 3011 Tulliam?
1603 2963 1772 3026 Quid?
1795 2964 1872 3012 ha
1893 2964 2110 3012 invitatae
2136 2965 2361 3024 fuerunt,

1335 3043 1470 3108 quasi
1526 3044 1781 3107 hospites?
1831 3044 2005 3105 Neque
2060 3044 2189 3090 enim
2245 3043 2365 3091 dicit

1334 3138 1494 3177 voca,
1534 3122 1622 3170 sed
1657 3120 1821 3168 invita.
1864 3119 2089 3184 Suspicio
2118 3137 2235 3184 ergo
2261 3137 2365 3169 mes

1331 3201 1415 3248 illa
1433 3213 1506 3250 est
1524 3236 1541 3262 ‚
1567 3201 1888 3265 Pomponiam
1910 3198 2136 3247 mulieres
2151 3199 2259 3248 illas
2283 3202 2360 3248 in·

1333 3280 1485 3328 vitare
1502 3283 1686 3341 jussam
1712 3282 1861 3330 fuisse
1877 3315 1892 3342 ‚
1920 3296 2029 3345 quae
2052 3282 2192 3327 Arcis
2212 3278 2364 3329 officii

1333 3375 1474 3406 cansa
1487 3394 1501 3417 ,
1516 3359 1775 3408 salutatum
1795 3370 2024 3407 venerant
2044 3373 2057 3407 :
2077 3376 2197 3425 quas
2213 3359 2363 3420 Quin·

1334 3449 1412 3486 tus
1424 3438 1722 3489 humanitate
1734 3456 1793 3487 ac
1807 3426 2366 3499 liberalitatesdductns,

1330 3517 1531 3565 invitari
1559 3518 1756 3566 volebat
1774 3552 1790 3576 ,
1818 3519 2044 3567 mulieres
2067 3534 2096 3566 s
2126 3517 2361 3571 muliere:

1328 3595 1494 3659 itaque
1528 3609 1577 3644 et
1610 3597 1775 3653 viros,
1814 3598 1959 3644 citius
1986 3613 2131 3660 qnam
2154 3613 2358 3660 pueros,

1330 3690 1432 3721 esse
1454 3673 1716 3738 legendum
1736 3689 1749 3722 :
1776 3686 1832 3722 ut
1852 3679 2073 3722 Arcanos
2095 3675 2210 3723 item
2230 3676 2363 3723 acci-

1331 3755 1536 3819 piemus.
1564 3759 1712 3803 Areoe
1734 3769 1887 3818 porro
1914 3755 2071 3813 fluere,
2087 3755 2220 3802 hand
2236 3771 2359 3819 pro-

1334 3834 1414 3880 cul
1434 3834 1628 3898 Arpino
1642 3868 1656 3892 ,
1686 3834 1749 3881 nd
1768 3833 2018 3898 Melpham
2043 3834 2246 3883 fluvium
2262 3848 2358 3900 po·

1329 3915 1457 3962 sitae:
1473 3914 1560 3977 qui
1573 3914 1916 3977 exApennino
1929 3913 2161 3973 defluens,
2174 3931 2360 3979 perque

1328 3994 1577 4056 planitiem
1604 4009 1715 4042 suas
1742 3994 1898 4042 undas
1925 4010 2100 4060 agens,
2126 3996 2216 4044 snb
2247 3998 2356 4043 Fre·

1326 4073 1465 4136 gellis
1489 4073 1727 4137 deniqne,
1754 4074 1849 4122 Liri
1863 4076 2099 4140 J'ungitur.
2123 4077 2240 4124 Hoc
2261 4092 2353 4139 op·

1327 4152 1525 4216 pidum,
1562 4153 1715 4201 hodie
1752 4171 1948 4219 quoque
1986 4159 2126 4203 Arcae
2159 4154 2360 4221 (licitur²
