3023 4773
607 424 750 495 226
1554 406 1783 477 VITA

606 544 811 628 nelii,
850 552 923 612 et
969 534 1166 609 Fabii
1212 531 1546 616 Maximi,
1593 541 1667 599 et
1709 524 2132 611 Fabiorum,
2176 535 2248 595 et
2286 524 2738 596 AEmiliorum

604 675 945 753 quoque:
970 643 1242 745 quibus
1267 638 1469 712 libris
1495 636 1678 708 nihil
1709 648 1948 735 potest
1975 658 2129 705 esse
2158 632 2437 705 dulcius
2465 634 2577 721 iis,
2609 637 2740 732 qui

605 766 921 861 aliquam
939 753 1405 855 cupiditatem
1423 746 1699 820 habent
1715 745 1987 816 notitiae
2010 742 2374 815 clarorum
2391 743 2735 814 virorum.

606 873 862 971 Attigit
901 888 1201 966 quoque
1242 863 1619 961 poeticen3
1673 850 2035 927 credimus
2055 909 2074 942 ,
2130 878 2227 925 ne
2278 853 2432 948 ejus
2480 878 2741 952 expers

605 998 796 1059 esset
820 978 1204 1055 suavitatis.
1221 974 1554 1066 Namque
1579 964 1933 1055 versibus,
1952 968 2083 1063 qui
2112 964 2395 1034 honore
2410 1015 2431 1051 ,
2462 986 2740 1034 rerum—

605 1119 751 1194 que
776 1105 1139 1191 gestarum
1161 1078 1638 1180 amplitudine
1666 1089 1945 1149 ceteros
1970 1075 2255 1147 romani
2277 1071 2536 1172 populi
2562 1097 2743 1172 prze—

605 1210 951 1279 stiterunt
966 1253 985 1286 ,
1014 1197 1386 1294 exposuit3
1416 1192 1541 1277 ita,
1559 1203 1644 1260 ut
1663 1186 1801 1259 sub
1826 1184 2278 1283 singulorum
2302 1182 2743 1281 imaginibus

606 1315 824 1398 facta,
864 1308 1465 1405 magistratusque
1502 1320 1761 1371 eorum
1798 1321 1950 1368 non
1986 1293 2297 1393 amplius
2333 1297 2741 1392 quaternis,

605 1424 937 1524 quinisve
977 1414 1304 1489 versibus
1344 1409 1803 1508 descripserit
1832 1435 1849 1477 ε
1895 1404 2097 1503 quod
2132 1405 2253 1475 vix
2292 1402 2744 1476 credendum

606 1538 733 1623 sit,
777 1546 1012 1604 tantas
1070 1548 1188 1598 res
1244 1539 1390 1595 tam
1439 1518 1759 1593 breviter
1814 1519 2133 1617 potuisse
2183 1515 2551 1587 declarari.
2612 1518 2745 1587 Est

605 1646 820 1718 etiam
854 1663 1049 1713 unus
1078 1636 1264 1708 liber
1298 1655 1524 1731 graece
1566 1627 1940 1701 confectus
1983 1625 2074 1698 de
2115 1624 2497 1697 consulatu
2532 1625 2743 1696 Cice-

603 1759 830 1827 ronis.
864 1755 1254 1834 Hactenus,
1298 1747 1536 1814 Attico
1571 1742 1737 1811 vivo
1760 1794 1781 1829 ,
1820 1737 2011 1810 edita
2039 1737 2192 1808 haec
2220 1758 2263 1807 a
2302 1734 2516 1807 nobis
2540 1750 2739 1808 sunt.

702 1867 893 1936 XIX.
958 1862 1208 1941 Nunc,
1245 1854 1598 1952 quoniam
1658 1848 1952 1921 fortuna
2001 1871 2136 1918 nos
2186 1848 2611 1945 superstites
2668 1850 2743 1918 ei

605 1997 758 2046 esse
786 1967 1046 2053 voluit,
1081 1965 1362 2061 reliqua
1392 1983 1957 2058 persequemur:
1986 1971 2059 2027 et
2084 1973 2441 2054 quantum
2468 1961 2746 2056 poteri-

601 2107 799 2169 mus,
832 2100 1079 2150 rerum
1111 2072 1460 2171 exemplis
1485 2072 1791 2142 lectores
1818 2066 2275 2153 docebimus,
2306 2071 2488 2140 sicut
2519 2094 2748 2168 supra

605 2189 1200 2289 significavimus,
1235 2212 1268 2249 α
1295 2187 1481 2254 Suos
1516 2181 1781 2276 cuique
1820 2201 2057 2249 mores
2086 2176 2521 2275 plerumque
2559 2204 2765 2251 con-f

602 2335 635 2369 t(
663 2302 903 2374 ciliare
964 2297 1404 2370 fortunam».
1460 2294 1794 2388 Namque
1855 2287 1974 2358 hic
2035 2300 2421 2358 contentus
2482 2286 2747 2360 ordine

605 2416 965 2512 equestri,
1001 2432 1153 2506 quo
1191 2419 1344 2477 erat
1378 2417 1623 2489 ortus,
1667 2403 1762 2471 i'n·
1785 2397 2207 2471 affinitatem
2245 2400 2575 2496 pervenit
2609 2404 2749 2469 im·

604 2524 958 2625 peratoris
987 2519 1154 2590 Div'i
1179 2515 1580 2612 filii‚quum
1619 2514 1766 2606 jam
1805 2524 1977 2581 ante
2005 2506 2555 2579 familiaritatem
2582 2508 2749 2603 ejus

607 2649 795 2710 esset
830 2639 1325 2724 consequutus
1341 2678 1361 2714 ‚
1389 2622 1590 2694 nulla
1616 2621 1750 2693 alia
1768 2645 1848 2692 re
1869 2675 1889 2709 ,
1916 2644 2137 2717 quam
2162 2618 2511 2716 elegantia
2537 2620 2705 2691 vitae
2723 2673 2747 2706 ,

604 2770 750 2844 qua
785 2757 1063 2816 ceteros
1085 2749 1374 2836 ceperat
1405 2734 1772 2833 principes
1798 2732 2137 2818 civitatis,
2178 2728 2520 2825 dignitate
2547 2731 2745 2826 pari,

604 2855 894 2927 fortuna
938 2848 1349 2920 humiliore.
1397 2850 1624 2916 Tanta
1670 2844 1868 2914 enim
1906 2842 2347 2940 prosperitas
2389 2841 2745 2910 Caesarem

605 2990 775 3040 eum
802 2976 913 3035 est
935 2970 1416 3055 consequuta,
1455 2969 1541 3024 ut
1567 2952 1749 3022 nihil
1777 2952 2018 3023 elnon
2049 2948 2385 3022 tribuerit
2415 2946 2747 3035 fortuna,

603 3073 807 3175 quod
830 3077 1172 3169 cuiquam
1191 3079 1355 3138 ante
1375 3062 1715 3136 detulerit
1731 3089 1752 3151 3
1771 3077 1845 3133 et
1862 3060 2286 3148 conciliarit,
2300 3057 2504 3157 quod
2522 3083 2747 3131 nemo

604 3186 843 3259 adhuc
891 3180 1064 3253 civis
1115 3199 1463 3249 romanus
1514 3175 1746 3272 quivit
1802 3174 2177 3268 consequi.
2221 3174 2407 3243 Nata
2459 3184 2568 3241 est
2607 3193 2745 3241 au—

603 3313 753 3370 tem
795 3292 1033 3366 Attico
1089 3287 1330 3386 neptis
1373 3307 1464 3357 ex
1506 3284 1863 3382 Agrippa,
1925 3283 2042 3353 cui
2108 3280 2464 3379 virginem
2517 3278 2749 3351 filiam

605 3404 1012 3478 collocarat.
1065 3404 1269 3469 Hanc
1319 3399 1555 3467 Caesar
1601 3396 1720 3464 vix
1778 3390 2185 3464 anniculam
2206 3443 2226 3479 ‚
2282 3392 2388 3460 Ti.
2437 3387 2753 3463 Claudio

601 3514 914 3600 Neroni,
946 3506 1260 3581 Drusilla
1296 3520 1504 3593 nato,
1540 3505 1875 3604 privigno
1912 3528 2047 3576 suo
2067 3557 2087 3591 ,
2119 3501 2510 3600 despondit
2536 3530 2553 3573 :
2578 3526 2757 3599 quae

602 3620 1020 3719 conjunctio
1062 3614 1668 3688 necessitudinem
1700 3639 1953 3687 eorum
1988 3613 2259 3702 sanxit,
2302 3610 2759 3685 familiarita—

602 3753 750 3808 tem
791 3727 1109 3802 reddidit
1146 3725 1740 3825 frequentiorem.

699 3846 852 3913 XX.
870 3841 1218 3931 Quamvis
1254 3852 1421 3909 ante
1454 3837 1609 3908 haec
1633 3833 2019 3934 sponsalia,
2051 3857 2204 3905 non
2240 3830 2478 3903 solum
2508 3851 2763 3930 quum

604 3955 696 4029 ab
733 3949 941 4022 Urbe
985 3948 1268 4021 abesset
1286 4001 1307 4035 ,
1364 3969 1769 4044 numquam
1810 3944 1904 4016 ad
1950 3967 2252 4015 suorum
2295 3964 2761 4040 quemquam

601 4069 839 4139 literas
890 4059 1080 4131 misit
1098 4112 1117 4144 ,
1178 4060 1360 4155 quin
1398 4059 1637 4129 Attico
1688 4062 2048 4144 mitteret,
2090 4052 2267 4152 quid
2323 4065 2607 4148 ageret,
2668 4057 2761 4126 in
