3023 4773
661 394 796 468 156
1293 399 1393 465 M.
1437 397 1515 464 T.
1570 397 2132 467 CICERONIS

744 522 985 609 Quare
1043 518 1292 606 velim,
1332 541 1470 614 pro
1526 531 1654 588 tua
1704 530 2059 615 perpetua
2103 540 2273 614 erga
2330 540 2447 588 me
2488 515 2793 589 benivo-

648 628 905 716 lentia,
938 626 1206 700 scribas
1236 625 1327 710 ad
1353 652 1504 716 me,
1544 627 1725 725 quid
1751 627 2029 716 videas,
2062 624 2245 723 quid
2280 627 2581 714 sentias,
2608 628 2795 725 quid

649 738 1251 839 exspectandum,
1282 739 1460 837 quid
1488 738 1850 838 agendum
1880 738 2094 810 nobis
2125 738 2512 810 existimes,
2544 742 2795 837 Magni

649 865 868 922 erunt
918 850 1093 921 mihi
1145 864 1288 921 tuae
1336 849 1556 922 literae
1597 880 1612 922 :
1659 865 1880 948 atque
1933 852 2209 920 utinam
2250 851 2504 947 primis
2544 849 2796 938 illis¹9‚

647 987 827 1059 quas
884 963 1187 1034 Luceria
1206 972 1273 1005 ²⁰
1309 964 1638 1052 miseraS,
1690 959 2132 1061 paruissem!
2170 962 2337 1033 Sine
2393 961 2540 1032 ulla
2590 963 2791 1033 enim

649 1073 974 1145 molestia
1010 1073 1430 1170 dignitatem
1471 1098 1705 1145 meam
1741 1072 2223 1144 retinuissem.
2245 1070 2445 1142 Vale.

724 1280 803 1326 ¹9·
842 1263 1014 1311 Primis
1044 1263 1156 1311 illis.
1186 1262 1376 1326 Quibus
1409 1262 1670 1321 suadebas,
1760 1264 1916 1311 fuerat
1936 1261 2131 1313 Cassius
2150 1260 2282 1325 apud
2306 1260 2595 1324 Pompeium
2610 1294 2625 1318 ,
2658 1270 2793 1307 ante-

646 1353 703 1391 ut
728 1343 932 1390 omnino
960 1343 1021 1390 ab
1046 1342 1192 1391 armis
1212 1342 1519 1391 abstinerem.
1758 1356 1905 1404 quam
1947 1340 2083 1388 ltalia
2123 1339 2394 1389 excederet.
2431 1339 2585 1389 cassii
2625 1349 2790 1386 autem

719 1437 800 1471 ao.
824 1421 1045 1470 Luceria.
1060 1421 1314 1486 Oppidum
1330 1420 1525 1486 Apuliae
1543 1420 1669 1467 infra
1757 1419 2018 1467 consilinm
2049 1417 2246 1466 videtur
2276 1418 2422 1466 fuisse
2451 1430 2509 1467 ut
2531 1418 2709 1469 Cicero
2736 1419 2791 1466 iu

645 1502 858 1547 Teanum
903 1500 966 1548 ad
1012 1499 1216 1552 fluvium
1266 1499 1543 1549 Cerbalum.
1592 1498 1668 1547 Ibi
1759 1497 1895 1545 Italia
1916 1509 2145 1546 maneret.
2171 1499 2263 1555 En.

648 1686 833 1706 mm
844 1682 2414 1707 mmmmmmwmmmmmemm
2420 1683 2498 1702 w
2508 1682 2788 1701 mmm

1275 1875 1872 1954 EPISTOLA
1926 1875 2162 1952 XVI.

644 2039 887 2096 Jocatur
919 2035 976 2094 in
1016 2037 1318 2115 opiniones
1356 2036 1707 2116 Epicureas,
1750 2048 1810 2093 et
1837 2036 1898 2094 in
1941 2036 2132 2113 ipsum
2166 2032 2452 2103 Cassium,
2486 2031 2797 2109 Epicureae

692 2131 1080 2212 philosophiae
1112 2134 1455 2193 studiosum.
1487 2135 1733 2212 (Romae,
1751 2153 1843 2192 an.
1867 2138 1945 2193 U.
1970 2136 2035 2191 C.
2058 2131 2194 2204 708,
2223 2150 2418 2189 mense
2435 2126 2753 2206 januario.)

1180 2309 1268 2374 M.
1288 2312 1365 2374 T.
1402 2312 1473 2373 C.
1515 2311 1588 2375 C.
1629 2307 1924 2374 CASSIO
1974 2308 2037 2372 S.
2072 2307 2146 2371 P.
2179 2307 2256 2370 D.

746 2461 940 2527 Puro
975 2472 1047 2528 te
1083 2457 1570 2557 suppudere¹‚
1602 2482 1832 2556 quum
1863 2456 2016 2527 haec
2054 2456 2263 2526 tertia
2295 2454 2445 2549 jam
2485 2452 2798 2551 epistola

648 2580 818 2638 ante
851 2571 1331 2667 oppresserit,
1359 2594 1580 2666 quam
1615 2584 1697 2640 tu
1734 2566 2085 2639 scidulam
2105 2575 2134 2606 ²
2161 2578 2289 2635 aut
2316 2563 2616 2634 literam.
2648 2563 2800 2634 Sed

647 2703 798 2749 non
837 2703 1059 2779 urgeo
1118 2707 1134 2749 :
1192 2679 1559 2776 longiores
1612 2681 1805 2749 enim
1853 2673 2337 2774 exspectabo,
2395 2671 2508 2744 vel
2545 2675 2804 2769 potius

651 2789 951 2885 exigam.
972 2794 1148 2887 Ego,
1169 2792 1227 2860 si
1252 2813 1538 2887 semper
1557 2785 1903 2857 haberem
1918 2839 1937 2872 ,
1958 2787 2076 2857 cui
2099 2784 2348 2855 darem
2368 2838 2387 2871 ‚
2416 2782 2530 2854 vel
2554 2796 2804 2853 ternas

653 2898 730 2967 in
770 2899 948 2968 hora
985 2898 1251 2970 darem.
1302 2901 1412 2971 Fit
1444 2900 1637 2970 enim
1674 2898 1918 2968 nescio
1955 2897 2084 2993 qui
2101 2893 2155 2984 ³,
2188 2910 2271 2966 ut
2314 2898 2521 2993 quasi
2547 2919 2802 2966 coram

654 3007 903 3079 adesse
934 3009 1253 3099 videare,
1289 3034 1521 3107 quum
1555 3008 1793 3079 scribo
1836 3005 2110 3104 aliquid
2154 3006 2242 3076 ad
2287 3019 2405 3075 te:
2438 3028 2675 3101 neque
2717 3004 2806 3075 id

656 3120 799 3185 κατ’
837 3109 1089 3187 εἴδωλον
1144 3120 1484 3211 φαντασίας
1501 3118 1560 3201 4,
1584 3131 1669 3185 ut
1713 3114 1966 3186 dicunt
2013 3113 2120 3191 tui
2169 3112 2378 3189 amici
2420 3111 2627 3196 novi3
2666 3113 2804 3205 qui

725 3323 869 3372 1.A1.
902 3334 984 3371 «te
1002 3323 1104 3383 iam
1132 3338 1212 3368 s.»
1243 3323 1376 3370 J.v.
1407 3325 1461 3370 L.
1839 3322 1887 3367 3.
1918 3320 2041 3378 Alii,
2070 3319 2233 3366 nescio
2262 3317 2401 3381 quid.
2436 3319 2567 3365 J.V.
2595 3318 2649 3363 L.

720 3417 770 3450 α.
795 3400 964 3465 Opere's
992 3400 1083 3458 sie,
1117 3416 1268 3464 quam
1297 3410 1347 3447 tu
1373 3400 1675 3449 schedulam.
1840 3407 1887 3453 4.
1923 3401 2045 3446 Κατ’
2084 3391 2286 3445 εἴδωλον
2323 3392 2601 3461 φαντασίας.
2647 3396 2810 3457 Quod

650 3478 730 3527 Al.
766 3478 949 3528 habent
981 3496 1181 3544 quoque
1242 3500 1268 3520 κ
1293 3479 1476 3527 scidam
1502 3501 1555 3538 ιο,
1592 3490 1677 3528 aut
1766 3493 1923 3543 grece
1974 3475 2245 3541 φαντασία,
2301 3476 2450 3524 latine
2489 3475 2650 3522 visum
2698 3473 2812 3522 diei

653 3579 676 3600 ι
698 3559 991 3618 schedam»,
1018 3570 1103 3607 aut
1119 3558 1434 3607 «schedulam
1450 3580 1491 3607 -.
1522 3562 1675 3622 Supra
1765 3574 1940 3623 posse,
1967 3557 2035 3603 ait
2060 3556 2235 3605 Cicero
2268 3555 2425 3606 Aead.
2452 3558 2492 3603 1.
2530 3557 2623 3603 Hic
2648 3554 2812 3617 igitur

650 3640 700 3684 J.
735 3638 789 3683 F.
817 3638 1039 3687 Gronov.
1070 3638 1304 3697 malebat,
1341 3655 1527 3702 «quem
1570 3636 1675 3685 haec
1767 3639 2194 3702 interpretamur,«
2210 3652 2299 3700 per
2315 3646 2622 3699 specu-orum
2641 3632 2747 3679 visa
2763 3656 2811 3682 a.

653 3716 795 3762 tertia
827 3717 1032 3780 epistola
1067 3720 1167 3778 jam
1209 3731 1322 3768 ante
1372 3718 1615 3783 oppressit
1634 3739 1675 3766 u.
1766 3717 2008 3765 Putabam
2033 3714 2183 3778 igitur
2213 3715 2470 3779 Epicurei,
2496 3716 2536 3761 si
2568 3713 2682 3776 quis
2710 3712 2815 3760 ali-

653 3797 684 3845 J
691 3828 703 3841 .
735 3796 801 3841 V.
849 3797 905 3843 L.
944 3823 1016 3833 —
1040 3798 1343 3848 Schedulam.
1380 3801 1454 3847 Ita
1488 3799 1674 3862 vulgo:
1766 3811 1914 3861 quam
1932 3811 2034 3843 rem
2063 3793 2316 3858 cogitaret,
2329 3794 2434 3855 ejus
2454 3792 2525 3840 rei
2554 3801 2812 3854 specu-um

657 3873 741 3921 sed
767 3874 1018 3923 Victorius
1052 3893 1115 3924 ex
1141 3879 1266 3927 MSS
1306 3879 1489 3928 mavult
1520 3877 1679 3926 scidu—
1769 3888 1817 3924 et
1863 3875 2120 3939 imaginem
2163 3872 2228 3921 ad
2272 3873 2533 3936 cogitantis
2583 3870 2812 3918 animum

656 3956 774 4003 Iam.
797 3952 924 4001 Vide
963 3954 1024 4002 ad
1053 3957 1201 4004 Attio.
1226 3960 1278 4016 1,
1322 3975 1403 4007 ao.
1432 3958 1681 4019 Syllabam
1769 3955 2017 4003 advolare.
2064 3956 2140 4001 De
2179 3969 2276 4015 qua
2322 3952 2560 4016 opinione
2606 3948 2816 3998 dubitat

655 4029 773 4096 legit
802 4033 972 4083 Lamb.
998 4035 1111 4082 item
1139 4052 1203 4083 ex
1224 4038 1375 4096 MSS,
1396 4037 1534 4101 quod
1561 4037 1677 4085 Sch.
1767 4034 1968 4095 Cicero,
1999 4044 2049 4082 et
2073 4033 2124 4079 iu
2155 4047 2214 4080 eo
2232 4032 2448 4093 jocatur.
2478 4033 2701 4079 Mnuur.
2736 4055 2814 4065 —

657 4113 854 4178 recepit.
880 4113 971 4162 En.
1769 4114 2008 4164 Neutrum
2038 4112 2286 4161 convenit.
2323 4109 2451 4157 Nam
2494 4108 2575 4157 illa
2619 4102 2814 4157 εἴδωλα
