<?xml version="1.0" encoding="UTF-8"?>
<!DOCTYPE html PUBLIC "-//W3C//DTD XHTML 1.0 Transitional//EN"
    "http://www.w3.org/TR/xhtml1/DTD/xhtml1-transitional.dtd">
<html xmlns="http://www.w3.org/1999/xhtml" xml:lang="en" lang="en">
 <head>
  <title>
</title>
<meta http-equiv="Content-Type" content="text/html;charset=utf-8" />
  <meta name='ocr-system' content='tesseract 3.04.00' />
  <meta name='ocr-capabilities' content='ocr_page ocr_carea ocr_par ocr_line ocrx_word'/>
</head>
<body>
  <div class='ocr_page' id='page_1' title='image "./mtciceronisquae01bouigoog_0106.png"; bbox 0 0 3023 4773; ppageno 0'>
   <div class='ocr_carea' id='block_1_1' title="bbox 586 331 2131 472">
    <p class='ocr_par' dir='ltr' id='par_1_1' title="bbox 586 331 2131 472">
     <span class='ocr_line' id='line_1_1' title="bbox 586 331 2131 472; baseline -0.002 -26"><span class='ocrx_word' id='word_1_1' title='bbox 586 369 725 472; x_wconf 74' lang='lat'>&#39;96</span> <span class='ocrx_word' id='word_1_2' title='bbox 1270 374 1365 441; x_wconf 85' lang='grc' dir='ltr'>Μ.</span> <span class='ocrx_word' id='word_1_3' title='bbox 1420 373 1497 440; x_wconf 83' lang='grc' dir='ltr'>Τ.</span> <span class='ocrx_word' id='word_1_4' title='bbox 1551 331 2131 445; x_wconf 68' lang='lat' dir='ltr'>clcssnoms</span> 
     </span>
    </p>
   </div>
   <div class='ocr_carea' id='block_1_2' title="bbox 625 491 2777 691">
    <p class='ocr_par' dir='ltr' id='par_1_2' title="bbox 625 491 2777 691">
     <span class='ocr_line' id='line_1_2' title="bbox 627 491 2777 591; baseline 0 -23"><span class='ocrx_word' id='word_1_5' title='bbox 627 502 703 568; x_wconf 86' lang='lat' dir='ltr'>in</span> <span class='ocrx_word' id='word_1_6' title='bbox 730 519 847 567; x_wconf 90' lang='lat' dir='ltr'>me</span> <span class='ocrx_word' id='word_1_7' title='bbox 883 492 1203 566; x_wconf 90' lang='lat' dir='ltr'>officiosa</span> <span class='ocrx_word' id='word_1_8' title='bbox 1223 547 1244 580; x_wconf 88' lang='lat'>‚</span> <span class='ocrx_word' id='word_1_9' title='bbox 1274 507 1348 564; x_wconf 91' lang='lat' dir='ltr'>et</span> <span class='ocrx_word' id='word_1_10' title='bbox 1382 494 1710 591; x_wconf 83' lang='lat' dir='ltr'>proxima</span> <span class='ocrx_word' id='word_1_11' title='bbox 1737 492 1978 564; x_wconf 81' lang='lat' dir='ltr'>Italioe.</span> <span class='ocrx_word' id='word_1_12' title='bbox 2017 491 2156 564; x_wconf 86' lang='lat' dir='ltr'>Sed</span> <span class='ocrx_word' id='word_1_13' title='bbox 2193 494 2254 564; x_wconf 89' lang='lat' dir='ltr'>si</span> <span class='ocrx_word' id='word_1_14' title='bbox 2289 518 2406 566; x_wconf 91' lang='lat' dir='ltr'>me</span> <span class='ocrx_word' id='word_1_15' title='bbox 2438 493 2777 570; x_wconf 83' lang='lat' dir='ltr'>offendet</span> 
     </span>
     <span class='ocr_line' id='line_1_3' title="bbox 625 600 2706 691; baseline -0.001 -12"><span class='ocrx_word' id='word_1_16' title='bbox 625 609 761 679; x_wconf 89' lang='lat' dir='ltr'>loci</span> <span class='ocrx_word' id='word_1_17' title='bbox 789 603 1185 690; x_wconf 71' lang='lat' dir='ltr'>celebritaS,</span> <span class='ocrx_word' id='word_1_18' title='bbox 1217 600 1358 672; x_wconf 89' lang='lat' dir='ltr'>alio</span> <span class='ocrx_word' id='word_1_19' title='bbox 1388 626 1504 673; x_wconf 90' lang='lat' dir='ltr'>me</span> <span class='ocrx_word' id='word_1_20' title='bbox 1530 600 1899 674; x_wconf 89' lang='lat' dir='ltr'>conferam</span> <span class='ocrx_word' id='word_1_21' title='bbox 1919 657 1940 691; x_wconf 90' lang='lat'>‚</span> <span class='ocrx_word' id='word_1_22' title='bbox 1970 616 2042 673; x_wconf 89' lang='lat' dir='ltr'>et</span> <span class='ocrx_word' id='word_1_23' title='bbox 2064 605 2123 653; x_wconf 71' lang='lat'>¹⁴</span> <span class='ocrx_word' id='word_1_24' title='bbox 2145 601 2236 673; x_wconf 88' lang='lat' dir='ltr'>ad</span> <span class='ocrx_word' id='word_1_25' title='bbox 2269 617 2342 675; x_wconf 91' lang='lat' dir='ltr'>te</span> <span class='ocrx_word' id='word_1_26' title='bbox 2377 604 2706 676; x_wconf 82' lang='lat' dir='ltr'>scribam.</span> 
     </span>
    </p>
   </div>
   <div class='ocr_carea' id='block_1_3' title="bbox 619 789 2773 938">
    <p class='ocr_par' dir='ltr' id='par_1_3' title="bbox 619 789 2773 938">
     <span class='ocr_line' id='line_1_4' title="bbox 619 789 2773 857; baseline -0.001 -12"><span class='ocrx_word' id='word_1_27' title='bbox 619 812 677 845; x_wconf 73' lang='lat' dir='ltr'>en</span> <span class='ocrx_word' id='word_1_28' title='bbox 698 793 906 843; x_wconf 76' lang='lat' dir='ltr'>Romani</span> <span class='ocrx_word' id='word_1_29' title='bbox 939 790 1128 840; x_wconf 72' lang='lat' dir='ltr'>exsules</span> <span class='ocrx_word' id='word_1_30' title='bbox 1156 801 1266 839; x_wconf 85' lang='lat' dir='ltr'>tuto</span> <span class='ocrx_word' id='word_1_31' title='bbox 1299 806 1402 837; x_wconf 73' lang='lat' dir='ltr'>esne</span> <span class='ocrx_word' id='word_1_32' title='bbox 1424 790 1642 854; x_wconf 77' lang='lat' dir='ltr'><strong>possint.</strong></span> <span class='ocrx_word' id='word_1_33' title='bbox 1732 807 1852 840; x_wconf 82' lang='lat' dir='ltr'>rone</span> <span class='ocrx_word' id='word_1_34' title='bbox 1876 789 2090 840; x_wconf 73' lang='lat' dir='ltr'>defensa.</span> <span class='ocrx_word' id='word_1_35' title='bbox 2117 791 2238 841; x_wconf 80' lang='lat' dir='ltr'>vid.</span> <span class='ocrx_word' id='word_1_36' title='bbox 2260 803 2384 841; x_wconf 81' lang='lat' dir='ltr'>orat.</span> <span class='ocrx_word' id='word_1_37' title='bbox 2407 809 2500 857; x_wconf 85' lang='lat' dir='ltr'>pro</span> <span class='ocrx_word' id='word_1_38' title='bbox 2527 793 2688 841; x_wconf 76' lang='lat' dir='ltr'>Plane.</span> <span class='ocrx_word' id='word_1_39' title='bbox 2717 810 2773 842; x_wconf 85' lang='lat'>1-</span> 
     </span>
     <span class='ocr_line' id='line_1_5' title="bbox 621 869 2395 938; baseline -0.001 -15"><span class='ocrx_word' id='word_1_40' title='bbox 621 877 822 923; x_wconf 64' lang='lat' dir='ltr'>sm—</span> <span class='ocrx_word' id='word_1_41' title='bbox 840 876 902 921; x_wconf 83' lang='lat' dir='ltr'>In</span> <span class='ocrx_word' id='word_1_42' title='bbox 927 887 1007 919; x_wconf 83' lang='lat' dir='ltr'>me</span> <span class='ocrx_word' id='word_1_43' title='bbox 1026 869 1272 938; x_wconf 76' lang='lat' dir='ltr'>officiosa.</span> <span class='ocrx_word' id='word_1_44' title='bbox 1293 869 1421 933; x_wconf 74' lang='lat' dir='ltr'>Quia</span> <span class='ocrx_word' id='word_1_45' title='bbox 1448 886 1476 917; x_wconf 81' lang='grc' dir='ltr'>ι</span> <span class='ocrx_word' id='word_1_46' title='bbox 1503 871 1643 920; x_wconf 76' lang='lat' dir='ltr'>Cice·</span> <span class='ocrx_word' id='word_1_47' title='bbox 1810 879 1891 928; x_wconf 69' lang='lat'>14.</span> <span class='ocrx_word' id='word_1_48' title='bbox 1916 871 2072 920; x_wconf 72' lang='lat' dir='ltr'>Abest</span> <span class='ocrx_word' id='word_1_49' title='bbox 2096 882 2162 920; x_wconf 81' lang='lat' dir='ltr'>ee.</span> <span class='ocrx_word' id='word_1_50' title='bbox 2188 872 2239 920; x_wconf 83' lang='lat' dir='ltr'>J.</span> <span class='ocrx_word' id='word_1_51' title='bbox 2250 874 2314 920; x_wconf 82' lang='lat' dir='ltr'>V.</span> <span class='ocrx_word' id='word_1_52' title='bbox 2339 873 2395 921; x_wconf 90' lang='lat' dir='ltr'>L.</span> 
     </span>
    </p>
   </div>
   <div class='ocr_carea' id='block_1_4' title="bbox 1670 1060 2764 1084">
    <p class='ocr_par' dir='ltr' id='par_1_4' title="bbox 1670 1060 2764 1084">
     <span class='ocr_line' id='line_1_6' title="bbox 1670 1060 2764 1084; baseline 0.001 -3"><span class='ocrx_word' id='word_1_53' title='bbox 1670 1061 2221 1083; x_wconf 58' lang='lat' dir='ltr'>mmmmm</span> <span class='ocrx_word' id='word_1_54' title='bbox 2227 1060 2764 1084; x_wconf 63' lang='lat' dir='ltr'>mmm</span> 
     </span>
    </p>
   </div>
   <div class='ocr_carea' id='block_1_5' title="bbox 1395 1060 1669 1080">
    <p class='ocr_par' dir='ltr' id='par_1_5' title="bbox 1395 1060 1669 1080">
     <span class='ocr_line' id='line_1_7' title="bbox 1395 1060 1669 1080; baseline 0 3693"><span class='ocrx_word' id='word_1_55' title='bbox 1395 1060 1669 1080; x_wconf 95' lang='lat' dir='ltr'> </span> 
     </span>
    </p>
   </div>
   <div class='ocr_carea' id='block_1_6' title="bbox 624 1050 1394 1084">
    <p class='ocr_par' dir='ltr' id='par_1_6' title="bbox 624 1050 1394 1084">
     <span class='ocr_line' id='line_1_8' title="bbox 624 1050 1394 1084; baseline -0.005 0"><span class='ocrx_word' id='word_1_56' title='bbox 624 1050 1267 1084; x_wconf 53' lang='lat' dir='ltr'>mmm-iu</span> <span class='ocrx_word' id='word_1_57' title='bbox 1272 1057 1394 1080; x_wconf 58' lang='grc' dir='ltr'>νυνι</span> 
     </span>
    </p>
   </div>
   <div class='ocr_carea' id='block_1_7' title="bbox 1296 1255 2084 1384">
    <p class='ocr_par' dir='ltr' id='par_1_7' title="bbox 1296 1255 2084 1384">
     <span class='ocr_line' id='line_1_9' title="bbox 1296 1255 2084 1384; baseline -0.001 -42"><span class='ocrx_word' id='word_1_58' title='bbox 1296 1255 1892 1384; x_wconf 70' lang='lat' dir='ltr'>EPISTOLA</span> <span class='ocrx_word' id='word_1_59' title='bbox 1967 1255 2084 1344; x_wconf 88' lang='lat'>11.</span> 
     </span>
    </p>
   </div>
   <div class='ocr_carea' id='block_1_8' title="bbox 615 1415 2771 1692">
    <p class='ocr_par' dir='ltr' id='par_1_8' title="bbox 615 1415 2771 1692">
     <span class='ocr_line' id='line_1_10' title="bbox 615 1415 2771 1497; baseline -0.002 -15"><span class='ocrx_word' id='word_1_60' title='bbox 615 1419 964 1482; x_wconf 82' lang='lat' dir='ltr'>Brevitatem</span> <span class='ocrx_word' id='word_1_61' title='bbox 991 1418 1290 1476; x_wconf 87' lang='lat' dir='ltr'>literarum</span> <span class='ocrx_word' id='word_1_62' title='bbox 1319 1428 1593 1474; x_wconf 85' lang='lat' dir='ltr'>excusat:</span> <span class='ocrx_word' id='word_1_63' title='bbox 1635 1417 1858 1476; x_wconf 90' lang='lat' dir='ltr'>Pisonis</span> <span class='ocrx_word' id='word_1_64' title='bbox 1882 1418 2082 1497; x_wconf 82' lang='lat' dir='ltr'><strong>generi</strong></span> <span class='ocrx_word' id='word_1_65' title='bbox 2110 1418 2303 1476; x_wconf 84' lang='lat' dir='ltr'>officia</span> <span class='ocrx_word' id='word_1_66' title='bbox 2331 1416 2567 1476; x_wconf 77' lang='lat' dir='ltr'>laudat:</span> <span class='ocrx_word' id='word_1_67' title='bbox 2597 1415 2771 1477; x_wconf 80' lang='lat' dir='ltr'>dolet</span> 
     </span>
     <span class='ocr_line' id='line_1_11' title="bbox 697 1513 2768 1596; baseline -0.002 -20"><span class='ocrx_word' id='word_1_68' title='bbox 697 1515 980 1577; x_wconf 82' lang='lat' dir='ltr'>Terentiae</span> <span class='ocrx_word' id='word_1_69' title='bbox 1003 1514 1221 1574; x_wconf 78' lang='lat' dir='ltr'>vicem:</span> <span class='ocrx_word' id='word_1_70' title='bbox 1251 1524 1419 1590; x_wconf 85' lang='lat' dir='ltr'>rogat</span> <span class='ocrx_word' id='word_1_71' title='bbox 1446 1532 1520 1571; x_wconf 90' lang='lat' dir='ltr'>ne</span> <span class='ocrx_word' id='word_1_72' title='bbox 1546 1529 1710 1596; x_wconf 67' lang='lat' dir='ltr'>suam</span> <span class='ocrx_word' id='word_1_73' title='bbox 1737 1513 1936 1572; x_wconf 87' lang='lat' dir='ltr'>dotem</span> <span class='ocrx_word' id='word_1_74' title='bbox 1964 1514 2268 1593; x_wconf 85' lang='lat' dir='ltr'>projiciat,</span> <span class='ocrx_word' id='word_1_75' title='bbox 2287 1528 2347 1572; x_wconf 87' lang='lat' dir='ltr'>et</span> <span class='ocrx_word' id='word_1_76' title='bbox 2368 1518 2433 1572; x_wconf 73' lang='lat' dir='ltr'>ut</span> <span class='ocrx_word' id='word_1_77' title='bbox 2451 1513 2768 1572; x_wconf 81' lang='lat' dir='ltr'>valitudini</span> 
     </span>
     <span class='ocr_line' id='line_1_12' title="bbox 631 1609 2686 1692; baseline 0 -19"><span class='ocrx_word' id='word_1_78' title='bbox 631 1654 634 1657; x_wconf 63' lang='grc'><em>·</em></span> <span class='ocrx_word' id='word_1_79' title='bbox 697 1634 815 1692; x_wconf 76' lang='lat' dir='ltr'>suae</span> <span class='ocrx_word' id='word_1_80' title='bbox 844 1612 1124 1672; x_wconf 86' lang='lat' dir='ltr'>consulat.</span> <span class='ocrx_word' id='word_1_81' title='bbox 1149 1610 1629 1691; x_wconf 79' lang='lat' dir='ltr'>(Thessalonicae,</span> <span class='ocrx_word' id='word_1_82' title='bbox 1658 1629 1812 1669; x_wconf 79' lang='lat' dir='ltr'>anno</span> <span class='ocrx_word' id='word_1_83' title='bbox 1841 1615 1914 1671; x_wconf 91' lang='lat' dir='ltr'>U.</span> <span class='ocrx_word' id='word_1_84' title='bbox 1939 1614 2008 1670; x_wconf 90' lang='lat' dir='ltr'>C.</span> <span class='ocrx_word' id='word_1_85' title='bbox 2028 1611 2168 1689; x_wconf 85' lang='lat'><strong>695,</strong></span> <span class='ocrx_word' id='word_1_86' title='bbox 2192 1631 2386 1671; x_wconf 87' lang='lat' dir='ltr'>mense</span> <span class='ocrx_word' id='word_1_87' title='bbox 2413 1609 2686 1674; x_wconf 74' lang='lat' dir='ltr'>octobri-l</span> 
     </span>
    </p>
   </div>
   <div class='ocr_carea' id='block_1_9' title="bbox 656 1811 2592 1985">
    <p class='ocr_par' dir='ltr' id='par_1_9' title="bbox 656 1811 2592 1985">
     <span class='ocr_line' id='line_1_13' title="bbox 656 1811 2592 1896; baseline 0 -17"><span class='ocrx_word' id='word_1_88' title='bbox 656 1847 665 1854; x_wconf 90' lang='lat'><strong>·</strong></span> <span class='ocrx_word' id='word_1_89' title='bbox 778 1813 1145 1879; x_wconf 84' lang='lat' dir='ltr'>TULLIUS</span> <span class='ocrx_word' id='word_1_90' title='bbox 1188 1811 1656 1877; x_wconf 84' lang='lat' dir='ltr'><strong>TERENTIAE</strong></span> <span class='ocrx_word' id='word_1_91' title='bbox 1701 1811 1929 1896; x_wconf 77' lang='lat' dir='ltr'>SUAE,</span> <span class='ocrx_word' id='word_1_92' title='bbox 1977 1812 2432 1879; x_wconf 89' lang='lat' dir='ltr'><strong>TULLIOLAE</strong></span> <span class='ocrx_word' id='word_1_93' title='bbox 2478 1815 2592 1878; x_wconf 87' lang='lat' dir='ltr'>ET</span> 
     </span>
     <span class='ocr_line' id='line_1_14' title="bbox 1254 1919 2124 1985; baseline 0.005 -4"><span class='ocrx_word' id='word_1_94' title='bbox 1254 1919 1668 1984; x_wconf 86' lang='lat' dir='ltr'>CICERONI</span> <span class='ocrx_word' id='word_1_95' title='bbox 1713 1920 1898 1984; x_wconf 90' lang='lat' dir='ltr'>SUIS</span> <span class='ocrx_word' id='word_1_96' title='bbox 1941 1919 2008 1984; x_wconf 90' lang='lat' dir='ltr'>S.</span> <span class='ocrx_word' id='word_1_97' title='bbox 2043 1922 2124 1985; x_wconf 90' lang='lat' dir='ltr'>D.</span> 
     </span>
    </p>
   </div>
   <div class='ocr_carea' id='block_1_10' title="bbox 585 2069 2759 3813">
    <p class='ocr_par' dir='ltr' id='par_1_10' title="bbox 585 2069 2759 3813">
     <span class='ocr_line' id='line_1_15' title="bbox 709 2069 2759 2172; baseline -0 -24"><span class='ocrx_word' id='word_1_98' title='bbox 709 2074 894 2148; x_wconf 79' lang='lat' dir='ltr'>Nom</span> <span class='ocrx_word' id='word_1_99' title='bbox 931 2087 1220 2170; x_wconf 88' lang='lat' dir='ltr'>putare,</span> <span class='ocrx_word' id='word_1_100' title='bbox 1251 2094 1368 2142; x_wconf 91' lang='lat' dir='ltr'>me</span> <span class='ocrx_word' id='word_1_101' title='bbox 1405 2069 1495 2143; x_wconf 88' lang='lat' dir='ltr'>ad</span> <span class='ocrx_word' id='word_1_102' title='bbox 1525 2085 1972 2169; x_wconf 83' lang='lat' dir='ltr'>quemquam</span> <span class='ocrx_word' id='word_1_103' title='bbox 2012 2070 2377 2169; x_wconf 83' lang='lat' dir='ltr'>longiores</span> <span class='ocrx_word' id='word_1_104' title='bbox 2418 2075 2759 2172; x_wconf 82' lang='lat' dir='ltr'>epistolas</span> 
     </span>
     <span class='ocr_line' id='line_1_16' title="bbox 612 2180 2756 2281; baseline -0.001 -23"><span class='ocrx_word' id='word_1_105' title='bbox 612 2183 962 2269; x_wconf 88' lang='lat' dir='ltr'>scribere,</span> <span class='ocrx_word' id='word_1_106' title='bbox 1003 2182 1173 2269; x_wconf 88' lang='lat' dir='ltr'>nisi,</span> <span class='ocrx_word' id='word_1_107' title='bbox 1213 2180 1272 2251; x_wconf 91' lang='lat' dir='ltr'>si</span> <span class='ocrx_word' id='word_1_108' title='bbox 1308 2181 1470 2278; x_wconf 88' lang='lat' dir='ltr'>quis</span> <span class='ocrx_word' id='word_1_109' title='bbox 1492 2192 1515 2222; x_wconf 84' lang='lat'>¹</span> <span class='ocrx_word' id='word_1_110' title='bbox 1549 2181 1640 2251; x_wconf 87' lang='lat' dir='ltr'>ad</span> <span class='ocrx_word' id='word_1_111' title='bbox 1672 2206 1787 2253; x_wconf 91' lang='lat' dir='ltr'>me</span> <span class='ocrx_word' id='word_1_112' title='bbox 1827 2182 2036 2280; x_wconf 88' lang='lat' dir='ltr'>plura</span> <span class='ocrx_word' id='word_1_113' title='bbox 2072 2184 2390 2281; x_wconf 85' lang='lat' dir='ltr'><strong>scripsit,</strong></span> <span class='ocrx_word' id='word_1_114' title='bbox 2422 2185 2536 2255; x_wconf 90' lang='lat' dir='ltr'>cui</span> <span class='ocrx_word' id='word_1_115' title='bbox 2569 2200 2756 2281; x_wconf 88' lang='lat' dir='ltr'>puto</span> 
     </span>
     <span class='ocr_line' id='line_1_17' title="bbox 609 2291 2753 2391; baseline -0.001 -23"><span class='ocrx_word' id='word_1_116' title='bbox 609 2293 907 2368; x_wconf 84' lang='lat' dir='ltr'>rescribi</span> <span class='ocrx_word' id='word_1_117' title='bbox 958 2306 1321 2390; x_wconf 87' lang='lat' dir='ltr'>oportere.</span> <span class='ocrx_word' id='word_1_118' title='bbox 1366 2295 1518 2363; x_wconf 88' lang='lat' dir='ltr'>Nec</span> <span class='ocrx_word' id='word_1_119' title='bbox 1568 2294 1762 2363; x_wconf 89' lang='lat' dir='ltr'>enim</span> <span class='ocrx_word' id='word_1_120' title='bbox 1806 2291 2074 2383; x_wconf 79' lang='lat' dir='ltr'>haben,</span> <span class='ocrx_word' id='word_1_121' title='bbox 2116 2293 2365 2391; x_wconf 55' lang='lat' dir='ltr'>quod?²</span> <span class='ocrx_word' id='word_1_122' title='bbox 2405 2294 2753 2382; x_wconf 88' lang='lat' dir='ltr'>scribam;</span> 
     </span>
     <span class='ocr_line' id='line_1_18' title="bbox 611 2400 2757 2500; baseline 0 -23"><span class='ocrx_word' id='word_1_123' title='bbox 611 2430 746 2477; x_wconf 88' lang='lat' dir='ltr'>nec</span> <span class='ocrx_word' id='word_1_124' title='bbox 772 2405 910 2475; x_wconf 90' lang='lat' dir='ltr'>hoc</span> <span class='ocrx_word' id='word_1_125' title='bbox 935 2417 1265 2500; x_wconf 89' lang='lat' dir='ltr'>tempore</span> <span class='ocrx_word' id='word_1_126' title='bbox 1290 2401 1692 2500; x_wconf 86' lang='lat' dir='ltr'>quidquam</span> <span class='ocrx_word' id='word_1_127' title='bbox 1721 2400 2086 2475; x_wconf 86' lang='lat' dir='ltr'>difficilius</span> <span class='ocrx_word' id='word_1_128' title='bbox 2107 2402 2310 2475; x_wconf 79' lang='lat' dir='ltr'>facin.</span> <span class='ocrx_word' id='word_1_129' title='bbox 2339 2404 2447 2475; x_wconf 91' lang='lat' dir='ltr'>Ad</span> <span class='ocrx_word' id='word_1_130' title='bbox 2466 2420 2535 2476; x_wconf 91' lang='lat' dir='ltr'>te</span> <span class='ocrx_word' id='word_1_131' title='bbox 2552 2431 2757 2494; x_wconf 87' lang='lat' dir='ltr'>ver0,</span> 
     </span>
     <span class='ocr_line' id='line_1_19' title="bbox 606 2511 2750 2613; baseline -0 -25"><span class='ocrx_word' id='word_1_132' title='bbox 606 2531 682 2588; x_wconf 89' lang='lat' dir='ltr'>et</span> <span class='ocrx_word' id='word_1_133' title='bbox 724 2514 816 2586; x_wconf 88' lang='lat' dir='ltr'>ad</span> <span class='ocrx_word' id='word_1_134' title='bbox 853 2528 1173 2584; x_wconf 86' lang='lat' dir='ltr'>nostram</span> <span class='ocrx_word' id='word_1_135' title='bbox 1210 2511 1588 2583; x_wconf 86' lang='lat' dir='ltr'>Tulliolam</span> <span class='ocrx_word' id='word_1_136' title='bbox 1646 2538 1797 2584; x_wconf 90' lang='lat' dir='ltr'>non</span> <span class='ocrx_word' id='word_1_137' title='bbox 1840 2539 2035 2611; x_wconf 89' lang='lat' dir='ltr'>queo</span> <span class='ocrx_word' id='word_1_138' title='bbox 2081 2517 2236 2586; x_wconf 91' lang='lat' dir='ltr'>sine</span> <span class='ocrx_word' id='word_1_139' title='bbox 2276 2514 2603 2613; x_wconf 90' lang='lat' dir='ltr'>plurimis</span> <span class='ocrx_word' id='word_1_140' title='bbox 2641 2516 2750 2587; x_wconf 85' lang='lat' dir='ltr'>la·-</span> 
     </span>
     <span class='ocr_line' id='line_1_20' title="bbox 608 2620 2756 2724; baseline 0 -25"><span class='ocrx_word' id='word_1_141' title='bbox 608 2627 869 2724; x_wconf 73' lang='lat' dir='ltr'>crymis</span> <span class='ocrx_word' id='word_1_142' title='bbox 889 2622 1228 2696; x_wconf 89' lang='lat' dir='ltr'>scribere.</span> <span class='ocrx_word' id='word_1_143' title='bbox 1255 2626 1403 2693; x_wconf 87' lang='lat' dir='ltr'>Vos</span> <span class='ocrx_word' id='word_1_144' title='bbox 1424 2624 1619 2694; x_wconf 92' lang='lat' dir='ltr'>enim</span> <span class='ocrx_word' id='word_1_145' title='bbox 1653 2620 1865 2694; x_wconf 84' lang='lat' dir='ltr'>video</span> <span class='ocrx_word' id='word_1_146' title='bbox 1891 2649 2044 2696; x_wconf 86' lang='lat' dir='ltr'>esse</span> <span class='ocrx_word' id='word_1_147' title='bbox 2068 2626 2502 2699; x_wconf 78' lang='lat' dir='ltr'>miserrimas</span> <span class='ocrx_word' id='word_1_148' title='bbox 2521 2680 2539 2714; x_wconf 87' lang='lat'><strong>‚</strong></span> <span class='ocrx_word' id='word_1_149' title='bbox 2568 2650 2756 2723; x_wconf 87' lang='lat' dir='ltr'>quas</span> 
     </span>
     <span class='ocr_line' id='line_1_21' title="bbox 605 2734 2754 2844; baseline -0 -35"><span class='ocrx_word' id='word_1_150' title='bbox 605 2762 742 2834; x_wconf 88' lang='lat' dir='ltr'>ego</span> <span class='ocrx_word' id='word_1_151' title='bbox 788 2735 1236 2844; x_wconf 61' lang='lat' dir='ltr'>beatissimas</span> <span class='ocrx_word' id='word_1_152' title='bbox 1287 2758 1576 2832; x_wconf 89' lang='lat' dir='ltr'>semper</span> <span class='ocrx_word' id='word_1_153' title='bbox 1624 2758 1778 2806; x_wconf 91' lang='lat' dir='ltr'>esse</span> <span class='ocrx_word' id='word_1_154' title='bbox 1837 2734 2081 2823; x_wconf 86' lang='lat' dir='ltr'>volui,</span> <span class='ocrx_word' id='word_1_155' title='bbox 2144 2735 2366 2833; x_wconf 92' lang='lat' dir='ltr'>idque</span> <span class='ocrx_word' id='word_1_156' title='bbox 2414 2752 2754 2835; x_wconf 82' lang='lat' dir='ltr'>praestare</span> 
     </span>
     <span class='ocr_line' id='line_1_22' title="bbox 602 2842 2751 2943; baseline -0.001 -23"><span class='ocrx_word' id='word_1_157' title='bbox 602 2847 825 2919; x_wconf 90' lang='lat' dir='ltr'>debui</span> <span class='ocrx_word' id='word_1_158' title='bbox 864 2874 879 2916; x_wconf 76' lang='grc' dir='ltr'><strong><em>ε</em></strong></span> <span class='ocrx_word' id='word_1_159' title='bbox 930 2856 1035 2933; x_wconf 91' lang='lat' dir='ltr'>et,</span> <span class='ocrx_word' id='word_1_160' title='bbox 1085 2845 1219 2915; x_wconf 91' lang='lat' dir='ltr'>nisi</span> <span class='ocrx_word' id='word_1_161' title='bbox 1262 2857 1409 2914; x_wconf 88' lang='lat' dir='ltr'>tam</span> <span class='ocrx_word' id='word_1_162' title='bbox 1458 2842 1741 2914; x_wconf 82' lang='lat' dir='ltr'>timidi3</span> <span class='ocrx_word' id='word_1_163' title='bbox 1769 2842 2151 2916; x_wconf 87' lang='lat' dir='ltr'>fuissemus</span> <span class='ocrx_word' id='word_1_164' title='bbox 2176 2900 2194 2934; x_wconf 86' lang='lat'>‚</span> <span class='ocrx_word' id='word_1_165' title='bbox 2237 2847 2751 2943; x_wconf 83' lang='lat' dir='ltr'>praestitissem.</span> 
     </span>
     <span class='ocr_line' id='line_1_23' title="bbox 600 2953 2753 3053; baseline -0.001 -25"><span class='ocrx_word' id='word_1_166' title='bbox 600 2959 932 3029; x_wconf 89' lang='lat' dir='ltr'>Pisonem</span> <span class='ocrx_word' id='word_1_167' title='bbox 982 2968 1314 3026; x_wconf 89' lang='lat' dir='ltr'>nostrum</span> <span class='ocrx_word' id='word_1_168' title='bbox 1354 2955 1614 3024; x_wconf 90' lang='lat' dir='ltr'>merito</span> <span class='ocrx_word' id='word_1_169' title='bbox 1650 2953 1807 3048; x_wconf 89' lang='lat' dir='ltr'>ejus</span> <span class='ocrx_word' id='word_1_170' title='bbox 1844 2979 2013 3025; x_wconf 91' lang='lat' dir='ltr'>amo</span> <span class='ocrx_word' id='word_1_171' title='bbox 2054 2954 2472 3053; x_wconf 87' lang='lat' dir='ltr'>plurimum.</span> <span class='ocrx_word' id='word_1_172' title='bbox 2522 2960 2753 3045; x_wconf 87' lang='lat' dir='ltr'>Eum,</span> 
     </span>
     <span class='ocr_line' id='line_1_24' title="bbox 585 3061 2751 3167; baseline 0 -29"><span class='ocrx_word' id='word_1_173' title='bbox 585 3082 683 3138; x_wconf 79' lang='lat' dir='ltr'>·ut</span> <span class='ocrx_word' id='word_1_174' title='bbox 722 3064 968 3164; x_wconf 88' lang='lat' dir='ltr'>potui,</span> <span class='ocrx_word' id='word_1_175' title='bbox 1006 3088 1138 3162; x_wconf 88' lang='lat' dir='ltr'>per</span> <span class='ocrx_word' id='word_1_176' title='bbox 1175 3064 1419 3135; x_wconf 84' lang='lat' dir='ltr'>literas</span> <span class='ocrx_word' id='word_1_177' title='bbox 1454 3061 1876 3135; x_wconf 85' lang='lat' dir='ltr'>cohortatus</span> <span class='ocrx_word' id='word_1_178' title='bbox 1910 3089 2071 3135; x_wconf 91' lang='lat' dir='ltr'>sum</span> <span class='ocrx_word' id='word_1_179' title='bbox 2093 3118 2112 3151; x_wconf 91' lang='lat'>‚</span> <span class='ocrx_word' id='word_1_180' title='bbox 2155 3066 2568 3167; x_wconf 20' lang='lat' dir='ltr'>gratiasque·</span> <span class='ocrx_word' id='word_1_181' title='bbox 2598 3070 2751 3165; x_wconf 83' lang='lat' dir='ltr'>egi,</span> 
     </span>
     <span class='ocr_line' id='line_1_25' title="bbox 599 3171 2758 3274; baseline 0 -26"><span class='ocrx_word' id='word_1_182' title='bbox 599 3192 685 3248; x_wconf 91' lang='lat' dir='ltr'>ut</span> <span class='ocrx_word' id='word_1_183' title='bbox 722 3176 964 3249; x_wconf 87' lang='lat' dir='ltr'>debui.</span> <span class='ocrx_word' id='word_1_184' title='bbox 992 3178 1077 3245; x_wconf 91' lang='lat' dir='ltr'>In</span> <span class='ocrx_word' id='word_1_185' title='bbox 1117 3175 1324 3245; x_wconf 87' lang='lat' dir='ltr'>novis</span> <span class='ocrx_word' id='word_1_186' title='bbox 1360 3171 1672 3244; x_wconf 88' lang='lat' dir='ltr'>tribunis</span> <span class='ocrx_word' id='word_1_187' title='bbox 1697 3174 1929 3272; x_wconf 89' lang='lat' dir='ltr'>plebis</span> <span class='ocrx_word' id='word_1_188' title='bbox 1949 3176 2272 3273; x_wconf 83' lang='lat' dir='ltr'>intelligo</span> <span class='ocrx_word' id='word_1_189' title='bbox 2294 3200 2498 3274; x_wconf 91' lang='lat' dir='ltr'>spem</span> <span class='ocrx_word' id='word_1_190' title='bbox 2528 3192 2599 3248; x_wconf 94' lang='lat' dir='ltr'>te</span> <span class='ocrx_word' id='word_1_191' title='bbox 2623 3176 2758 3249; x_wconf 88' lang='lat' dir='ltr'>ha-</span> 
     </span>
     <span class='ocr_line' id='line_1_26' title="bbox 597 3282 2757 3382; baseline 0 -24"><span class='ocrx_word' id='word_1_192' title='bbox 597 3287 796 3358; x_wconf 88' lang='lat' dir='ltr'>bere.</span> <span class='ocrx_word' id='word_1_193' title='bbox 850 3285 938 3356; x_wconf 92' lang='lat' dir='ltr'>Id</span> <span class='ocrx_word' id='word_1_194' title='bbox 978 3285 1114 3355; x_wconf 89' lang='lat' dir='ltr'>erit</span> <span class='ocrx_word' id='word_1_195' title='bbox 1149 3283 1478 3371; x_wconf 82' lang='lat' dir='ltr'>firmum,</span> <span class='ocrx_word' id='word_1_196' title='bbox 1516 3285 1574 3353; x_wconf 90' lang='lat' dir='ltr'>si</span> <span class='ocrx_word' id='word_1_197' title='bbox 1629 3282 1955 3382; x_wconf 89' lang='lat' dir='ltr'>Pompeii</span> <span class='ocrx_word' id='word_1_198' title='bbox 1998 3282 2333 3355; x_wconf 85' lang='lat' dir='ltr'>voluntas</span> <span class='ocrx_word' id='word_1_199' title='bbox 2377 3286 2513 3357; x_wconf 88' lang='lat' dir='ltr'>erit</span> <span class='ocrx_word' id='word_1_200' title='bbox 2555 3313 2571 3353; x_wconf 75' lang='grc' dir='ltr'><em>τ</em></span> <span class='ocrx_word' id='word_1_201' title='bbox 2615 3285 2757 3359; x_wconf 87' lang='lat' dir='ltr'>sed</span> 
     </span>
     <span class='ocr_line' id='line_1_27' title="bbox 596 3391 2754 3491; baseline -0.001 -23"><span class='ocrx_word' id='word_1_202' title='bbox 596 3402 932 3468; x_wconf 86' lang='lat' dir='ltr'>Crassum</span> <span class='ocrx_word' id='word_1_203' title='bbox 971 3410 1213 3465; x_wconf 86' lang='lat' dir='ltr'>tamen</span> <span class='ocrx_word' id='word_1_204' title='bbox 1253 3407 1528 3463; x_wconf 78' lang='lat' dir='ltr'>metuo,</span> <span class='ocrx_word' id='word_1_205' title='bbox 1569 3396 1631 3464; x_wconf 89' lang='lat' dir='ltr'><strong>A</strong></span> <span class='ocrx_word' id='word_1_206' title='bbox 1673 3407 1742 3463; x_wconf 91' lang='lat' dir='ltr'>te</span> <span class='ocrx_word' id='word_1_207' title='bbox 1786 3391 2085 3491; x_wconf 88' lang='lat' dir='ltr'>quidem</span> <span class='ocrx_word' id='word_1_208' title='bbox 2130 3396 2374 3464; x_wconf 87' lang='lat' dir='ltr'>omnia</span> <span class='ocrx_word' id='word_1_209' title='bbox 2401 3394 2559 3465; x_wconf 89' lang='lat' dir='ltr'>fieri</span> <span class='ocrx_word' id='word_1_210' title='bbox 2594 3391 2754 3465; x_wconf 89' lang='lat' dir='ltr'>for-</span> 
     </span>
     <span class='ocr_line' id='line_1_28' title="bbox 596 3501 2759 3592; baseline 0 -16"><span class='ocrx_word' id='word_1_211' title='bbox 596 3505 868 3576; x_wconf 89' lang='lat' dir='ltr'>tissime</span> <span class='ocrx_word' id='word_1_212' title='bbox 896 3518 969 3574; x_wconf 91' lang='lat' dir='ltr'>et</span> <span class='ocrx_word' id='word_1_213' title='bbox 1001 3502 1483 3574; x_wconf 87' lang='lat' dir='ltr'>amantissime</span> <span class='ocrx_word' id='word_1_214' title='bbox 1524 3501 1738 3573; x_wconf 87' lang='lat' dir='ltr'>video</span> <span class='ocrx_word' id='word_1_215' title='bbox 1773 3528 1789 3571; x_wconf 90' lang='lat'>:</span> <span class='ocrx_word' id='word_1_216' title='bbox 1820 3527 1956 3574; x_wconf 90' lang='lat' dir='ltr'>nec</span> <span class='ocrx_word' id='word_1_217' title='bbox 1989 3506 2258 3592; x_wconf 83' lang='lat' dir='ltr'>miror3</span> <span class='ocrx_word' id='word_1_218' title='bbox 2292 3503 2419 3575; x_wconf 87' lang='lat' dir='ltr'>sed</span> <span class='ocrx_word' id='word_1_219' title='bbox 2466 3528 2759 3577; x_wconf 87' lang='lat' dir='ltr'>moereo</span> 
     </span>
     <span class='ocr_line' id='line_1_29' title="bbox 598 3610 2758 3708; baseline 0 -23"><span class='ocrx_word' id='word_1_220' title='bbox 598 3618 847 3685; x_wconf 88' lang='lat' dir='ltr'>casum</span> <span class='ocrx_word' id='word_1_221' title='bbox 886 3610 1241 3708; x_wconf 89' lang='lat' dir='ltr'>ejusmodi</span> <span class='ocrx_word' id='word_1_222' title='bbox 1255 3615 1308 3703; x_wconf 67' lang='lat'>4,</span> <span class='ocrx_word' id='word_1_223' title='bbox 1348 3627 1432 3683; x_wconf 84' lang='lat' dir='ltr'>ut</span> <span class='ocrx_word' id='word_1_224' title='bbox 1470 3612 1689 3684; x_wconf 89' lang='lat' dir='ltr'>tantis</span> <span class='ocrx_word' id='word_1_225' title='bbox 1723 3613 1865 3683; x_wconf 85' lang='lat' dir='ltr'>tuis</span> <span class='ocrx_word' id='word_1_226' title='bbox 1901 3612 2204 3684; x_wconf 88' lang='lat' dir='ltr'>miseriis</span> <span class='ocrx_word' id='word_1_227' title='bbox 2231 3639 2405 3685; x_wconf 88' lang='lat' dir='ltr'>meae</span> <span class='ocrx_word' id='word_1_228' title='bbox 2445 3615 2758 3685; x_wconf 83' lang='lat' dir='ltr'>miseriae</span> 
     </span>
     <span class='ocr_line' id='line_1_30' title="bbox 599 3721 2759 3813; baseline -0 -17"><span class='ocrx_word' id='word_1_229' title='bbox 599 3723 1091 3796; x_wconf 80' lang='lat' dir='ltr'>subleventur.</span> <span class='ocrx_word' id='word_1_230' title='bbox 1127 3728 1309 3797; x_wconf 87' lang='lat' dir='ltr'>Nam</span> <span class='ocrx_word' id='word_1_231' title='bbox 1337 3722 1430 3795; x_wconf 88' lang='lat' dir='ltr'>ad</span> <span class='ocrx_word' id='word_1_232' title='bbox 1452 3747 1571 3793; x_wconf 91' lang='lat' dir='ltr'>me</span> <span class='ocrx_word' id='word_1_233' title='bbox 1599 3726 1673 3792; x_wconf 92' lang='lat' dir='ltr'>P.</span> <span class='ocrx_word' id='word_1_234' title='bbox 1702 3722 2054 3813; x_wconf 78' lang='lat' dir='ltr'>ValeriuS,</span> <span class='ocrx_word' id='word_1_235' title='bbox 2088 3724 2311 3794; x_wconf 91' lang='lat' dir='ltr'>homo</span> <span class='ocrx_word' id='word_1_236' title='bbox 2344 3721 2712 3796; x_wconf 88' lang='lat' dir='ltr'>officiosus</span> <span class='ocrx_word' id='word_1_237' title='bbox 2732 3780 2759 3811; x_wconf 88' lang='lat'>‚</span> 
     </span>
    </p>
   </div>
   <div class='ocr_carea' id='block_1_11' title="bbox 663 3936 2758 4171">
    <p class='ocr_par' dir='ltr' id='par_1_11' title="bbox 663 3936 2758 4171">
     <span class='ocr_line' id='line_1_31' title="bbox 674 3936 2758 4008; baseline 0.001 -17"><span class='ocrx_word' id='word_1_238' title='bbox 674 3960 717 3992; x_wconf 89' lang='lat'>1.</span> <span class='ocrx_word' id='word_1_239' title='bbox 741 3938 868 4000; x_wconf 71' lang='lat' dir='ltr'>Alii,</span> <span class='ocrx_word' id='word_1_240' title='bbox 891 3936 936 3988; x_wconf 74' lang='lat' dir='ltr'>si</span> <span class='ocrx_word' id='word_1_241' title='bbox 959 3940 1058 4005; x_wconf 80' lang='lat' dir='ltr'>qui.</span> <span class='ocrx_word' id='word_1_242' title='bbox 1093 3944 1144 3991; x_wconf 81' lang='lat' dir='ltr'>J.</span> <span class='ocrx_word' id='word_1_243' title='bbox 1162 3944 1226 3990; x_wconf 85' lang='lat' dir='ltr'>V.</span> <span class='ocrx_word' id='word_1_244' title='bbox 1259 3947 1315 3993; x_wconf 89' lang='lat' dir='ltr'>L.</span> <span class='ocrx_word' id='word_1_245' title='bbox 1707 3941 1957 4002; x_wconf 74' lang='lat' dir='ltr'>maluerit,</span> <span class='ocrx_word' id='word_1_246' title='bbox 1979 3960 2122 4008; x_wconf 82' lang='lat' dir='ltr'>quam</span> <span class='ocrx_word' id='word_1_247' title='bbox 2147 3944 2290 3991; x_wconf 78' lang='lat' dir='ltr'>armis</span> <span class='ocrx_word' id='word_1_248' title='bbox 2316 3943 2758 3993; x_wconf 53' lang='lat' dir='ltr'>decamanus.</span> 
     </span>
     <span class='ocr_line' id='line_1_32' title="bbox 665 4017 2757 4098; baseline 0.001 -28"><span class='ocrx_word' id='word_1_249' title='bbox 665 4039 720 4072; x_wconf 80' lang='lat'>2.</span> <span class='ocrx_word' id='word_1_250' title='bbox 750 4020 1057 4069; x_wconf 69' lang='lat' dir='ltr'>Recentiores</span> <span class='ocrx_word' id='word_1_251' title='bbox 1078 4017 1199 4086; x_wconf 78' lang='lat' dir='ltr'>quid</span> <span class='ocrx_word' id='word_1_252' title='bbox 1210 4017 1229 4080; x_wconf 84' lang='grc'>,’</span> <span class='ocrx_word' id='word_1_253' title='bbox 1250 4021 1395 4071; x_wconf 78' lang='lat' dir='ltr'>mle.</span> <span class='ocrx_word' id='word_1_254' title='bbox 1414 4023 1463 4070; x_wconf 81' lang='lat' dir='ltr'>J.</span> <span class='ocrx_word' id='word_1_255' title='bbox 1477 4023 1618 4098; x_wconf 32' lang='lat' dir='ltr'><strong>V.·L.</strong></span> <span class='ocrx_word' id='word_1_256' title='bbox 1781 4029 1829 4077; x_wconf 71' lang='grc'>4.</span> <span class='ocrx_word' id='word_1_257' title='bbox 1850 4024 2038 4073; x_wconf 75' lang='lat' dir='ltr'>Ernest.</span> <span class='ocrx_word' id='word_1_258' title='bbox 2055 4024 2188 4084; x_wconf 85' lang='lat' dir='ltr'>conj.</span> <span class='ocrx_word' id='word_1_259' title='bbox 2211 4044 2234 4067; x_wconf 74' lang='grc' dir='ltr'>ι</span> <span class='ocrx_word' id='word_1_260' title='bbox 2250 4021 2333 4071; x_wconf 72' lang='grc' dir='ltr'><em>κά</em></span> <span class='ocrx_word' id='word_1_261' title='bbox 2351 4038 2553 4086; x_wconf 82' lang='lat' dir='ltr'>moereo,</span> <span class='ocrx_word' id='word_1_262' title='bbox 2573 4039 2757 4073; x_wconf 77' lang='lat' dir='ltr'>casnm</span> 
     </span>
     <span class='ocr_line' id='line_1_33' title="bbox 663 4097 2369 4171; baseline -0.001 -21"><span class='ocrx_word' id='word_1_263' title='bbox 663 4102 714 4150; x_wconf 84' lang='lat'>3.</span> <span class='ocrx_word' id='word_1_264' title='bbox 750 4097 940 4148; x_wconf 80' lang='lat' dir='ltr'>Timidi.</span> <span class='ocrx_word' id='word_1_265' title='bbox 958 4098 1108 4161; x_wconf 79' lang='lat' dir='ltr'>Quod</span> <span class='ocrx_word' id='word_1_266' title='bbox 1133 4116 1160 4147; x_wconf 81' lang='lat' dir='ltr'>e</span> <span class='ocrx_word' id='word_1_267' title='bbox 1187 4100 1341 4163; x_wconf 73' lang='lat' dir='ltr'>patria</span> <span class='ocrx_word' id='word_1_268' title='bbox 1369 4098 1620 4150; x_wconf 74' lang='lat' dir='ltr'>discedere</span> <span class='ocrx_word' id='word_1_269' title='bbox 1709 4116 1810 4149; x_wconf 71' lang='lat' dir='ltr'>ease</span> <span class='ocrx_word' id='word_1_270' title='bbox 1830 4101 2071 4164; x_wconf 77' lang='lat' dir='ltr'>ejusmodi</span> <span class='ocrx_word' id='word_1_271' title='bbox 2088 4125 2130 4152; x_wconf 76' lang='lat' dir='ltr'>a.</span> <span class='ocrx_word' id='word_1_272' title='bbox 2156 4103 2206 4151; x_wconf 83' lang='lat' dir='ltr'>J.</span> <span class='ocrx_word' id='word_1_273' title='bbox 2217 4105 2289 4171; x_wconf 55' lang='lat' dir='ltr'>JV.</span> <span class='ocrx_word' id='word_1_274' title='bbox 2315 4104 2369 4149; x_wconf 88' lang='lat' dir='ltr'>L.</span> 
     </span>
    </p>
   </div>
  </div>
 </body>
</html>
