<?xml version="1.0" encoding="UTF-8"?>
<!DOCTYPE html PUBLIC "-//W3C//DTD XHTML 1.0 Transitional//EN"
    "http://www.w3.org/TR/xhtml1/DTD/xhtml1-transitional.dtd">
<html xmlns="http://www.w3.org/1999/xhtml" xml:lang="en" lang="en">
 <head>
  <title>
</title>
<meta http-equiv="Content-Type" content="text/html;charset=utf-8" />
  <meta name='ocr-system' content='tesseract 3.04.00' />
  <meta name='ocr-capabilities' content='ocr_page ocr_carea ocr_par ocr_line ocrx_word'/>
</head>
<body>
  <div class='ocr_page' id='page_1' title='image "./mtciceronisquae01bouigoog_0013.png"; bbox 0 0 3023 4773; ppageno 0'>
   <div class='ocr_carea' id='block_1_1' title="bbox 816 444 2371 531">
    <p class='ocr_par' dir='ltr' id='par_1_1' title="bbox 816 444 2371 531">
     <span class='ocr_line' id='line_1_1' title="bbox 816 444 2371 531; baseline 0.003 -15"><span class='ocrx_word' id='word_1_1' title='bbox 816 444 1405 531; x_wconf 83' lang='lat' dir='ltr'><strong>EPISTOLAE,</strong></span> <span class='ocrx_word' id='word_1_2' title='bbox 1445 447 1691 531; x_wconf 84' lang='lat' dir='ltr'><strong>XIII,</strong></span> <span class='ocrx_word' id='word_1_3' title='bbox 1741 470 1796 514; x_wconf 89' lang='lat'><strong>1.</strong></span> <span class='ocrx_word' id='word_1_4' title='bbox 2328 447 2371 520; x_wconf 84' lang='grc'>3</span> 
     </span>
    </p>
   </div>
   <div class='ocr_carea' id='block_1_2' title="bbox 215 565 2385 3465">
    <p class='ocr_par' dir='ltr' id='par_1_2' title="bbox 215 565 2385 3465">
     <span class='ocr_line' id='line_1_2' title="bbox 258 565 2374 666; baseline 0.003 -30"><span class='ocrx_word' id='word_1_5' title='bbox 258 568 458 637; x_wconf 88' lang='lat' dir='ltr'><strong>animi</strong></span> <span class='ocrx_word' id='word_1_6' title='bbox 485 566 625 652; x_wconf 88' lang='lat' dir='ltr'><strong>tui,</strong></span> <span class='ocrx_word' id='word_1_7' title='bbox 653 568 1122 663; x_wconf 80' lang='lat' dir='ltr'><strong>perversitate</strong></span> <span class='ocrx_word' id='word_1_8' title='bbox 1158 565 1574 663; x_wconf 85' lang='lat' dir='ltr'><strong>aliquorum</strong></span> <span class='ocrx_word' id='word_1_9' title='bbox 1607 568 1823 659; x_wconf 89' lang='lat' dir='ltr'><strong>(novi</strong></span> <span class='ocrx_word' id='word_1_10' title='bbox 1850 570 2046 639; x_wconf 91' lang='lat' dir='ltr'><strong>enim</strong></span> <span class='ocrx_word' id='word_1_11' title='bbox 2084 584 2374 666; x_wconf 86' lang='lat' dir='ltr'><strong>gentem</strong></span> 
     </span>
     <span class='ocr_line' id='line_1_3' title="bbox 256 673 2376 775; baseline 0.003 -30"><span class='ocrx_word' id='word_1_12' title='bbox 256 676 429 747; x_wconf 84' lang='lat' dir='ltr'><strong>illam</strong></span> <span class='ocrx_word' id='word_1_13' title='bbox 452 686 478 730; x_wconf 84' lang='lat'>⁷</span> <span class='ocrx_word' id='word_1_14' title='bbox 501 674 563 769; x_wconf 88' lang='lat'><strong>),</strong></span> <span class='ocrx_word' id='word_1_15' title='bbox 586 673 713 747; x_wconf 91' lang='lat' dir='ltr'><strong>des</strong></span> <span class='ocrx_word' id='word_1_16' title='bbox 740 691 814 746; x_wconf 90' lang='lat' dir='ltr'><strong>te</strong></span> <span class='ocrx_word' id='word_1_17' title='bbox 849 674 942 745; x_wconf 91' lang='lat' dir='ltr'><strong>ad</strong></span> <span class='ocrx_word' id='word_1_18' title='bbox 975 674 1344 747; x_wconf 86' lang='lat' dir='ltr'><strong>lenitatem</strong></span> <span class='ocrx_word' id='word_1_19' title='bbox 1361 730 1381 763; x_wconf 98' lang='lat'><strong>,</strong></span> <span class='ocrx_word' id='word_1_20' title='bbox 1416 676 1535 748; x_wconf 82' lang='lat' dir='ltr'><strong>vel</strong></span> <span class='ocrx_word' id='word_1_21' title='bbox 1561 691 1862 775; x_wconf 89' lang='lat' dir='ltr'><strong>propter</strong></span> <span class='ocrx_word' id='word_1_22' title='bbox 1887 693 2086 750; x_wconf 87' lang='lat' dir='ltr'><strong>tuam</strong></span> <span class='ocrx_word' id='word_1_23' title='bbox 2106 676 2140 726; x_wconf 79' lang='lat'><strong>⁸</strong></span> <span class='ocrx_word' id='word_1_24' title='bbox 2175 702 2376 753; x_wconf 82' lang='lat' dir='ltr'><strong>surn-</strong></span> 
     </span>
     <span class='ocr_line' id='line_1_4' title="bbox 254 784 2378 890; baseline 0.003 -32"><span class='ocrx_word' id='word_1_25' title='bbox 254 806 426 858; x_wconf 85' lang='lat' dir='ltr'><strong>mam</strong></span> <span class='ocrx_word' id='word_1_26' title='bbox 442 784 968 856; x_wconf 83' lang='lat' dir='ltr'><strong>humanitatem</strong></span> <span class='ocrx_word' id='word_1_27' title='bbox 984 839 1005 874; x_wconf 93' lang='lat'><strong>,</strong></span> <span class='ocrx_word' id='word_1_28' title='bbox 1031 784 1147 856; x_wconf 83' lang='lat' dir='ltr'><strong>vel</strong></span> <span class='ocrx_word' id='word_1_29' title='bbox 1168 788 1385 857; x_wconf 80' lang='lat' dir='ltr'><strong>etiam</strong></span> <span class='ocrx_word' id='word_1_30' title='bbox 1409 785 1715 859; x_wconf 85' lang='lat' dir='ltr'><strong>honoris</strong></span> <span class='ocrx_word' id='word_1_31' title='bbox 1739 791 1883 859; x_wconf 90' lang='lat' dir='ltr'><strong>mei</strong></span> <span class='ocrx_word' id='word_1_32' title='bbox 1908 812 2136 862; x_wconf 88' lang='lat' dir='ltr'><strong>causa.</strong></span> <span class='ocrx_word' id='word_1_33' title='bbox 2162 796 2378 890; x_wconf 89' lang='lat' dir='ltr'><strong>Equi·</strong></span> 
     </span>
     <span class='ocr_line' id='line_1_5' title="bbox 254 895 2378 994; baseline 0.002 -25"><span class='ocrx_word' id='word_1_34' title='bbox 254 896 436 984; x_wconf 87' lang='lat' dir='ltr'><strong>dem,</strong></span> <span class='ocrx_word' id='word_1_35' title='bbox 468 899 567 984; x_wconf 88' lang='lat' dir='ltr'><strong>si,</strong></span> <span class='ocrx_word' id='word_1_36' title='bbox 598 895 776 993; x_wconf 91' lang='lat' dir='ltr'><strong>quid</strong></span> <span class='ocrx_word' id='word_1_37' title='bbox 806 898 962 993; x_wconf 89' lang='lat' dir='ltr'><strong>ipse</strong></span> <span class='ocrx_word' id='word_1_38' title='bbox 993 898 1334 985; x_wconf 90' lang='lat' dir='ltr'><strong>sentiam,</strong></span> <span class='ocrx_word' id='word_1_39' title='bbox 1365 900 1629 994; x_wconf 69' lang='lat' dir='ltr'><strong>quaeris</strong></span> <span class='ocrx_word' id='word_1_40' title='bbox 1649 951 1670 987; x_wconf 91' lang='lat'><strong><em>‚</em></strong></span> <span class='ocrx_word' id='word_1_41' title='bbox 1708 918 1881 985; x_wconf 89' lang='lat' dir='ltr'><strong>nec,</strong></span> <span class='ocrx_word' id='word_1_42' title='bbox 1911 921 2041 970; x_wconf 89' lang='lat' dir='ltr'><strong>cur</strong></span> <span class='ocrx_word' id='word_1_43' title='bbox 2071 900 2191 973; x_wconf 86' lang='lat' dir='ltr'><strong>ille</strong></span> <span class='ocrx_word' id='word_1_44' title='bbox 2230 917 2378 974; x_wconf 88' lang='lat' dir='ltr'><strong>tan·</strong></span> 
     </span>
     <span class='ocr_line' id='line_1_6' title="bbox 250 1003 2374 1107; baseline 0.003 -29"><span class='ocrx_word' id='word_1_45' title='bbox 250 1021 488 1104; x_wconf 88' lang='lat' dir='ltr'><strong>topere</strong></span> <span class='ocrx_word' id='word_1_46' title='bbox 523 1004 920 1077; x_wconf 85' lang='lat' dir='ltr'><strong>contendat</strong></span> <span class='ocrx_word' id='word_1_47' title='bbox 942 1059 962 1094; x_wconf 93' lang='lat'><strong>,</strong></span> <span class='ocrx_word' id='word_1_48' title='bbox 996 1003 1244 1093; x_wconf 86' lang='lat' dir='ltr'><strong>vide0,</strong></span> <span class='ocrx_word' id='word_1_49' title='bbox 1292 1030 1426 1077; x_wconf 92' lang='lat' dir='ltr'><strong>nec</strong></span> <span class='ocrx_word' id='word_1_50' title='bbox 1463 1032 1597 1079; x_wconf 90' lang='lat' dir='ltr'><strong>cur</strong></span> <span class='ocrx_word' id='word_1_51' title='bbox 1632 1021 1716 1078; x_wconf 90' lang='lat' dir='ltr'><strong>tu</strong></span> <span class='ocrx_word' id='word_1_52' title='bbox 1755 1015 2119 1107; x_wconf 86' lang='lat' dir='ltr'><strong>repugnes</strong></span> <span class='ocrx_word' id='word_1_53' title='bbox 2165 1038 2182 1082; x_wconf 70' lang='grc' dir='ltr'>ε</span> <span class='ocrx_word' id='word_1_54' title='bbox 2236 1012 2374 1085; x_wconf 86' lang='lat' dir='ltr'><strong>nisi</strong></span> 
     </span>
     <span class='ocr_line' id='line_1_7' title="bbox 248 1113 2378 1216; baseline 0.003 -30"><span class='ocrx_word' id='word_1_55' title='bbox 248 1130 475 1186; x_wconf 89' lang='lat' dir='ltr'><strong>tamen</strong></span> <span class='ocrx_word' id='word_1_56' title='bbox 515 1114 753 1186; x_wconf 87' lang='lat' dir='ltr'><strong>multo</strong></span> <span class='ocrx_word' id='word_1_57' title='bbox 788 1117 1032 1186; x_wconf 84' lang='lat' dir='ltr'><strong>minus</strong></span> <span class='ocrx_word' id='word_1_58' title='bbox 1081 1113 1217 1185; x_wconf 89' lang='lat' dir='ltr'><strong>tibi</strong></span> <span class='ocrx_word' id='word_1_59' title='bbox 1274 1116 1579 1188; x_wconf 87' lang='lat' dir='ltr'><strong>concedi</strong></span> <span class='ocrx_word' id='word_1_60' title='bbox 1635 1132 1915 1215; x_wconf 88' lang='lat' dir='ltr'><strong>potest,</strong></span> <span class='ocrx_word' id='word_1_61' title='bbox 1976 1142 2196 1216; x_wconf 85' lang='lat' dir='ltr'><strong>quarn</strong></span> <span class='ocrx_word' id='word_1_62' title='bbox 2237 1122 2378 1213; x_wconf 90' lang='lat' dir='ltr'><strong>illi,</strong></span> 
     </span>
     <span class='ocr_line' id='line_1_8' title="bbox 246 1225 2379 1323; baseline 0.003 -26"><span class='ocrx_word' id='word_1_63' title='bbox 246 1225 563 1297; x_wconf 81' lang='lat' dir='ltr'><strong>laborare</strong></span> <span class='ocrx_word' id='word_1_64' title='bbox 582 1230 739 1296; x_wconf 91' lang='lat' dir='ltr'><strong>sine</strong></span> <span class='ocrx_word' id='word_1_65' title='bbox 768 1248 1005 1297; x_wconf 88' lang='lat' dir='ltr'><strong>causa.</strong></span> <span class='ocrx_word' id='word_1_66' title='bbox 1026 1228 1490 1323; x_wconf 84' lang='lat' dir='ltr'><strong>Quamquam</strong></span> <span class='ocrx_word' id='word_1_67' title='bbox 1509 1230 1837 1300; x_wconf 84' lang='lat' dir='ltr'><strong>Patronis</strong></span> <span class='ocrx_word' id='word_1_68' title='bbox 1858 1243 1932 1301; x_wconf 90' lang='lat' dir='ltr'><strong>et</strong></span> <span class='ocrx_word' id='word_1_69' title='bbox 1950 1232 2379 1321; x_wconf 84' lang='lat' dir='ltr'><strong>orationem,</strong></span> 
     </span>
     <span class='ocr_line' id='line_1_9' title="bbox 247 1329 2372 1433; baseline 0.002 -25"><span class='ocrx_word' id='word_1_70' title='bbox 247 1352 309 1408; x_wconf 89' lang='lat' dir='ltr'><strong>et</strong></span> <span class='ocrx_word' id='word_1_71' title='bbox 350 1329 639 1407; x_wconf 84' lang='lat' dir='ltr'><strong>causam</strong></span> <span class='ocrx_word' id='word_1_72' title='bbox 679 1334 811 1405; x_wconf 87' lang='lat' dir='ltr'><strong>tibi</strong></span> <span class='ocrx_word' id='word_1_73' title='bbox 854 1337 1219 1433; x_wconf 86' lang='lat' dir='ltr'><strong>cognitam</strong></span> <span class='ocrx_word' id='word_1_74' title='bbox 1277 1358 1431 1408; x_wconf 88' lang='lat' dir='ltr'><strong>esse</strong></span> <span class='ocrx_word' id='word_1_75' title='bbox 1485 1352 1685 1409; x_wconf 88' lang='lat' dir='ltr'><strong>certo</strong></span> <span class='ocrx_word' id='word_1_76' title='bbox 1732 1342 1906 1411; x_wconf 89' lang='lat' dir='ltr'><strong>scio.</strong></span> <span class='ocrx_word' id='word_1_77' title='bbox 1960 1345 2372 1432; x_wconf 85' lang='lat' dir='ltr'><strong>Honorem,</strong></span> 
     </span>
     <span class='ocr_line' id='line_1_10' title="bbox 243 1446 2377 1546; baseline 0.002 -27"><span class='ocrx_word' id='word_1_78' title='bbox 243 1446 596 1535; x_wconf 88' lang='lat' dir='ltr'><strong>officium,</strong></span> <span class='ocrx_word' id='word_1_79' title='bbox 630 1451 1230 1517; x_wconf 70' lang='lat' dir='ltr'><strong>testamentorum</strong></span> <span class='ocrx_word' id='word_1_80' title='bbox 1262 1446 1449 1542; x_wconf 82' lang='lat' dir='ltr'><strong>jus9,</strong></span> <span class='ocrx_word' id='word_1_81' title='bbox 1488 1452 1785 1546; x_wconf 89' lang='lat' dir='ltr'><strong>Epicuri</strong></span> <span class='ocrx_word' id='word_1_82' title='bbox 1822 1454 2331 1524; x_wconf 87' lang='lat' dir='ltr'><strong>auctoritatem</strong></span> <span class='ocrx_word' id='word_1_83' title='bbox 2357 1508 2377 1540; x_wconf 87' lang='lat'><strong>,</strong></span> 
     </span>
     <span class='ocr_line' id='line_1_11' title="bbox 242 1555 2381 1661; baseline 0.003 -32"><span class='ocrx_word' id='word_1_84' title='bbox 242 1557 514 1629; x_wconf 81' lang='lat' dir='ltr'><strong>Phaedri</strong></span> <span class='ocrx_word' id='word_1_85' title='bbox 547 1555 1109 1629; x_wconf 87' lang='lat' dir='ltr'><strong>obtestationem</strong></span> <span class='ocrx_word' id='word_1_86' title='bbox 1131 1566 1219 1645; x_wconf 86' lang='lat'><strong>¹⁰,</strong></span> <span class='ocrx_word' id='word_1_87' title='bbox 1258 1556 1528 1646; x_wconf 89' lang='lat' dir='ltr'><strong>sedem,</strong></span> <span class='ocrx_word' id='word_1_88' title='bbox 1570 1557 2018 1632; x_wconf 86' lang='lat' dir='ltr'><strong>domicilium</strong></span> <span class='ocrx_word' id='word_1_89' title='bbox 2036 1616 2056 1649; x_wconf 96' lang='lat'><strong>,</strong></span> <span class='ocrx_word' id='word_1_90' title='bbox 2079 1567 2381 1661; x_wconf 85' lang='lat' dir='ltr'><strong>vestigia</strong></span> 
     </span>
     <span class='ocr_line' id='line_1_12' title="bbox 239 1665 2377 1755; baseline 0.001 -15"><span class='ocrx_word' id='word_1_91' title='bbox 239 1690 690 1740; x_wconf 84' lang='lat' dir='ltr'><strong>summorum</strong></span> <span class='ocrx_word' id='word_1_92' title='bbox 725 1665 1149 1755; x_wconf 91' lang='lat' dir='ltr'><strong>hominum,</strong></span> <span class='ocrx_word' id='word_1_93' title='bbox 1183 1665 1322 1737; x_wconf 89' lang='lat' dir='ltr'><strong>sibi</strong></span> <span class='ocrx_word' id='word_1_94' title='bbox 1360 1668 1632 1740; x_wconf 86' lang='lat' dir='ltr'><strong>tuenda</strong></span> <span class='ocrx_word' id='word_1_95' title='bbox 1669 1693 1830 1741; x_wconf 88' lang='lat' dir='ltr'><strong>esse</strong></span> <span class='ocrx_word' id='word_1_96' title='bbox 1876 1668 2072 1742; x_wconf 89' lang='lat' dir='ltr'><strong>dicit.</strong></span> <span class='ocrx_word' id='word_1_97' title='bbox 2117 1676 2377 1743; x_wconf 89' lang='lat' dir='ltr'><strong>Totam</strong></span> 
     </span>
     <span class='ocr_line' id='line_1_13' title="bbox 239 1778 2379 1881; baseline 0.003 -33"><span class='ocrx_word' id='word_1_98' title='bbox 239 1778 547 1849; x_wconf 88' lang='lat' dir='ltr'><strong>hominis</strong></span> <span class='ocrx_word' id='word_1_99' title='bbox 579 1780 800 1848; x_wconf 85' lang='lat' dir='ltr'><strong>vitam</strong></span> <span class='ocrx_word' id='word_1_100' title='bbox 827 1779 1358 1875; x_wconf 86' lang='lat' dir='ltr'><strong>rationemque,</strong></span> <span class='ocrx_word' id='word_1_101' title='bbox 1393 1803 1616 1875; x_wconf 88' lang='lat' dir='ltr'><strong>quam</strong></span> <span class='ocrx_word' id='word_1_102' title='bbox 1651 1782 1983 1876; x_wconf 89' lang='lat' dir='ltr'><strong>sequitur</strong></span> <span class='ocrx_word' id='word_1_103' title='bbox 2017 1784 2096 1852; x_wconf 92' lang='lat' dir='ltr'><strong>in</strong></span> <span class='ocrx_word' id='word_1_104' title='bbox 2139 1781 2379 1881; x_wconf 85' lang='lat' dir='ltr'><strong>philo-</strong></span> 
     </span>
     <span class='ocr_line' id='line_1_14' title="bbox 238 1886 2378 1988; baseline 0.001 -28"><span class='ocrx_word' id='word_1_105' title='bbox 238 1888 525 1988; x_wconf 87' lang='lat' dir='ltr'><strong>sophia,</strong></span> <span class='ocrx_word' id='word_1_106' title='bbox 563 1887 1019 1960; x_wconf 87' lang='lat' dir='ltr'><strong>derideamus</strong></span> <span class='ocrx_word' id='word_1_107' title='bbox 1056 1886 1265 1976; x_wconf 90' lang='lat' dir='ltr'><strong>licet,</strong></span> <span class='ocrx_word' id='word_1_108' title='bbox 1294 1889 1351 1959; x_wconf 89' lang='lat' dir='ltr'><strong>si</strong></span> <span class='ocrx_word' id='word_1_109' title='bbox 1394 1886 1585 1960; x_wconf 89' lang='lat' dir='ltr'><strong>hanc</strong></span> <span class='ocrx_word' id='word_1_110' title='bbox 1623 1888 1780 1984; x_wconf 88' lang='lat' dir='ltr'><strong>ejus</strong></span> <span class='ocrx_word' id='word_1_111' title='bbox 1823 1894 2378 1965; x_wconf 90' lang='lat' dir='ltr'><strong>contentionem</strong></span> 
     </span>
     <span class='ocr_line' id='line_1_15' title="bbox 235 1995 2380 2097; baseline 0.001 -28"><span class='ocrx_word' id='word_1_112' title='bbox 235 2001 570 2071; x_wconf 74' lang='lat' dir='ltr'><strong>volumus</strong></span> <span class='ocrx_word' id='word_1_113' title='bbox 602 1995 1160 2096; x_wconf 86' lang='lat' dir='ltr'><strong>reprehendere.</strong></span> <span class='ocrx_word' id='word_1_114' title='bbox 1199 1996 1370 2083; x_wconf 87' lang='lat' dir='ltr'><strong>Sed,</strong></span> <span class='ocrx_word' id='word_1_115' title='bbox 1408 1997 1896 2085; x_wconf 87' lang='lat' dir='ltr'><strong>mehercules,</strong></span> <span class='ocrx_word' id='word_1_116' title='bbox 1935 1998 2238 2097; x_wconf 91' lang='lat' dir='ltr'><strong>quando</strong></span> <span class='ocrx_word' id='word_1_117' title='bbox 2276 2000 2380 2071; x_wconf 91' lang='lat' dir='ltr'><strong>illi</strong></span> 
     </span>
     <span class='ocr_line' id='line_1_16' title="bbox 235 2106 2379 2207; baseline -0 -24"><span class='ocrx_word' id='word_1_118' title='bbox 235 2115 677 2207; x_wconf 85' lang='lat' dir='ltr'><strong>ceterisque,</strong></span> <span class='ocrx_word' id='word_1_119' title='bbox 711 2133 899 2206; x_wconf 91' lang='lat' dir='ltr'><strong>quos</strong></span> <span class='ocrx_word' id='word_1_120' title='bbox 932 2108 1052 2178; x_wconf 89' lang='lat' dir='ltr'><strong>illa</strong></span> <span class='ocrx_word' id='word_1_121' title='bbox 1090 2106 1482 2197; x_wconf 90' lang='lat' dir='ltr'><strong>delectant,</strong></span> <span class='ocrx_word' id='word_1_122' title='bbox 1517 2134 1670 2189; x_wconf 89' lang='lat' dir='ltr'><strong>nQn</strong></span> <span class='ocrx_word' id='word_1_123' title='bbox 1704 2107 1913 2180; x_wconf 86' lang='lat' dir='ltr'><strong>valde</strong></span> <span class='ocrx_word' id='word_1_124' title='bbox 1948 2110 2223 2180; x_wconf 87' lang='lat' dir='ltr'><strong>inimici</strong></span> <span class='ocrx_word' id='word_1_125' title='bbox 2263 2136 2379 2182; x_wconf 90' lang='lat' dir='ltr'><strong>su-</strong></span> 
     </span>
     <span class='ocr_line' id='line_1_17' title="bbox 234 2215 2380 2315; baseline -0.002 -22"><span class='ocrx_word' id='word_1_126' title='bbox 234 2247 428 2311; x_wconf 86' lang='lat' dir='ltr'><strong>mus;</strong></span> <span class='ocrx_word' id='word_1_127' title='bbox 477 2221 728 2291; x_wconf 90' lang='lat' dir='ltr'><strong>nescio</strong></span> <span class='ocrx_word' id='word_1_128' title='bbox 773 2242 868 2289; x_wconf 89' lang='lat' dir='ltr'><strong>an</strong></span> <span class='ocrx_word' id='word_1_129' title='bbox 908 2215 1440 2314; x_wconf 87' lang='lat' dir='ltr'><strong>ignoscendum</strong></span> <span class='ocrx_word' id='word_1_130' title='bbox 1491 2220 1584 2289; x_wconf 88' lang='lat' dir='ltr'><strong>sit</strong></span> <span class='ocrx_word' id='word_1_131' title='bbox 1630 2215 1842 2305; x_wconf 91' lang='lat' dir='ltr'><strong>huic,</strong></span> <span class='ocrx_word' id='word_1_132' title='bbox 1896 2221 1956 2289; x_wconf 91' lang='lat' dir='ltr'><strong>si</strong></span> <span class='ocrx_word' id='word_1_133' title='bbox 1997 2232 2380 2315; x_wconf 88' lang='lat' dir='ltr'><strong>tantopere</strong></span> 
     </span>
     <span class='ocr_line' id='line_1_18' title="bbox 228 2328 2377 2426; baseline -0.002 -22"><span class='ocrx_word' id='word_1_134' title='bbox 228 2331 515 2404; x_wconf 88' lang='lat' dir='ltr'><strong>laborat</strong></span> <span class='ocrx_word' id='word_1_135' title='bbox 547 2354 564 2398; x_wconf 74' lang='grc' dir='ltr'><strong><em>ε</em></strong></span> <span class='ocrx_word' id='word_1_136' title='bbox 601 2330 680 2399; x_wconf 83' lang='grc' dir='ltr'><strong>ἰῐι</strong></span> <span class='ocrx_word' id='word_1_137' title='bbox 709 2350 858 2426; x_wconf 88' lang='lat' dir='ltr'><strong>quo</strong></span> <span class='ocrx_word' id='word_1_138' title='bbox 885 2328 1169 2398; x_wconf 85' lang='lat' dir='ltr'><strong>etiamsi</strong></span> <span class='ocrx_word' id='word_1_139' title='bbox 1205 2341 1494 2424; x_wconf 90' lang='lat' dir='ltr'><strong>peccat,</strong></span> <span class='ocrx_word' id='word_1_140' title='bbox 1527 2329 1752 2425; x_wconf 86' lang='lat' dir='ltr'><strong>magis</strong></span> <span class='ocrx_word' id='word_1_141' title='bbox 1787 2330 2124 2426; x_wconf 86' lang='lat' dir='ltr'><strong>ineptiis,</strong></span> <span class='ocrx_word' id='word_1_142' title='bbox 2155 2353 2377 2426; x_wconf 88' lang='lat' dir='ltr'><strong>quam</strong></span> 
     </span>
     <span class='ocr_line' id='line_1_19' title="bbox 224 2434 2378 2540; baseline -0.001 -28"><span class='ocrx_word' id='word_1_143' title='bbox 224 2438 702 2540; x_wconf 87' lang='lat' dir='ltr'><strong>improbitate</strong></span> <span class='ocrx_word' id='word_1_144' title='bbox 750 2450 1022 2536; x_wconf 91' lang='lat' dir='ltr'><strong>peccat.</strong></span> <span class='ocrx_word' id='word_1_145' title='bbox 1064 2434 1248 2526; x_wconf 91' lang='lat' dir='ltr'><strong>Sed,</strong></span> <span class='ocrx_word' id='word_1_146' title='bbox 1297 2462 1390 2508; x_wconf 88' lang='lat' dir='ltr'><strong>ne</strong></span> <span class='ocrx_word' id='word_1_147' title='bbox 1435 2436 1644 2536; x_wconf 91' lang='lat' dir='ltr'><strong>plura</strong></span> <span class='ocrx_word' id='word_1_148' title='bbox 1696 2436 2140 2534; x_wconf 90' lang='lat' dir='ltr'><strong>(dicendum</strong></span> <span class='ocrx_word' id='word_1_149' title='bbox 2181 2441 2378 2510; x_wconf 92' lang='lat' dir='ltr'><strong>enim</strong></span> 
     </span>
     <span class='ocr_line' id='line_1_20' title="bbox 224 2548 2377 2649; baseline 0 -27"><span class='ocrx_word' id='word_1_150' title='bbox 224 2550 625 2649; x_wconf 85' lang='lat' dir='ltr'><strong>aliquando</strong></span> <span class='ocrx_word' id='word_1_151' title='bbox 658 2548 846 2643; x_wconf 90' lang='lat' dir='ltr'><strong>est),</strong></span> <span class='ocrx_word' id='word_1_152' title='bbox 890 2550 1378 2647; x_wconf 89' lang='lat' dir='ltr'><strong>Pomponium</strong></span> <span class='ocrx_word' id='word_1_153' title='bbox 1418 2553 1733 2620; x_wconf 91' lang='lat' dir='ltr'><strong>Atticum</strong></span> <span class='ocrx_word' id='word_1_154' title='bbox 1769 2552 1872 2622; x_wconf 91' lang='lat' dir='ltr'><strong>sic</strong></span> <span class='ocrx_word' id='word_1_155' title='bbox 1908 2574 2076 2622; x_wconf 86' lang='lat' dir='ltr'><strong>amo</strong></span> <span class='ocrx_word' id='word_1_156' title='bbox 2098 2605 2117 2638; x_wconf 92' lang='lat'><strong>,</strong></span> <span class='ocrx_word' id='word_1_157' title='bbox 2160 2565 2244 2621; x_wconf 95' lang='lat' dir='ltr'><strong>ut</strong></span> <span class='ocrx_word' id='word_1_158' title='bbox 2276 2551 2377 2622; x_wconf 88' lang='lat' dir='ltr'><strong>al-</strong></span> 
     </span>
     <span class='ocr_line' id='line_1_21' title="bbox 228 2656 2380 2757; baseline 0.001 -27"><span class='ocrx_word' id='word_1_159' title='bbox 228 2674 471 2732; x_wconf 85' lang='lat' dir='ltr'><strong>terum</strong></span> <span class='ocrx_word' id='word_1_160' title='bbox 506 2656 825 2731; x_wconf 82' lang='lat' dir='ltr'><strong>fratrem.</strong></span> <span class='ocrx_word' id='word_1_161' title='bbox 861 2657 1060 2731; x_wconf 85' lang='lat' dir='ltr'><strong>Nihil</strong></span> <span class='ocrx_word' id='word_1_162' title='bbox 1088 2673 1195 2730; x_wconf 89' lang='lat' dir='ltr'><strong>est</strong></span> <span class='ocrx_word' id='word_1_163' title='bbox 1228 2658 1356 2730; x_wconf 90' lang='lat' dir='ltr'><strong>illo</strong></span> <span class='ocrx_word' id='word_1_164' title='bbox 1394 2657 1576 2729; x_wconf 90' lang='lat' dir='ltr'><strong>mihi</strong></span> <span class='ocrx_word' id='word_1_165' title='bbox 1607 2683 1743 2731; x_wconf 90' lang='lat' dir='ltr'><strong>nec</strong></span> <span class='ocrx_word' id='word_1_166' title='bbox 1780 2660 2053 2747; x_wconf 73' lang='lat' dir='ltr'><strong>cariuS,</strong></span> <span class='ocrx_word' id='word_1_167' title='bbox 2100 2684 2240 2731; x_wconf 88' lang='lat' dir='ltr'><strong>nec</strong></span> <span class='ocrx_word' id='word_1_168' title='bbox 2264 2661 2380 2757; x_wconf 87' lang='lat' dir='ltr'><strong>ju·</strong></span> 
     </span>
     <span class='ocr_line' id='line_1_22' title="bbox 226 2769 2376 2864; baseline -0 -22"><span class='ocrx_word' id='word_1_169' title='bbox 226 2770 566 2842; x_wconf 89' lang='lat' dir='ltr'><strong>cundius.</strong></span> <span class='ocrx_word' id='word_1_170' title='bbox 616 2773 686 2840; x_wconf 86' lang='lat' dir='ltr'><strong>Is</strong></span> <span class='ocrx_word' id='word_1_171' title='bbox 738 2769 932 2864; x_wconf 91' lang='lat' dir='ltr'><strong>(non</strong></span> <span class='ocrx_word' id='word_1_172' title='bbox 979 2791 1129 2864; x_wconf 91' lang='lat' dir='ltr'><strong>quo</strong></span> <span class='ocrx_word' id='word_1_173' title='bbox 1179 2771 1271 2840; x_wconf 86' lang='lat' dir='ltr'><strong>sit</strong></span> <span class='ocrx_word' id='word_1_174' title='bbox 1310 2793 1401 2840; x_wconf 86' lang='lat' dir='ltr'><strong>ex</strong></span> <span class='ocrx_word' id='word_1_175' title='bbox 1439 2770 1594 2840; x_wconf 87' lang='lat' dir='ltr'><strong>istis</strong></span> <span class='ocrx_word' id='word_1_176' title='bbox 1627 2779 1725 2858; x_wconf 82' lang='lat'><strong>¹¹3</strong></span> <span class='ocrx_word' id='word_1_177' title='bbox 1766 2784 1876 2841; x_wconf 88' lang='lat' dir='ltr'><strong>est</strong></span> <span class='ocrx_word' id='word_1_178' title='bbox 1922 2772 2120 2842; x_wconf 91' lang='lat' dir='ltr'><strong>enim</strong></span> <span class='ocrx_word' id='word_1_179' title='bbox 2176 2773 2376 2841; x_wconf 91' lang='lat' dir='ltr'><strong>omni</strong></span> 
     </span>
     <span class='ocr_line' id='line_1_23' title="bbox 224 2877 2381 2978; baseline 0 -26"><span class='ocrx_word' id='word_1_180' title='bbox 224 2879 514 2952; x_wconf 84' lang='lat' dir='ltr'><strong>liberali</strong></span> <span class='ocrx_word' id='word_1_181' title='bbox 557 2878 884 2950; x_wconf 89' lang='lat' dir='ltr'><strong>doctrina</strong></span> <span class='ocrx_word' id='word_1_182' title='bbox 920 2878 1427 2976; x_wconf 81' lang='lat' dir='ltr'><strong>politissimus3</strong></span> <span class='ocrx_word' id='word_1_183' title='bbox 1476 2877 1605 2950; x_wconf 88' lang='lat' dir='ltr'><strong>sed</strong></span> <span class='ocrx_word' id='word_1_184' title='bbox 1632 2878 1838 2951; x_wconf 85' lang='lat' dir='ltr'><strong>valde</strong></span> <span class='ocrx_word' id='word_1_185' title='bbox 1874 2880 2103 2978; x_wconf 84' lang='lat' dir='ltr'><strong>diligit</strong></span> <span class='ocrx_word' id='word_1_186' title='bbox 2140 2885 2381 2952; x_wconf 90' lang='lat' dir='ltr'><strong>Patro-</strong></span> 
     </span>
     <span class='ocr_line' id='line_1_24' title="bbox 224 2985 2385 3084; baseline -0.001 -21"><span class='ocrx_word' id='word_1_187' title='bbox 224 3017 444 3075; x_wconf 89' lang='lat' dir='ltr'><strong>nem,</strong></span> <span class='ocrx_word' id='word_1_188' title='bbox 481 2988 696 3061; x_wconf 83' lang='lat' dir='ltr'><strong>valde</strong></span> <span class='ocrx_word' id='word_1_189' title='bbox 734 2985 1118 3060; x_wconf 85' lang='lat' dir='ltr'><strong>Phaedrum</strong></span> <span class='ocrx_word' id='word_1_190' title='bbox 1161 2988 1467 3084; x_wconf 85' lang='lat' dir='ltr'><strong>amavit)</strong></span> <span class='ocrx_word' id='word_1_191' title='bbox 1514 2991 1617 3061; x_wconf 90' lang='lat' dir='ltr'><strong>sic</strong></span> <span class='ocrx_word' id='word_1_192' title='bbox 1654 3013 1695 3058; x_wconf 89' lang='lat' dir='ltr'><strong>a</strong></span> <span class='ocrx_word' id='word_1_193' title='bbox 1741 3014 1856 3059; x_wconf 91' lang='lat' dir='ltr'><strong>me</strong></span> <span class='ocrx_word' id='word_1_194' title='bbox 1899 2988 2041 3061; x_wconf 90' lang='lat' dir='ltr'><strong>hoc</strong></span> <span class='ocrx_word' id='word_1_195' title='bbox 2082 3004 2385 3062; x_wconf 89' lang='lat' dir='ltr'><strong>conten·</strong></span> 
     </span>
     <span class='ocr_line' id='line_1_25' title="bbox 222 3097 2383 3198; baseline -0.001 -26"><span class='ocrx_word' id='word_1_196' title='bbox 222 3100 374 3188; x_wconf 90' lang='lat' dir='ltr'><strong>dit,</strong></span> <span class='ocrx_word' id='word_1_197' title='bbox 430 3099 664 3170; x_wconf 90' lang='lat' dir='ltr'><strong>homo</strong></span> <span class='ocrx_word' id='word_1_198' title='bbox 717 3102 1016 3170; x_wconf 84' lang='lat' dir='ltr'><strong>minime</strong></span> <span class='ocrx_word' id='word_1_199' title='bbox 1058 3097 1522 3186; x_wconf 85' lang='lat' dir='ltr'><strong>ambitiosus,</strong></span> <span class='ocrx_word' id='word_1_200' title='bbox 1579 3101 1882 3170; x_wconf 89' lang='lat' dir='ltr'><strong>minime</strong></span> <span class='ocrx_word' id='word_1_201' title='bbox 1923 3101 2000 3168; x_wconf 91' lang='lat' dir='ltr'><strong>in</strong></span> <span class='ocrx_word' id='word_1_202' title='bbox 2051 3100 2383 3198; x_wconf 84' lang='lat' dir='ltr'><strong>rogando</strong></span> 
     </span>
     <span class='ocr_line' id='line_1_26' title="bbox 218 3207 2384 3307; baseline 0.001 -26"><span class='ocrx_word' id='word_1_203' title='bbox 218 3211 622 3298; x_wconf 76' lang='lat' dir='ltr'><strong>molestuS‚</strong></span> <span class='ocrx_word' id='word_1_204' title='bbox 657 3223 743 3279; x_wconf 89' lang='lat' dir='ltr'><strong>ut</strong></span> <span class='ocrx_word' id='word_1_205' title='bbox 774 3207 959 3280; x_wconf 90' lang='lat' dir='ltr'><strong>nihil</strong></span> <span class='ocrx_word' id='word_1_206' title='bbox 992 3234 1345 3307; x_wconf 87' lang='lat' dir='ltr'><strong>umquam</strong></span> <span class='ocrx_word' id='word_1_207' title='bbox 1374 3212 1639 3307; x_wconf 82' lang='lat' dir='ltr'><strong>magis3</strong></span> <span class='ocrx_word' id='word_1_208' title='bbox 1672 3233 1810 3281; x_wconf 91' lang='lat' dir='ltr'><strong>nec</strong></span> <span class='ocrx_word' id='word_1_209' title='bbox 1844 3207 2170 3298; x_wconf 88' lang='lat' dir='ltr'><strong>dubitat,</strong></span> <span class='ocrx_word' id='word_1_210' title='bbox 2198 3213 2384 3307; x_wconf 91' lang='lat' dir='ltr'><strong>quin</strong></span> 
     </span>
     <span class='ocr_line' id='line_1_27' title="bbox 215 3398 2383 3465; baseline 0 -15"><span class='ocrx_word' id='word_1_211' title='bbox 215 3417 342 3465; x_wconf 63' lang='grc' dir='ltr'><strong>φης</strong></span> <span class='ocrx_word' id='word_1_212' title='bbox 365 3402 552 3450; x_wconf 81' lang='lat' dir='ltr'><strong>Cicero</strong></span> <span class='ocrx_word' id='word_1_213' title='bbox 583 3410 639 3448; x_wconf 82' lang='lat' dir='ltr'><strong>ut</strong></span> <span class='ocrx_word' id='word_1_214' title='bbox 661 3399 716 3448; x_wconf 89' lang='lat' dir='ltr'><strong>iu</strong></span> <span class='ocrx_word' id='word_1_215' title='bbox 741 3400 1160 3465; x_wconf 80' lang='lat' dir='ltr'><strong>contemptionem</strong></span> <span class='ocrx_word' id='word_1_216' title='bbox 1179 3399 1264 3448; x_wconf 72' lang='lat' dir='ltr'><strong>nd·</strong></span> <span class='ocrx_word' id='word_1_217' title='bbox 1351 3401 1509 3449; x_wconf 73' lang='lat' dir='ltr'><strong>amico</strong></span> <span class='ocrx_word' id='word_1_218' title='bbox 1537 3416 1628 3448; x_wconf 84' lang='lat' dir='ltr'><strong>suo</strong></span> <span class='ocrx_word' id='word_1_219' title='bbox 1666 3399 1963 3449; x_wconf 84' lang='lat' dir='ltr'><strong>Metrodoro</strong></span> <span class='ocrx_word' id='word_1_220' title='bbox 1989 3398 2202 3448; x_wconf 85' lang='lat' dir='ltr'><strong>moriens</strong></span> <span class='ocrx_word' id='word_1_221' title='bbox 2242 3411 2383 3450; x_wconf 72' lang='lat' dir='ltr'><strong>testa·</strong></span> 
     </span>
    </p>
   </div>
   <div class='ocr_carea' id='block_1_3' title="bbox 212 3476 2386 3626">
    <p class='ocr_par' dir='ltr' id='par_1_3' title="bbox 212 3476 2386 3626">
     <span class='ocr_line' id='line_1_28' title="bbox 215 3476 2386 3545; baseline 0 -15"><span class='ocrx_word' id='word_1_222' title='bbox 215 3480 459 3539; x_wconf 70' lang='lat' dir='ltr'><strong>ducem,</strong></span> <span class='ocrx_word' id='word_1_223' title='bbox 469 3479 755 3545; x_wconf 74' lang='lat' dir='ltr'><strong>parietinas</strong></span> <span class='ocrx_word' id='word_1_224' title='bbox 772 3478 996 3538; x_wconf 77' lang='lat' dir='ltr'><strong>vocavit,</strong></span> <span class='ocrx_word' id='word_1_225' title='bbox 1018 3478 1267 3527; x_wconf 82' lang='lat' dir='ltr'><strong>commodi</strong></span> <span class='ocrx_word' id='word_1_226' title='bbox 1352 3488 1520 3526; x_wconf 89' lang='lat' dir='ltr'><strong>mento</strong></span> <span class='ocrx_word' id='word_1_227' title='bbox 1565 3476 1824 3543; x_wconf 73' lang='lat' dir='ltr'><strong>rehqu‘erat</strong></span> <span class='ocrx_word' id='word_1_228' title='bbox 1839 3513 1854 3537; x_wconf 90' lang='lat'><strong>,</strong></span> <span class='ocrx_word' id='word_1_229' title='bbox 1890 3494 1952 3525; x_wconf 86' lang='lat' dir='ltr'><strong>eo</strong></span> <span class='ocrx_word' id='word_1_230' title='bbox 1989 3479 2129 3539; x_wconf 78' lang='lat' dir='ltr'><strong>jare,</strong></span> <span class='ocrx_word' id='word_1_231' title='bbox 2168 3491 2226 3528; x_wconf 86' lang='lat' dir='ltr'><strong>ut</strong></span> <span class='ocrx_word' id='word_1_232' title='bbox 2268 3492 2386 3544; x_wconf 83' lang='lat' dir='ltr'><strong>post</strong></span> 
     </span>
     <span class='ocr_line' id='line_1_29' title="bbox 212 3556 2385 3626; baseline 0 -18"><span class='ocrx_word' id='word_1_233' title='bbox 212 3560 295 3608; x_wconf 61' lang='lat' dir='ltr'><strong>sd</strong></span> <span class='ocrx_word' id='word_1_234' title='bbox 319 3561 491 3626; x_wconf 61' lang='lat' dir='ltr'><strong>gratis</strong></span> <span class='ocrx_word' id='word_1_235' title='bbox 514 3557 819 3607; x_wconf 60' lang='lat' dir='ltr'><strong>exaedificare</strong></span> <span class='ocrx_word' id='word_1_236' title='bbox 840 3569 1022 3622; x_wconf 84' lang='lat' dir='ltr'><strong>posset.</strong></span> <span class='ocrx_word' id='word_1_237' title='bbox 1046 3560 1194 3608; x_wconf 68' lang='lat' dir='ltr'><strong>Mu.</strong></span> <span class='ocrx_word' id='word_1_238' title='bbox 1350 3561 1459 3621; x_wconf 71' lang='lat' dir='ltr'><strong>ejus</strong></span> <span class='ocrx_word' id='word_1_239' title='bbox 1480 3557 1671 3607; x_wconf 84' lang='lat' dir='ltr'><strong>obitum</strong></span> <span class='ocrx_word' id='word_1_240' title='bbox 1700 3558 1764 3606; x_wconf 72' lang='lat' dir='ltr'><strong>nd</strong></span> <span class='ocrx_word' id='word_1_241' title='bbox 1788 3556 1912 3605; x_wconf 70' lang='lat' dir='ltr'><strong>alios</strong></span> <span class='ocrx_word' id='word_1_242' title='bbox 1948 3557 2204 3622; x_wconf 66' lang='lat' dir='ltr'><strong>Epicurea</strong></span> <span class='ocrx_word' id='word_1_243' title='bbox 2239 3571 2385 3609; x_wconf 60' lang='grc' dir='ltr'><strong>κοῖα</strong></span> 
     </span>
    </p>
   </div>
   <div class='ocr_carea' id='block_1_4' title="bbox 215 3635 2388 3939">
    <p class='ocr_par' dir='ltr' id='par_1_4' title="bbox 215 3635 2388 3939">
     <span class='ocr_line' id='line_1_30' title="bbox 292 3635 2386 3704; baseline 0 -17"><span class='ocrx_word' id='word_1_244' title='bbox 292 3657 347 3700; x_wconf 84' lang='lat'><strong>7.</strong></span> <span class='ocrx_word' id='word_1_245' title='bbox 378 3640 592 3687; x_wconf 77' lang='lat' dir='ltr'><strong>Gentem</strong></span> <span class='ocrx_word' id='word_1_246' title='bbox 617 3635 782 3686; x_wconf 80' lang='lat' dir='ltr'><strong>illam.</strong></span> <span class='ocrx_word' id='word_1_247' title='bbox 812 3638 1051 3685; x_wconf 73' lang='lat' dir='ltr'><strong>Graecam.</strong></span> <span class='ocrx_word' id='word_1_248' title='bbox 1352 3638 1603 3703; x_wconf 71' lang='lat' dir='ltr'><strong>principes</strong></span> <span class='ocrx_word' id='word_1_249' title='bbox 1635 3635 1879 3700; x_wconf 73' lang='lat' dir='ltr'><strong>possessio</strong></span> <span class='ocrx_word' id='word_1_250' title='bbox 1914 3638 2203 3700; x_wconf 82' lang='lat' dir='ltr'><strong>perveniret.</strong></span> <span class='ocrx_word' id='word_1_251' title='bbox 2235 3639 2386 3704; x_wconf 80' lang='lat' dir='ltr'><strong>Diog.</strong></span> 
     </span>
     <span class='ocr_line' id='line_1_31' title="bbox 287 3715 1963 3780; baseline -0.002 -13"><span class='ocrx_word' id='word_1_252' title='bbox 287 3720 345 3767; x_wconf 80' lang='grc'><strong>8.</strong></span> <span class='ocrx_word' id='word_1_253' title='bbox 378 3721 563 3772; x_wconf 78' lang='lat' dir='ltr'><strong>Tuam,</strong></span> <span class='ocrx_word' id='word_1_254' title='bbox 586 3716 724 3780; x_wconf 80' lang='lat' dir='ltr'><strong>quod</strong></span> <span class='ocrx_word' id='word_1_255' title='bbox 747 3715 882 3764; x_wconf 78' lang='lat' dir='ltr'><strong>abest</strong></span> <span class='ocrx_word' id='word_1_256' title='bbox 898 3715 1091 3780; x_wconf 73' lang='lat' dir='ltr'><strong>aliquot</strong></span> <span class='ocrx_word' id='word_1_257' title='bbox 1115 3716 1265 3774; x_wconf 79' lang='lat' dir='ltr'><strong>MSS,</strong></span> <span class='ocrx_word' id='word_1_258' title='bbox 1354 3715 1592 3773; x_wconf 81' lang='lat' dir='ltr'><strong>Laertius,</strong></span> <span class='ocrx_word' id='word_1_259' title='bbox 1612 3715 1700 3763; x_wconf 82' lang='lat' dir='ltr'><strong>lib.</strong></span> <span class='ocrx_word' id='word_1_260' title='bbox 1723 3717 1793 3764; x_wconf 76' lang='lat' dir='ltr'><strong>X.</strong></span> <span class='ocrx_word' id='word_1_261' title='bbox 1819 3715 1963 3763; x_wconf 73' lang='lat' dir='ltr'><strong>Mur.</strong></span> 
     </span>
     <span class='ocr_line' id='line_1_32' title="bbox 215 3793 2387 3846; baseline 0.001 -2"><span class='ocrx_word' id='word_1_262' title='bbox 215 3798 401 3846; x_wconf 64' lang='lat' dir='ltr'><strong>nisit</strong></span> <span class='ocrx_word' id='word_1_263' title='bbox 435 3795 754 3846; x_wconf 71' lang='lat' dir='ltr'><strong>Benedictus.</strong></span> <span class='ocrx_word' id='word_1_264' title='bbox 787 3794 967 3845; x_wconf 78' lang='lat' dir='ltr'><strong>Schfitz</strong></span> <span class='ocrx_word' id='word_1_265' title='bbox 1008 3795 1162 3844; x_wconf 86' lang='lat' dir='ltr'><strong>nollet</strong></span> <span class='ocrx_word' id='word_1_266' title='bbox 1195 3795 1266 3843; x_wconf 70' lang='lat' dir='ltr'><strong>fa-</strong></span> <span class='ocrx_word' id='word_1_267' title='bbox 1436 3809 1515 3843; x_wconf 80' lang='lat'><strong>10.</strong></span> <span class='ocrx_word' id='word_1_268' title='bbox 1535 3793 1739 3841; x_wconf 67' lang='lat' dir='ltr'><strong>Pha-..iri</strong></span> <span class='ocrx_word' id='word_1_269' title='bbox 1761 3793 2144 3843; x_wconf 78' lang='lat' dir='ltr'><strong>obtestationem.</strong></span> <span class='ocrx_word' id='word_1_270' title='bbox 2159 3794 2387 3846; x_wconf 67' lang='lat' dir='ltr'><strong>Obtesta-</strong></span> 
     </span>
     <span class='ocr_line' id='line_1_33' title="bbox 216 3866 2388 3939; baseline -0 -14"><span class='ocrx_word' id='word_1_271' title='bbox 216 3887 386 3927; x_wconf 72' lang='lat' dir='ltr'><strong>etun.</strong></span> <span class='ocrx_word' id='word_1_272' title='bbox 412 3879 449 3927; x_wconf 83' lang='lat' dir='ltr'>J</span> <span class='ocrx_word' id='word_1_273' title='bbox 451 3916 467 3927; x_wconf 90' lang='lat'><strong>.</strong></span> <span class='ocrx_word' id='word_1_274' title='bbox 484 3875 557 3924; x_wconf 74' lang='lat' dir='ltr'><strong>V.</strong></span> <span class='ocrx_word' id='word_1_275' title='bbox 578 3878 635 3925; x_wconf 88' lang='lat' dir='ltr'><strong>L.</strong></span> <span class='ocrx_word' id='word_1_276' title='bbox 1360 3886 1441 3924; x_wconf 86' lang='lat' dir='ltr'><strong>tus</strong></span> <span class='ocrx_word' id='word_1_277' title='bbox 1463 3884 1565 3921; x_wconf 75' lang='lat' dir='ltr'><strong>erat</strong></span> <span class='ocrx_word' id='word_1_278' title='bbox 1585 3866 1844 3937; x_wconf 57' lang='lat' dir='ltr'><strong>Phaidrias,</strong></span> <span class='ocrx_word' id='word_1_279' title='bbox 1880 3890 2032 3939; x_wconf 86' lang='lat' dir='ltr'><strong>quum</strong></span> <span class='ocrx_word' id='word_1_280' title='bbox 2070 3874 2257 3924; x_wconf 84' lang='lat' dir='ltr'><strong>viveret</strong></span> <span class='ocrx_word' id='word_1_281' title='bbox 2275 3910 2290 3935; x_wconf 89' lang='lat'><strong>,</strong></span> <span class='ocrx_word' id='word_1_282' title='bbox 2323 3893 2388 3924; x_wconf 85' lang='lat' dir='ltr'><strong>ne</strong></span> 
     </span>
    </p>
   </div>
   <div class='ocr_carea' id='block_1_5' title="bbox 202 3951 2392 4345">
    <p class='ocr_par' dir='ltr' id='par_1_5' title="bbox 202 3951 2392 4345">
     <span class='ocr_line' id='line_1_34' title="bbox 290 3951 2391 4020; baseline -0 -15"><span class='ocrx_word' id='word_1_283' title='bbox 290 3974 353 4019; x_wconf 76' lang='lat'><strong>9.</strong></span> <span class='ocrx_word' id='word_1_284' title='bbox 423 3959 851 4005; x_wconf 76' lang='lat' dir='ltr'><strong>Testamencomm</strong></span> <span class='ocrx_word' id='word_1_285' title='bbox 888 3955 996 4020; x_wconf 80' lang='lat' dir='ltr'><strong>jus.-</strong></span> <span class='ocrx_word' id='word_1_286' title='bbox 1066 3954 1273 4003; x_wconf 76' lang='lat' dir='ltr'><strong>&#39;ruenda</strong></span> <span class='ocrx_word' id='word_1_287' title='bbox 1358 3951 1534 4002; x_wconf 82' lang='lat' dir='ltr'><strong>hortos</strong></span> <span class='ocrx_word' id='word_1_288' title='bbox 1566 3952 1768 4017; x_wconf 85' lang='lat' dir='ltr'><strong>Epicuri</strong></span> <span class='ocrx_word' id='word_1_289' title='bbox 1802 3953 2101 4019; x_wconf 81' lang='lat' dir='ltr'><strong>negligerent</strong></span> <span class='ocrx_word' id='word_1_290' title='bbox 2114 3988 2129 4014; x_wconf 92' lang='lat'>‚</span> <span class='ocrx_word' id='word_1_291' title='bbox 2159 3970 2282 4004; x_wconf 80' lang='lat' dir='ltr'><strong>neve</strong></span> <span class='ocrx_word' id='word_1_292' title='bbox 2304 3971 2391 4004; x_wconf 87' lang='lat' dir='ltr'><strong>oc-</strong></span> 
     </span>
     <span class='ocr_line' id='line_1_35' title="bbox 206 4030 2105 4098; baseline -0.001 -16"><span class='ocrx_word' id='word_1_293' title='bbox 206 4035 366 4082; x_wconf 71' lang='lat' dir='ltr'><strong>eni-</strong></span> <span class='ocrx_word' id='word_1_294' title='bbox 404 4045 811 4084; x_wconf 78' lang='lat' dir='ltr'><strong>testamentorum</strong></span> <span class='ocrx_word' id='word_1_295' title='bbox 844 4035 952 4095; x_wconf 71' lang='lat' dir='ltr'><strong>jurs</strong></span> <span class='ocrx_word' id='word_1_296' title='bbox 993 4045 1127 4083; x_wconf 86' lang='lat' dir='ltr'><strong>sunt.</strong></span> <span class='ocrx_word' id='word_1_297' title='bbox 1159 4036 1272 4084; x_wconf 80' lang='lat' dir='ltr'><strong>Hoc</strong></span> <span class='ocrx_word' id='word_1_298' title='bbox 1360 4032 1534 4098; x_wconf 82' lang='lat' dir='ltr'><strong>cup&#39;ari</strong></span> <span class='ocrx_word' id='word_1_299' title='bbox 1558 4049 1585 4080; x_wconf 75' lang='grc' dir='ltr'>ι</span> <span class='ocrx_word' id='word_1_300' title='bbox 1613 4048 1859 4096; x_wconf 76' lang='lat' dir='ltr'><strong>quoquam</strong></span> <span class='ocrx_word' id='word_1_301' title='bbox 1876 4030 2105 4081; x_wconf 82' lang='lat' dir='ltr'><strong>sinerent.</strong></span> 
     </span>
     <span class='ocr_line' id='line_1_36' title="bbox 207 4109 2392 4179; baseline 0 -20"><span class='ocrx_word' id='word_1_302' title='bbox 207 4113 357 4162; x_wconf 71' lang='lat' dir='ltr'><strong>dicit</strong></span> <span class='ocrx_word' id='word_1_303' title='bbox 378 4149 398 4171; x_wconf 91' lang='lat'><strong><em>‚</em></strong></span> <span class='ocrx_word' id='word_1_304' title='bbox 423 4116 541 4179; x_wconf 73' lang='lat' dir='ltr'><strong>quin</strong></span> <span class='ocrx_word' id='word_1_305' title='bbox 564 4130 682 4162; x_wconf 82' lang='lat' dir='ltr'><strong>suos</strong></span> <span class='ocrx_word' id='word_1_306' title='bbox 705 4114 879 4163; x_wconf 76' lang='lat' dir='ltr'><strong>hortos</strong></span> <span class='ocrx_word' id='word_1_307' title='bbox 901 4114 1146 4179; x_wconf 82' lang='lat' dir='ltr'><strong>Epicurus</strong></span> <span class='ocrx_word' id='word_1_308' title='bbox 1160 4150 1176 4175; x_wconf 93' lang='lat'><strong>,</strong></span> <span class='ocrx_word' id='word_1_309' title='bbox 1211 4113 1265 4163; x_wconf 86' lang='lat' dir='ltr'><strong>in</strong></span> <span class='ocrx_word' id='word_1_310' title='bbox 1439 4129 1460 4161; x_wconf 85' lang='lat' dir='ltr'>x</span> <span class='ocrx_word' id='word_1_311' title='bbox 1476 4128 1520 4162; x_wconf 77' lang='grc' dir='ltr'><strong>ι.</strong></span> <span class='ocrx_word' id='word_1_312' title='bbox 1552 4114 1663 4161; x_wconf 83' lang='lat' dir='ltr'><strong>Non</strong></span> <span class='ocrx_word' id='word_1_313' title='bbox 1683 4128 1780 4177; x_wconf 82' lang='lat' dir='ltr'><strong>quo</strong></span> <span class='ocrx_word' id='word_1_314' title='bbox 1804 4110 1871 4160; x_wconf 75' lang='lat' dir='ltr'><strong>sit</strong></span> <span class='ocrx_word' id='word_1_315' title='bbox 1896 4128 1961 4160; x_wconf 69' lang='lat' dir='ltr'><strong>ex</strong></span> <span class='ocrx_word' id='word_1_316' title='bbox 1982 4109 2100 4160; x_wconf 78' lang='lat' dir='ltr'><strong>istis.</strong></span> <span class='ocrx_word' id='word_1_317' title='bbox 2123 4114 2233 4161; x_wconf 81' lang='lat' dir='ltr'><strong>Hoc</strong></span> <span class='ocrx_word' id='word_1_318' title='bbox 2252 4111 2392 4174; x_wconf 82' lang='lat' dir='ltr'><strong>dicit,</strong></span> 
     </span>
     <span class='ocr_line' id='line_1_37' title="bbox 202 4191 2388 4258; baseline -0.001 -15"><span class='ocrx_word' id='word_1_319' title='bbox 202 4192 419 4256; x_wconf 65' lang='lat' dir='ltr'><strong>quibua</strong></span> <span class='ocrx_word' id='word_1_320' title='bbox 433 4193 659 4243; x_wconf 72' lang='lat' dir='ltr'><strong>habitare</strong></span> <span class='ocrx_word' id='word_1_321' title='bbox 680 4209 739 4242; x_wconf 74' lang='lat' dir='ltr'><strong>sc</strong></span> <span class='ocrx_word' id='word_1_322' title='bbox 759 4191 934 4243; x_wconf 76' lang='lat' dir='ltr'><strong>dooere</strong></span> <span class='ocrx_word' id='word_1_323' title='bbox 952 4192 1124 4244; x_wconf 86' lang='lat' dir='ltr'><strong>solitus</strong></span> <span class='ocrx_word' id='word_1_324' title='bbox 1142 4205 1261 4254; x_wconf 82' lang='lat' dir='ltr'><strong>erat,</strong></span> <span class='ocrx_word' id='word_1_325' title='bbox 1356 4191 1414 4244; x_wconf 84' lang='lat' dir='ltr'><strong>ut</strong></span> <span class='ocrx_word' id='word_1_326' title='bbox 1436 4191 1605 4243; x_wconf 80' lang='lat' dir='ltr'><strong>Attico</strong></span> <span class='ocrx_word' id='word_1_327' title='bbox 1624 4192 1812 4258; x_wconf 84' lang='lat' dir='ltr'><strong>petenti</strong></span> <span class='ocrx_word' id='word_1_328' title='bbox 1832 4191 2170 4241; x_wconf 72' lang='lat' dir='ltr'><strong>auctoritatem</strong></span> <span class='ocrx_word' id='word_1_329' title='bbox 2189 4203 2361 4255; x_wconf 72' lang='lat' dir='ltr'><strong>augeat</strong></span> <span class='ocrx_word' id='word_1_330' title='bbox 2373 4227 2388 4251; x_wconf 89' lang='lat'>‚</span> 
     </span>
     <span class='ocr_line' id='line_1_38' title="bbox 2082 4302 2140 4345; baseline -0.034 0"><span class='ocrx_word' id='word_1_331' title='bbox 2082 4302 2105 4345; x_wconf 87' lang='lat'>1</span> <span class='ocrx_word' id='word_1_332' title='bbox 2125 4329 2140 4343; x_wconf 87' lang='lat'><strong>.</strong></span> 
     </span>
    </p>
   </div>
  </div>
 </body>
</html>
