3023 4773
800 486 1348 571 EPISTOLAE,
1390 428 1630 573 2111,
1684 484 1793 558 55.
2266 489 2357 586 67

233 611 680 707 integritate,
736 609 1118 703 gravitate,
1174 607 1584 694 clementia,
1638 633 1779 704 qua
1834 624 1905 680 te
1954 634 2106 683 esse
2168 613 2360 684 inter

228 743 491 792 omnes
519 730 834 791 constat:
865 730 1038 814 peto
1071 714 1200 787 abs
1225 731 1320 804 te,
1344 740 1479 813 pro
1510 732 1754 790 nostra
1781 720 2364 815 conjunctissima

227 827 765 902 necessitudine
811 822 1285 924 plurimisque
1315 825 1570 899 officiis
1606 827 1900 926 paribus
1936 855 2019 902 ac
2055 836 2361 921 mutui5‚

227 957 306 1011 ut
371 939 788 1025 voluntate,
841 939 1307 1024 auctoritate,
1362 938 1603 1009 studio
1657 953 1787 1011 tuo
1841 939 2207 1031 perfinia,
2282 958 2362 1016 ut

227 2367 479 2446 Negotia
502 2364 698 2426 Cluvii
723 2365 1023 2424 Puteolani
1050 2363 1435 2424 commendat.
1474 2365 1587 2450 (Ex
1614 2364 1846 2438 Cilicia,
1888 2385 1982 2426 an.
2008 2370 2082 2428 U.
2113 2373 2176 2429 C.
2209 2371 2364 2450 702.)

688 2542 777 2605 Μ.
791 2543 865 2605 Τ.
893 2540 1356 2605 C.THERMO
1391 2540 1693 2603 PROPR.
1727 2540 1787 2603 S.
1826 2541 1907 2604 D.

323 2681 645 2747 Canms
697 2674 1129 2746 Puteolanus
1177 2672 1382 2743 valde
1426 2697 1558 2776 me*
1592 2670 1967 2760 observat,
2010 2675 2362 2773 valdeque

225 2802 338 2857 est
382 2785 569 2856 mihi
607 2783 988 2855 familiaris.
1032 2790 1102 2855 Is
1133 2787 1228 2854 ita
1260 2782 1395 2854 sibi
1429 2782 1854 2880 persuadet,
1890 2785 2090 2881 quod
2130 2789 2201 2855 in
2242 2803 2365 2859 tua

115 2903 130 2910 ’
229 2897 607 2993 provincia
652 2896 919 2991 negotii
954 2892 1246 2980 habeat,
1303 2894 1481 2980 nisi,
1540 2907 1611 2962 te
1666 2895 2114 2989 provinciam
2171 2897 2363 2970 obti-

232 3021 492 3093 nente,
550 3009 728 3076 meis
762 3002 1515 3076 commendationibus
1558 3001 1981 3092 confecerit,
2044 3006 2115 3075 id
2173 3032 2248 3078 se
2287 3014 2365 3077 in

226 3115 532 3213 perditis
571 3129 640 3184 et
679 3113 1072 3212 desperatis
1110 3112 1546 3186 habiturum.
1612 3117 1822 3183 Nunc
1845 3167 1864 3200 ‚
1914 3138 2144 3209 quum
2185 3118 2362 3187 mihi

229 3226 320 3298 ab
347 3228 588 3297 amico
624 3223 1148 3320 officioaissimo
1190 3239 1465 3295 tantum
1497 3224 1737 3295 oneris
1767 3226 2192 3319 imponitur,
2227 3250 2362 3321 ego
2448 3219 2452 3222 ⁷

228 3362 534 3435 quoque
568 3335 707 3407 -tihi
739 3338 1107 3432 imponam
1141 3360 1277 3433 pro
1305 3336 1444 3405 tuis
1472 3336 1548 3404 in
1589 3359 1702 3405 me
1736 3335 2032 3404 summis
2061 3333 2358 3408 officiis:

230 3452 325 3518 ita
368 3462 659 3533 tamen,
704 3460 785 3516 ut
828 3444 959 3516 tibi
997 3447 1221 3517 nolim
1259 3445 1603 3516 molestus
1642 3470 1816 3516 esse.
1866 3445 2235 3541 Mylaseis¹
2288 3466 2361 3521 et

232 3554 666 3627 Alabandeis
688 3558 1072 3651 pecuniam
1103 3556 1354 3625 Cluvio
1382 3553 1670 3626 debent.
1699 3556 1991 3624 Dixerat
2026 3557 2196 3627 mihi
2225 3563 2361 3631 Eu·
2395 3570 2397 3572 ’

231 3665 662 3762 thydemus‚
715 3688 942 3759 quum
999 3663 1259 3762 Ephesi
1319 3689 1589 3751 essem,
1642 3688 1715 3735 se
1760 3676 2215 3756 curaturum,
2276 3683 2359 3738 ut

234 3776 502 3847 ecdici²
550 3775 842 3871 Mylasei
880 3779 1180 3847 Romam
1233 3779 1714 3847 mitterentur.
1764 3772 1848 3843 Id
1894 3770 2164 3847 factum
2204 3803 2359 3849 non

307 3996 352 4027 ι.
387 3978 640 4039 mylanis.
665 3980 914 4027 Victorius
944 3995 1145 4043 grecam
1175 3979 1259 4028 de·
1347 3996 1432 4042 ²9·
1460 4004 1527 4013 —
1552 3978 1677 4037 Alii,
1713 3978 1945 4043 «Mylasii
1974 3988 2023 4027 et
2055 3978 2361 4027 Alabanden—
2410 3957 2418 3967 ι

229 4060 547 4108 clination-
580 4062 814 4123 seqnitur.
844 4059 1034 4118 Mylasa
1063 4071 1111 4108 et
1140 4060 1258 4107 Ala·
1347 4076 1421 4108 ses
1433 4081 1473 4106 n.
1500 4060 1597 4107 En.
1942 4090 1946 4094 -

235 4139 405 4186 banda
459 4150 575 4186 sunt
629 4139 783 4187 θαι-ἔω
836 4140 981 4187 nrbes
1034 4142 1103 4187 inv
1141 4140 1255 4186 Asia
1417 4155 1469 4184 2.
1506 4137 1696 4187 Ecdici.
1729 4138 1939 4186 Rediens
1964 4136 2241 4186 Jusuniano
2276 4136 2359 4183 de—

233 4217 591 4266 MinoreNide
616 4218 740 4267 Ptin.
769 4219 856 4268 lib.
877 4222 945 4280 V,
975 4235 1084 4285 cap.
1095 4206 1180 4315 38
1209 4229 1259 4265 et
1346 4218 1507 4266 sensor
1533 4218 1738 4266 civitatis
1761 4216 2045 4282 appellatur,
2068 4212 2248 4261 vindex
2272 4215 2362 4260 rei-

1063 4291 1106 4328 ’ἓ

2065 4299 2124 4369 5.
