3023 4773
769 426 1327 513 EPISTOLAE‚
1374 427 1542 514 XV,
1600 427 1705 497 18.
2174 433 2294 503 161

212 558 358 616 esset
388 567 426 612 a
464 570 621 632 me,
650 570 881 641 quum
904 546 1054 640 jam
1088 548 1316 619 iretur
1348 549 1437 619 ad
1465 564 1538 621 te
1576 576 1593 621 :
1640 551 1922 647 longior
1959 554 2213 644 etiam,
2249 561 2308 628 si

207 659 425 749 φλύαρον
459 663 480 694 ¹
521 651 835 748 aliquem
868 648 1256 723 habuisset.
1289 659 1474 726 Nam
1499 652 1861 738 σπουδάζειν
1880 669 1909 700 ²
1940 661 2093 731 sine
2121 666 2305 759 peri-

207 762 336 834 culo
368 767 489 834 vix
519 785 928 860 possumus,
970 761 1233 833 Ridere
1265 763 1508 861 igitur,
1551 765 1869 862 inquieS‚
1900 793 2303 865 possumus.

203 877 332 944 Non
368 872 789 946 mehercule
830 869 1184 944 facillime.
1214 877 1734 946 Verumtamen
1770 877 1976 947 aliam
2024 879 2312 966 aberra-

206 986 438 1056 tionem
488 1010 528 1054 a
563 980 910 1052 molestiis
946 981 1220 1052 nullam
1267 982 1641 1054 habemuS.
1707 985 1854 1057 Ubi
1909 989 2150 1084 igitur,
2195 992 2309 1061 in-

200 1098 409 1190 quies,
444 1091 962 1193 philosophia?
991 1107 1118 1163 tua
1156 1092 1495 1190 quidem³
1531 1098 1607 1164 in
1644 1095 1916 1182 culina,
1957 1123 2115 1170 mea
2159 1126 2311 1171 mo-

195 1206 340 1276 lesta
363 1219 478 1277 est
499 1208 550 1274 4.
590 1201 825 1274 Pudet
867 1203 1061 1273 enim
1099 1205 1365 1274 servire
1389 1199 1439 1277 ⁵.
1473 1209 1730 1302 Itaque
1764 1203 1948 1277 facio
1981 1232 2098 1279 me
2136 1210 2307 1281 alias

194 1339 281 1386 res
304 1341 516 1414 agere
530 1313 588 1402 ⁶,
620 1339 713 1384 ne
745 1314 1157 1384 convicium
1190 1314 1549 1386 Platonis⁷
1581 1316 1891 1387 audiam.

263 1432 359 1499 De
392 1420 786 1526 Hispania⁸
817 1424 996 1493 nihil
1027 1424 1265 1497 adhuc
1303 1427 1522 1515 certi,
1561 1427 1740 1498 nihil
1771 1432 2076 1502 omnino
2108 1436 2303 1503 novi.

192 1543 264 1607 Te
303 1538 551 1609 abesse
574 1591 592 1622 ‚
632 1559 793 1605 mea
835 1559 1044 1605 causa
1079 1536 1382 1608 moleste
1421 1536 1613 1627 fem,
1663 1554 1785 1609 tua
1822 1541 2127 1638 gaudeo.
2166 1544 2307 1614 Sed

185 1646 425 1745 flagitat
462 1647 902 1719 tabellarius.
933 1644 1223 1718 Valebis
1252 1649 1496 1744 igitur,
1529 1675 1795 1747 meque
1819 1706 1838 1738 ‚
1877 1667 1960 1722 ut
2000 1677 2039 1723 a
2073 1676 2305 1750 puero

190 1757 424 1850 fecisti,
468 1757 763 1830 amabiS.

246 1974 281 2004 ι.
300 1957 535 2024 omnipo-o.
563 1953 844 2003 Garrulum.
869 1955 918 2002 Si
945 1954 1189 2017 garrulum

182 2035 399 2084 habuisset
430 2045 719 2084 auctorem:
757 2036 797 2082 si
822 2036 865 2082 is
900 2051 1076 2093 asem,
1102 2036 1190 2098 qui

183 2118 300 2179 nugis
318 2117 599 2180 fabulisque
619 2113 887 2163 scribendis
905 2114 1185 2163 delectarer.

179 2195 296 2243 Max.
332 2223 400 2232 —
443 2193 660 2260 Φλὺαρον
710 2192 924 2257 aliquem
970 2193 1188 2241 defendit

179 2275 333 2324 Bened.
375 2285 455 2322 est
507 2274 639 2320 enim
687 2271 1048 2321 substantivum
1069 2307 1084 2331 ,
1132 2285 1187 2321 ut

180 2354 287 2416 apud
310 2353 577 2418 Aristoph.
602 2350 768 2400 Nubb.
781 2355 844 2411 V,
870 2370 923 2401 v.
944 2353 1062 2401 365.
1091 2351 1188 2400 Sed

178 2433 340 2481 Manat.
381 2432 516 2481 male
551 2433 939 2494 interpretatur:
981 2429 1186 2497 φλύαρος

177 2517 281 2560 euim
312 2526 383 2561 est
414 2513 585 2578 jocus.
625 2509 806 2558 Schiitz
843 2511 951 2559 vult
990 2510 1187 2558 habuis-

175 2608 278 2649 sm,
304 2604 359 2641 ut
387 2594 571 2642 Cicero
600 2590 760 2639 dicat:
789 2591 1020 2655 «longior
1041 2589 1186 2637 etiam

175 2673 351 2734 quistota
378 2672 583 2719 *suisset
604 2704 620 2731 ,
667 2671 709 2717 si
755 2686 906 2733 nugas
952 2670 1187 2734 quasdam

178 2749 453 2808 habuissem,
481 2751 544 2798 de
575 2749 755 2814 quibus
792 2761 952 2797 tecum
992 2766 1187 2813 possem

167 2832 358 2887 joarin.
384 2835 486 2880 ED-

231 2926 274 2959 2.
297 2905 612 2964 Σπουδάζειν.
650 2907 786 2955 Serio
820 2922 986 2971 agere,
1018 2922 1186 2970 graves

173 3004 232 3035 res
257 3002 486 3038 tractare.
506 2989 653 3035 Mn«.

230 3070 273 3116 3.
303 3072 409 3116 Tua
451 3067 669 3132 quidem.
703 3066 956 3115 Manutius
983 3066 1186 3131 putabat

173 3144 409 3208 laegmdum
443 3147 591 3204 olim,
629 3157 748 3193 teste
772 3144 1032 3203 Lambino‚
1066 3157 1183 3193 ctua

169 3226 343 3285 quidem
360 3261 376 3285 ‚
404 3228 462 3273 in
490 3225 652 3273 culina
676 3239 688 3272 :
724 3240 828 3271 mea
844 3260 858 3283 ‚
883 3225 937 3270 in
964 3225 1184 3288 palaestra

171 3315 283 3351 estu.
322 3308 491 3368 Quam
527 3316 691 3351 tamen
727 3305 1055 3363 conjecturam
1082 3304 1186 3367 ipse

168 3383 354 3443 probare
393 3398 501 3431 nou
532 3385 721 3455 potuit,
758 3382 842 3429 sed
869 3382 996 3429 hanc
1023 3382 1186 3442 cujus-

168 3461 425 3512 damamici
451 3466 555 3523 sui,
582 3475 697 3511 «tua
728 3461 955 3525 quidem,
984 3464 1035 3509 in
1064 3463 1186 3511 culi-

166 3555 239 3591 ωε
260 3562 367 3592 mea
382 3581 399 3603 ‚
422 3546 479 3591 in
506 3543 727 3591 molestia
753 3552 879 3591 est».
898 3542 1187 3591 Gulielmius

166 3639 242 3683 ΡΟ
282 3626 380 3672 -ἰιι
410 3624 636 3672 molestia
665 3634 739 3670 est
757 3644 781 3663 a
818 3621 1022 3686 putabat
1042 3656 1057 3680 ,
1095 3623 1185 3669 «in

167 3703 379 3751 molan-a
398 3714 475 3750 est
484 3702 791 3750 ».Videndus
814 3706 998 3749 Festus.
1025 3704 1184 3750 Gna.

163 3807 221 3816 ·—
244 3783 326 3831 Ad
368 3799 571 3847 gravem
605 3782 926 3845 quaestionem
962 3796 1024 3827 ne
1062 3780 1185 3828 nihil

165 3861 276 3908 die-t
293 3898 309 3919 ,
336 3862 553 3909 ridicule
585 3860 868 3925 respondet.
901 3862 961 3906 In
984 3859 1152 3908 cedina
1168 3896 1182 3917 ‚

158 3941 261 4001 qnia
286 3941 598 4004 voluptatem
614 3956 822 4003 sequens
840 3940 1037 4004 Epicuri
1057 3952 1070 3986 ε
1102 3960 1123 3981 ιι
1137 3940 1187 3987 in

161 4022 418 4081 μύκαι-ει»
435 4054 452 4079 ,
473 4021 585 4083 qnia
604 4020 725 4068 mihi
750 4020 970 4082 placent,
992 4020 1078 4082 qni
1098 4019 1192 4065 vir·

371 4226 466 4288 ll.
522 4237 608 4284 Cic.
636 4254 749 4299 pars
780 4245 958 4298 quarta.

1276 1965 1430 2004 tutem
1474 1967 1523 2004 et
1566 1956 1782 2004 laborem
1825 1957 2108 2022 praeferunt.
2153 1962 2207 2007 J.
2252 1962 2304 2006 F.

1278 2036 1444 2084 Giton.

1349 2123 1396 2172 4.
1418 2114 1530 2163 sch.
1556 2125 1670 2177 post
1693 2118 1749 2163 P.
1765 2116 2064 2174 Mammium,
2079 2117 2304 2166 emendat

1277 2217 1300 2236 α
1313 2195 1364 2240 in
1384 2193 1603 2258 palaestrn
1625 2205 1699 2242 est
1713 2218 1752 2242 n.
1777 2197 1965 2258 Nempe
1983 2206 2040 2243 ut
2059 2197 2303 2259 significet

1275 2273 1565 2323 Ciceronem
1603 2290 1654 2320 se
1689 2273 1739 2320 in
1767 2273 2007 2338 pala-stra
2034 2273 2191 2323 hortis
2221 2276 2305 2323 ad-

1268 2350 1438 2413 juncta
1460 2352 1756 2401 ambulando
1775 2369 2024 2413 exercere,
2052 2365 2137 2402 aut
2159 2356 2302 2404 etiam

1274 2432 1339 2478 ad
1378 2432 1682 2480 declamandi
1733 2433 1966 2481 exercitia
2011 2435 2269 2498 respicitur
2287 2471 2302 2495 ,

1275 2528 1384 2574 qnae
1414 2512 1573 2560 solent
1603 2529 1714 2560 cum
1747 2512 1967 2578 palaestra
2001 2517 2303 2578 comparari,

1274 2602 1329 2637 ut
1348 2593 1565 2638 actiones
1588 2593 1801 2641 forenses
1827 2611 1936 2641 cnm
1963 2594 2066 2642 acie
2085 2606 2134 2643 et
2157 2595 2301 2643 dimi-

1274 2673 1479 2718 catione.
1498 2674 1612 2719 Suu.

1346 2751 1399 2797 5.
1413 2750 1573 2797 Pudet
1590 2751 1717 2798 enim
1735 2751 1929 2804 servire,
1945 2751 2148 2815 Aliquid
2162 2769 2303 2816 agere

1274 2828 1496 2893 publice,
1516 2831 1628 2892 qnia
1648 2832 1732 2893 qui
1758 2843 1941 2894 partem
1965 2834 2091 2896 reip.
2109 2844 2302 2894 tractat,

1273 2910 1315 2956 is
1342 2924 1393 2955 se
1420 2925 1714 2972 componere
1739 2910 1803 2957 ad
1830 2922 2003 2958 nutum
2038 2912 2182 2959 unius
2218 2929 2302 2961 ne-

1274 3005 1405 3036 cesse
1429 2988 1595 3037 habet.

1344 3064 1566 3117 &wat-io
1599 3083 1676 3114 me
1701 3067 1831 3114 alias
1857 3084 1932 3115 res
1962 3085 2123 3132 agere.
2145 3069 2299 3134 Finge

1273 3163 1350 3196 me
1378 3164 1537 3195 rerum
1568 3147 1769 3193 aliarum
1797 3157 2026 3209 satagere.

1346 3243 1394 3287 7.
1418 3226 1655 3274 Platonis.
1674 3225 1881 3272 Videtur
1904 3225 2117 3273 alludere
2144 3226 2204 3273 ad
2229 3227 2303 3286 id,

1272 3302 1410 3369 quod
1455 3306 1603 3352 refert
1643 3306 1784 3369 epist.
1816 3321 1847 3366 9
1877 3304 1962 3353 lib.
1997 3307 2050 3351 1:
2086 3326 2110 3345 o«
2133 3306 2300 3369 Atque

1271 3384 1397 3430 hanc
1426 3384 1624 3447 quidem
1650 3382 1730 3430 ille
1765 3400 1954 3431 causam
1984 3384 2078 3430 sibi
2105 3385 2174 3431 ait
2198 3400 2300 3433 non

1271 3462 1566 3525 attingendae
1612 3461 1892 3525 reipublicae
1938 3463 2083 3510 fuisse
2100 3498 2113 3522 ‚
2163 3465 2300 3527 quod

1272 3558 1424 3605 quum
1452 3541 1736 3588 offendisset
1768 3542 2010 3605 populum
2032 3543 2301 3592 Athenien-

1272 3638 1372 3669 sem
1392 3637 1549 3685 prope
1569 3622 1670 3681 jam
1693 3621 2007 3684 desipientem
2027 3634 2274 3672 senectute
2288 3660 2304 3683 ‚

1274 3710 1368 3748 etc.
1388 3722 1414 3741 ο
1443 3701 1520 3748 Ne
1548 3700 1687 3748 Plato
1712 3716 1788 3746 me
1821 3711 2017 3763 arguat,
2051 3703 2188 3765 quod
2211 3705 2298 3752 tali

1275 3790 1493 3844 tempore
1511 3779 1748 3841 attingere
1768 3778 1913 3825 velim
1937 3781 2300 3845 rempublicam.

1276 3862 1426 3907 Min.

1353 3941 1401 3986 8.
1435 3939 1510 3984 De
1538 3936 1798 4000 Hispania.
1843 3940 1916 3985 De
1944 3937 2074 3986 bello
2102 3941 2304 3990 Caesaris

1281 4018 1511 4066 adversus
1538 4017 1757 4080 Pompeii
1783 4014 1928 4067 filios.
1957 4021 2178 4069 Centau.

1988 4240 2058 4284 11
