3023 4773
275 469 1448 496 mmmm—mmmm
1455 475 1544 493 m
1549 474 2277 496 mmmmmmmm
2283 476 2373 494 m

744 637 1857 742 ARGUMENTUM

982 841 1263 909 LIBRI
1314 841 1636 910 PRIMI.

259 1014 404 1073 Libri
430 1014 609 1092 hujus
631 1016 889 1094 epistolae
910 1017 1125 1095 partim
1148 1030 1279 1077 ante
1302 1019 1664 1079 consulatum
1684 1017 1997 1089 Ciceronis,
2014 1019 2222 1096 partim
2246 1033 2377 1096 post

322 1112 681 1173 consulatum
713 1113 946 1190 scriptae
990 1126 1145 1173 sunt.
1190 1120 1339 1175 Nam
1370 1127 1495 1173 toto
1537 1115 1871 1174 consulatus
1916 1113 2070 1172 illius
2118 1126 2377 1193 tempore

323 1210 544 1268 Atticus
575 1215 774 1268 Romae
802 1210 943 1282 fuit,
986 1212 1246 1270 omnium
1278 1211 1657 1271 consiliorum
1690 1225 1751 1270 et
1777 1211 2070 1270 actionum
2093 1211 2217 1288 ejus
2247 1231 2375 1270 mo-

324 1307 496 1377 nitor,
529 1305 778 1383 adjutor,
806 1320 864 1365 et
885 1306 1241 1366 administer.
1268 1313 1454 1367 Porro
1486 1309 1632 1377 illae,
1665 1328 1796 1385 quae
1826 1308 2187 1366 consulatum
2216 1322 2379 1366 ante-

325 1402 568 1475 cedunt,
611 1423 741 1480 quae
766 1416 899 1461 sunt
928 1424 1176 1464 numero
1204 1424 1443 1477 novem,
1489 1405 1762 1463 nimirum
1789 1426 1971 1483 usque
1999 1405 2072 1464 ad
2097 1426 2225 1464 eam
2251 1427 2381 1484 quae

324 1500 559 1578 incipit,
582 1526 607 1552 α
627 1501 867 1559 Teucris
897 1500 1022 1575 illa,
1043 1528 1068 1553 υ
1110 1502 1254 1561 nihil
1287 1522 1424 1561 sane
1455 1504 1757 1561 continent
1777 1502 1939 1580 quod
1969 1502 2041 1561 ad
2076 1503 2379 1562 historiam

327 1615 675 1674 magnopere
705 1597 1011 1674 pertineat.
1048 1602 1480 1677 consequentes
1521 1616 1690 1671 vero,
1717 1619 1902 1677 usque
1940 1597 2014 1656 ad
2050 1600 2383 1677 epistolam,

328 1720 354 1745 ι
373 1692 529 1753 Nihil
553 1693 721 1765 mihi,
739 1720 764 1746 υ
787 1699 871 1752 Μ.
893 1696 1161 1754 Messalla
1187 1709 1245 1755 et
1265 1701 1347 1754 M.
1363 1696 1571 1755 Pisone
1595 1715 1742 1754 coss.
1766 1695 1940 1767 datae,
1983 1695 2238 1774 primum
2260 1717 2381 1755 rem

326 1788 515 1849 Clodii
544 1800 813 1861 narrant,
838 1804 905 1848 ut
931 1789 1089 1850 domi
1114 1795 1178 1854 C.
1203 1793 1445 1851 Caesaris
1472 1811 1605 1850 cum
1629 1791 1840 1850 vestitu
1871 1791 2144 1850 muliebri
2171 1791 2386 1871 depre-

326 1886 539 1946 hensus
565 1887 757 1957 fuerit,
769 1906 949 1965 quum
977 1908 1087 1966 pro
1111 1891 1332 1968 populo
1361 1890 1560 1962 fieret;
1590 1903 1893 1967 totumque
1924 1889 1997 1947 de
2027 1909 2092 1948 re
2114 1889 2215 1949 illa
2234 1890 2386 1966 judi-

329 1983 513 2054 cium,
551 2002 669 2060 quo
700 2002 819 2040 non
854 1982 1032 2040 modo
1068 1996 1277 2060 praeter
1318 1985 1402 2042 fas
1430 1998 1490 2042 et
1515 2005 1780 2062 aequum,
1827 1984 1927 2044 sed
1966 1984 2140 2042 etiam
2178 1998 2388 2063 praeter

327 2080 589 2139 omnium
618 2079 921 2138 hominum
961 2079 1298 2159 opinionem
1320 2124 1338 2153 ,
1379 2081 1679 2140 absolutus
1719 2081 1830 2139 fuit
1868 2103 1882 2138 ε
1928 2081 2177 2154 deinde,
2211 2102 2386 2160 quam

327 2191 564 2236 mortuo
595 2177 803 2256 plausu
842 2179 1098 2256 populus
1126 2197 1400 2236 romanus
1441 2177 1780 2256 Pompeium
1817 2179 2112 2256 exceperit
2138 2199 2171 2237 e
2201 2179 2388 2238 nobili

328 2275 428 2333 illa
441 2275 696 2334 Asiatica
714 2273 1084 2353 expeditione
1105 2274 1463 2333 redeuntem.
1482 2280 1631 2335 Nam
1651 2293 1831 2353 quum
1855 2274 2080 2333 nobiles
2107 2276 2389 2347 hominm,

329 2372 391 2429 in
436 2370 507 2429 iis
543 2375 592 2430 L
635 2370 942 2430 Lucullum
986 2390 1120 2429 cum
1151 2370 1389 2450 primiS,
1421 2369 1670 2430 haberet
1701 2370 1958 2430 infensos
1991 2394 2004 2429 ε
2047 2371 2209 2444 illos,
2254 2372 2391 2451 qnia

325 2468 582 2528 hominis
610 2469 928 2547 potentiam
955 2489 1104 2548 aegre
1129 2469 1378 2542 ferrent,
1408 2469 1557 2528 adeo
1583 2471 1862 2542 crevisse,
1888 2482 1954 2528 ut
1973 2468 2094 2547 jam
2124 2470 2393 2528 formida-

328 2565 467 2624 bilis
493 2577 689 2644 posset
710 2585 860 2637 esse;
886 2565 1071 2638 hunc,
1098 2566 1235 2644 quia
1258 2565 1445 2643 erepti
1467 2564 1581 2624 sibi
1607 2566 1885 2643 triumphi
1918 2565 1991 2624 de
2020 2566 2391 2638 Mithridate,

322 2662 450 2739 jam
478 2662 599 2720 fere
627 2660 948 2733 debellato,
973 2661 1219 2719 haereret
1239 2661 1548 2719 memoria:
1575 2681 1693 2719 non
1727 2661 1905 2720 modo
1932 2661 2200 2722 obtinere
2232 2683 2395 2720 num-

332 2778 509 2836 quam
526 2757 740 2836 potuit,
762 2770 829 2814 ut
853 2769 980 2815 acta
998 2777 1150 2815 suaa
1170 2758 1393 2836 populo
1408 2757 1906 2830 confirmarentur,
1932 2758 2122 2836 deque
2145 2759 2391 2817 militum

331 2854 588 2933 praemiis
635 2853 1044 2911 decerneretur
1086 2876 1100 2909 :
1141 2853 1243 2912 sed
1289 2874 1362 2911 ne
1405 2852 1553 2911 illud
1591 2853 1854 2932 quidem,
1898 2868 1964 2913 ut
2003 2854 2179 2913 rebus
2220 2854 2294 2912 ab
2334 2874 2396 2912 se

333 2951 511 3029 gestis
548 2949 857 3009 recitandis
887 2950 1125 3029 plausus
1157 2971 1230 3009 ex
1271 2951 1465 3008 animo
1501 2950 1757 3009 daretur.
1803 2957 2000 3029 Atque
2035 2950 2095 3008 id
2124 2963 2211 3009 est
2238 2950 2399 3028 quod

338 3051 422 3108 ait
449 3049 697 3127 epistola
722 3049 790 3105 13
820 3070 833 3104 :
866 3077 888 3098 ι
909 3048 1102 3106 Prima
1128 3049 1334 3107 concio
1357 3049 1623 3127 Pompeii
1650 3048 1838 3127 qualis
1863 3048 2071 3120 fuerit,
2097 3050 2304 3127 scripsi
2327 3048 2401 3106 ad

342 3160 397 3205 te
418 3159 620 3205 antea:
645 3164 763 3202 non
787 3144 1047 3220 jucunda
1068 3145 1319 3218 miseriS,
1333 3146 1521 3205 inanis
1542 3145 1847 3224 improbis,
1867 3145 2053 3203 beatis
2076 3165 2195 3202 non
2221 3157 2402 3223 grata,

336 3243 511 3302 bonis
533 3261 652 3300 non
675 3242 867 3321 gravis
890 3268 934 3300 υ.
979 3247 1124 3315 Quae
1146 3242 1382 3319 quidem
1405 3264 1496 3302 res
1521 3244 1779 3302 omnium
1799 3287 1815 3316 ,
1844 3263 1971 3321 quae
2002 3242 2275 3319 deinceps
2301 3261 2397 3299 se-

338 3353 525 3420 quuta
546 3353 710 3411 sunt,
735 3338 1019 3397 malorum
1050 3338 1177 3397 fons
1207 3352 1265 3396 et
1283 3339 1448 3417 origo
1473 3340 1601 3398 fuit.
1627 3345 1775 3400 Nam
1797 3338 1957 3417 quod
1987 3359 2094 3397 nec
2119 3357 2225 3415 per
2246 3337 2400 3396 Mes-

339 3436 547 3494 sallam
578 3448 639 3492 et
659 3435 928 3493 Pisonem
950 3433 1141 3511 primo
1168 3453 1321 3491 anno
1339 3476 1355 3504 ,
1385 3453 1491 3491 nec
1524 3453 1630 3511 per
1654 3434 1953 3493 Metellum
1977 3448 2036 3492 et
2061 3431 2367 3492 Afranium
2384 3476 2400 3504 ,

339 3553 414 3590 ex
447 3530 664 3609 quibus
692 3530 850 3588 hunc
890 3529 1161 3587 omnibus
1201 3529 1399 3586 invitis
1441 3549 1546 3606 per
1588 3531 1952 3610 largitionem
1992 3541 2051 3586 et
2087 3527 2400 3601 ambitum,

341 3648 463 3706 quo
483 3641 614 3687 acta
637 3647 742 3685 sua
764 3627 1261 3698 confirmarentur,
1283 3625 1596 3683 creandum
1618 3639 1921 3684 curaverat
1940 3626 2200 3702 sequenti
2216 3645 2369 3683 anno
2388 3619 2409 3682 ε’

343 3726 508 3804 quod
550 3746 658 3804 per
692 3724 957 3784 Flavium
984 3723 1284 3783 tribunum
1321 3722 1476 3801 pleb.
1507 3737 1574 3781 ut
1612 3724 1708 3781 lex
1749 3723 1974 3801 agraria
2013 3724 2406 3800 perferretur,

346 3824 662 3902 impetrare
689 3843 808 3881 non
843 3823 1073 3900 potuit;
1101 3822 1351 3881 coitione
1381 3822 1529 3880 facta
1563 3841 1694 3878 cum
1720 3825 1945 3880 Caesare
1968 3833 2028 3878 et
2055 3826 2136 3879 M.
2165 3825 2403 3891 Crasso,

348 3941 504 3979 anno
554 3920 727 3978 tertio
757 3920 1042 3993 obtinuit,
1087 3925 1310 3978 Caesare
1333 3919 1392 3976 in
1423 3919 1623 3997 primis
1650 3918 1887 3976 consule
1917 3916 2225 3977 declarato.
2265 3923 2408 3976 Tres

349 4018 567 4077 ultimae
596 4018 885 4095 epistolae,
912 4023 982 4091 Q.
1004 4017 1241 4076 Metello
1262 4016 1482 4085 Celere,
1503 4020 1568 4072 L.
1595 4015 1839 4072 Afranio
1866 4035 2007 4074 coss.
2031 4017 2216 4074 missae
2246 4027 2404 4073 sunt:

346 4134 605 4191 quorum
636 4116 937 4173 consulatu
963 4114 1034 4173 de
1061 4114 1267 4175 Clodio
1295 4113 1364 4172 ad
1397 4109 1625 4190 plebem
1657 4112 2011 4172 traducendo
2041 4115 2131 4191 agi
2160 4125 2412 4188 coeptum
