3023 4773
702 423 846 508 644
1330 418 1427 484 Μ.
1479 417 1556 483 Τ.
1611 413 2200 484 CICERONIS

707 617 980 642 “Omm
986 616 1073 636 m
1907 609 2091 630 mm
2097 606 2464 628 mm
2468 606 2844 627 mm

1384 775 1984 856 EPISTOLA
2036 775 2150 853 II.

699 943 1071 1006 Brundisium
1092 959 1155 998 se
1181 933 1422 998 venisse.
1449 934 1636 995 Attici
1662 929 2045 992 invalitudine
2073 952 2134 991 se
2155 930 2496 990 conturbari
2523 933 2839 1009 significan

781 1036 1225 1102 sollicitudinem
1253 1033 1327 1092 de
1348 1033 1583 1092 Tironis
1614 1030 1824 1090 morbo
1850 1031 2078 1102 fatetur,
2112 1042 2172 1087 et
2201 1026 2364 1088 Curii
2393 1029 2454 1087 in
2484 1049 2558 1088 eo
2579 1030 2839 1088 curando

782 1136 1143 1219 diligentiam
1167 1129 1381 1190 laudat.
1422 1130 1680 1189 Atticum
1714 1125 1890 1186 filiola
1931 1145 2037 1184 sua
2062 1124 2339 1183 delectari
2370 1126 2619 1184 laetatur.
2660 1126 2840 1185 Addit

784 1256 971 1318 pauca
1010 1233 1084 1291 de
1123 1228 1407 1307 triumphi
1448 1228 1553 1306 sp'e
1599 1237 1658 1285 et
1702 1226 1936 1304 Catonis
1968 1224 2374 1283 malivolentia.
2402 1229 2493 1282 De
2527 1224 2841 1303 Chrysippi

784 1332 978 1393 liberti
1009 1322 1300 1388 discessu:
1333 1325 1409 1384 de
1446 1322 1722 1403 periculis
1748 1322 1892 1401 reip.
1925 1320 2272 1402 (Brundisii,
2300 1340 2455 1378 anno
2480 1326 2558 1381 U.
2585 1325 2657 1382 C.
2695 1323 2838 1397 703,

786 1448 980 1490 mense
1008 1422 1356 1502 novembri.)

1378 1547 1689 1614 CICERO
1733 1545 2058 1612 ATTICO
2110 1545 2175 1609 S.

807 1693 1265 1758 Bnmvmsmu
1303 1680 1629 1750 venimus
1671 1698 1773 1744 vn
1815 1672 2101 1744 kalend.
2133 1670 2488 1743 decembr.
2510 1727 2530 1761 ,
2568 1674 2693 1744 usi
2724 1687 2848 1743 tua
2889 1766 2893 1768 Δ

709 1798 1049 1871 felicitate
1105 1787 1483 1886 navigandi
1526 1811 1546 1853 v:
1596 1786 1693 1854 ita
1726 1782 1917 1855 belle
1965 1780 2177 1853 nobis
2231 1781 2428 1853 flavit
2476 1782 2568 1853 ab
2625 1779 2850 1882 Epiro

646 1993 655 2001 ,
711 1917 1121 1992 lenissimus
1167 1906 1742 1980 Onchesmites¹.-
1793 1906 2003 1972 Hunc
2046 1894 2600 1988 σπονδειοίζοντϋ,
2641 1905 2700 1972 si
2734 1904 2853 1973 cui

711 2036 913 2108 voles
949 2044 1070 2105 τῶν
1105 2018 1486 2120 νιωτέρων3,
1529 2044 1666 2118 pro
1710 2034 1839 2090 tuo
1874 2014 2225 2090 vendita⁴.
2266 2019 2686 2091 Invalitudo
2733 2035 2855 2091 tua

714 2172 831 2219 me
876 2142 1082 2216 valde
1131 2132 1544 2210 conturbat.
1605 2128 2025 2226 Significant
2059 2130 2253 2201 enim
2296 2144 2436 2201 tuae
2474 2130 2740 2219 literae,
2787 2146 2858 2202 te

714 2278 1014 2357 prorsus
1048 2247 1398 2322 laborare.
1432 2248 1585 2340 Ego
1614 2255 1893 2329 autem,
1937 2262 2167 2336 quum
2197 2241 2454 2325 sciam,
2493 2264 2726 2337 quam
2767 2242 2862 2311 sis

714 2367 957 2452 fortis,
991 2355 1488 2433 vehementius
1524 2375 1677 2423 esse
1723 2348 2069 2447 quiddam
2111 2351 2476 2448 suspicor,
2528 2352 2748 2449 quod
2791 2366 2863 2423 te

711 2489 925 2575 cogat
949 2470 1204 2545 cedere
1225 2521 1246 2556 ,
1282 2475 1354 2536 et
1385 2460 1917 2562 propemodum
1944 2458 2293 2557 infringat
2321 2486 2338 2530 :
2367 2462 2501 2532 etsi
2546 2461 2864 2534 alteram

716 2600 1139 2686 quartanam
1176 2572 1587 2672 Pamphilus
1607 2567 1635 2614 ⁵
1680 2583 1850 2640 tuus
1881 2569 2063 2639 mihi
2096 2568 2278 2641 dixit
2312 2570 2753 2659 decessisse,
2796 2588 2866 2643 et

714 2699 1011 2770 alteram
1045 2689 1388 2761 leviorem
1438 2679 1802 2753 accedere.
1851 2681 2184 2750 Terentia
2208 2704 2379 2751 vero
2399 2734 2418 2769 ,
2468 2706 2637 2777 quae
2697 2685 2867 2779 qui·

716 2809 885 2879 dem
929 2800 1188 2876 eodem
1236 2811 1567 2892 tempore
1613 2790 1703 2862 ad
1749 2804 2031 2887 portam
2075 2788 2586 2861 Brundisinam
2627 2796 2870 2875 venit,

713 2941 864 3015 quo
883 2937 1018 3011 ego
1045 2913 1120 2979 in
1145 2919 1474 3005 portum,
1501 2901 1826 2998 mihique
1845 2899 2058 2970 obvia
2076 2902 2154 2969 in
2173 2897 2338 2972 foro
2363 2898 2538 2987 fuit,
2566 2907 2649 2972 L.
2677 2907 2871 2973 Pon-

714 3031 895 3100 tium
943 3022 1082 3094 sibi
1126 3021 1201 3089 in
1245 3013 1658 3087 Trebulano
1707 3010 1966 3081 dixisse
2011 3010 2387 3099 narrabat,
2438 3013 2658 3081 etiam
2708 3037 2871 3082 eam

615 3136 630 3151 ”
715 3135 1119 3210 decessisse.
1160 3124 1380 3215 Quod
1414 3128 1473 3195 si
1515 3126 1614 3193 ita
1655 3135 1764 3192 est
1786 3174 1806 3209 ‚
1846 3135 1956 3191 est
1987 3119 2189 3216 quod
2225 3125 2534 3192 maxime
2567 3122 2875 3194 meher-

717 3247 876 3320 cule
919 3255 1139 3340 opt03
1180 3234 1403 3331 idque
1445 3252 1661 3331 spero
1689 3245 1816 3301 tua
1842 3228 2228 3327 prudentia
2268 3245 2341 3301 et
2376 3234 2876 3329 temperantia

794 3451 838 3482 1.
869 3410 1206 3480 Onchesmites.
1235 3422 1430 3472 Nomen
1468 3419 1634 3479 venti,
1679 3417 1742 3465 ab
1903 3417 2074 3465 3.Τῶν
2090 3415 2346 3484 νιωτίρων.
2372 3416 2661 3467 saniorum.

718 3515 1022 3567 Onchesmo,
1048 3503 1185 3571 Epiri
1202 3511 1381 3568 portu,
1412 3514 1558 3565 quem
1579 3497 1738 3545 nomi·
1898 3505 1948 3553 Ι..
1978 3496 2108 3559 Alii,
2144 3492 2362 3545 vendico.
2387 3498 2439 3544 J.
2467 3499 2529 3543 V.
2559 3498 2615 3544 1..
2640 3523 2728 3532 —
2747 3498 2880 3560 Lege

718 3606 800 3644 nat
830 3590 1139 3641 Ptolemaeus.
1166 3579 1316 3631 Man.
1824 3574 2052 3623 vendica.
2085 3572 2160 3622 En
2195 3590 2386 3621 versum
2416 3573 2760 3638 spondaiemn
2792 3593 2878 3622 m·

792 3689 840 3722 a.
888 3661 1286 3719 Σπονδιιάζοντα.
1322 3660 1492 3708 Genus
1515 3650 1740 3704 caminis
1825 3651 2194 3712 tundissimnm,
2246 3651 2334 3717 qni
2369 3654 2489 3700 mihi
2533 3651 2659 3699 dnm
2705 3654 2886 3701 scribo

718 3754 788 3800 sie
819 3761 1071 3804 vocatum,
1109 3740 1245 3807 quod
1275 3741 1326 3787 in
1349 3737 1518 3802 quinta
1543 3734 1739 3798 regione
1825 3744 1918 3780 nec
1946 3733 2168 3796 opinanti
2204 3733 2436 3780 nascitur.
2461 3734 2584 3779 Eum
2616 3742 2685 3779 tu
2721 3734 2768 3779 si
2799 3750 2885 3779 vu-

720 3830 993 3895 spondeum
1015 3823 1217 3871 haberet
1239 3834 1331 3884 pro
1354 3813 1573 3879 dactylo.
1594 3816 1740 3862 Hunc
1830 3810 1903 3860 les
1921 3845 1938 3873 ‚
1974 3812 2056 3859 cui
2092 3810 2284 3861 iubebit
2325 3811 2724 3859 adolescentium
2771 3825 2887 3860 sm·

718 3910 865 3972 igitur
905 3902 1222 3968 imprudens,
1253 3908 1311 3946 ut
1337 3894 1422 3955 fit,
1455 3909 1608 3959 quum
1633 3892 1743 3939 edi-
1833 3892 2112 3950 dimon-um,
2159 3892 2245 3954 qni
2285 3891 2573 3940 eruditionis
2629 3908 2790 3940 carisa
2838 3902 2887 3940 te

720 3988 869 4033 disset
892 3985 1097 4041 Cicero,
1138 3980 1285 4044 idque
1320 3985 1491 4041 postea
1527 3971 1743 4021 animad-
1829 3982 2130 4019 assectantur
2151 3980 2199 4017 et
2223 3970 2422 4029 colunt,
2436 3971 2567 4031 jacta
2597 3980 2653 4017 te
2675 3972 2883 4019 fecisse.

720 4065 972 4121 vertisset,
1013 4061 1115 4120 ioci
1138 4057 1442 4107 occasionem
1471 4051 1740 4116 arripiens,
1830 4051 2072 4099 Gnonov.

716 4150 895 4203 Τιωιυ,
908 4139 1089 4205 inquit,
1103 4136 1382 4194 essedicito,
1396 4142 1492 4182 etc.
1510 4133 1741 4180 Minu.
1904 4129 1952 4178 5.
1980 4126 2274 4192 Pamphilus.
2295 4126 2451 4178 Attici
2472 4142 2666 4176 servus.
