3023 4773
617 317 757 388 208
1330 308 2029 383 PRAEMONITIO

609 446 742 553 qui
794 439 1070 547 legerit
1096 502 1115 535 ,
1167 438 1445 517 eodem
1486 440 1663 545 ipso
1707 436 1795 516 C.
1837 438 2188 545 Nepote¹
2240 456 2467 537 teste,
2516 472 2554 513 «
2585 471 2749 522 nou

613 602 650 640 «
684 566 1014 644 multum
1039 578 1490 641 contextam
1520 560 1835 638 illorum
1861 577 2308 668 temporum
2331 563 2745 643 historiam

610 726 647 764 «
679 686 1174 770 desideret²P
1203 720 1240 760 >³
1290 683 1535 787 Quod
1587 685 1651 764 si
1703 684 2126 792 pulchrum
2176 703 2255 765 et
2305 678 2742 794 jucundum

601 837 1080 937 magnopere
1113 825 1571 916 putaremus
1608 835 1699 885 ea
1741 806 1978 887 nobis
2014 808 2333 906 referri,
2390 839 2563 949 quae
2598 841 2743 891 no·-

600 938 784 1019 stris
824 936 1038 1015 hisce
1081 930 1576 1040 temporibus
1614 930 1714 1009 de
1756 930 1994 1011 rebus
2029 870 2446 1040 publicis
2426 963 2511 1011 1n
2551 936 2739 1014 inti-

595 1062 745 1141 mis
773 1086 1048 1165 regum
1077 1055 1461 1135 cubiculis
1490 1071 1972 1154 statuuntur,
1994 1072 2296 1165 quanto
2332 1057 2742 1164 pulchrius

595 1205 831 1294 atque
855 1179 1285 1291 jucundius
1310 1208 1401 1258 ea
1434 1170 1793 1287 patefieri
1829 1178 2064 1260 nobis
2106 1198 2186 1259 et
2213 1182 2534 1289 aperiri,
2565 1211 2740 1291 quae

593 1312 864 1388 Romae
902 1305 1092 1384 olim
1126 1304 1212 1381 in
1249 1303 1467 1381 curia
1499 1301 2159 1402 decernebantur,
2199 1321 2279 1382 et
2316 1304 2419 1383 ab
2460 1332 2556 1384 eo
2602 1334 2742 1412 pa-

594 1430 880 1527 tefieri,
928 1429 1066 1539 qui
1113 1456 1278 1505 non
1326 1426 1582 1506 solum
1627 1426 2027 1523 interfuit,
2073 1425 2210 1506 sed
2257 1429 2495 1506 etiam
2540 1457 2739 1535 prae-

591 1556 744 1635 fuit
783 1548 1499 1634 consultationibus
1537 1549 1727 1651 illis,
1756 1549 1841 1628 in
1872 1550 2166 1659 quibus
2205 1579 2371 1630 non
2413 1550 2513 1631 de
2554 1581 2737 1661 qua-

588 1706 924 1788 cumque
962 1674 1407 1783 republica,
1450 1674 1570 1753 vel
1618 1674 1960 1781 imperio
2011 1692 2414 1781 ageretur,
2452 1674 2591 1755 sed
2631 1674 2735 1755 de

587 1798 724 1883 illo
742 1866 762 1903 ,
783 1798 1002 1911 quod
1024 1816 1197 1877 toto
1223 1814 1613 1876 terrarum
1634 1795 1831 1889 orbe
1858 1795 2474 1877 dominabatur?
2506 1797 2740 1879 Adde

591 1922 811 2036 quod
864 1922 1068 2002 nihil
1138 1921 1270 1998 hic
1325 1921 1445 1999 vel
1518 1919 1618 1999 ad
1694 1921 2031 2027 gratiam
2089 1921 2557 2020 confictum,
2613 1920 2736 2002 vel

589 2069 807 2130 metu
847 2043 1335 2156 praeteritum
1361 2106 1380 2142 ,
1418 2044 1538 2124 vel
1583 2045 2030 2152 suspicione
2063 2064 2575 2153 corruptum:
2610 2047 2738 2126 10-

585 2176 861 2285 quitur
897 2170 1109 2249 enim
1151 2197 1330 2246 cum
1364 2167 1839 2246 amicissimo
1861 2229 1880 2265 ,
1908 2169 2138 2276 eique
2170 2167 2419 2247 libere
2450 2170 2735 2250 intima

588 2298 831 2380 animi
853 2297 972 2377 sui
991 2323 1213 2374 sensa
1228 2293 1661 2401 expromit:
1686 2310 2265 2402 proptereaque
2285 2293 2738 2401 legentibus

585 2427 728 2505 has
774 2420 1169 2530 Epistolas
1219 2418 1685 2527 plerumque
1745 2417 1927 2497 licet
1975 2417 2341 2498 facillime
2382 2422 2739 2501 auctoris

587 2550 936 2628 animum
968 2543 1510 2650 introspicere.
1550 2544 1838 2621 Fateor
1867 2541 2232 2650 equidem
2274 2543 2358 2619 in
2395 2543 2737 2651 quibus-

586 2671 773 2751 dam
833 2667 1028 2748 locis
1094 2667 1376 2744 harum
1448 2666 1700 2772 Epist.
1776 2665 2142 2772 nonnihil
2217 2665 2739 2746 obscuritatis

664 3023 715 3060 1.
756 3004 820 3059 C.
866 3002 1064 3076 Nepos
1109 2997 1588 3056 familiarissimus
1636 2998 1747 3056 fuit
1797 2996 2103 3069 Ciceroni,
2147 3010 2208 3056 et
2243 2996 2366 3075 ipse
2403 3016 2507 3056 sua
2549 3011 2741 3058 manu

576 3104 774 3182 plures
820 3095 1003 3154 libros
1053 3096 1207 3155 illius
1255 3095 1657 3184 exscripserat.
1685 3094 1822 3155 Vid.
1862 3079 2037 3155 Gom.
2088 3095 2397 3160 Frontonis
2439 3096 2607 3174 epist.
2650 3097 2738 3155 ad

578 3205 761 3257 Marc.
790 3193 989 3253 Aurel.
1018 3212 1146 3271 pag.
1175 3201 1284 3264 24,
1316 3191 1453 3251 edit.
1485 3193 1710 3271 Angelo
1738 3194 1926 3264 Mai03
1955 3192 2300 3265 Mediolani,
2334 3193 2502 3250 1815.
2534 3196 2641 3250 En.

659 3317 713 3354 α.
746 3299 985 3354 Certum
1030 3304 1117 3348 est
1157 3302 1294 3348 tunc
1332 3289 1565 3348 demum
1600 3291 1802 3350 ultima
1843 3291 1987 3369 reip.
2015 3309 2269 3349 romanae
2308 3303 2569 3368 tempora
2613 3310 2737 3348 co·—

578 3394 775 3473 gnosci
801 3390 1073 3468 coepisse,
1095 3407 1276 3466 quum
1300 3387 1576 3467 Epistolae
1608 3389 1683 3448 ad
1712 3390 1987 3450 Diversos
2014 3403 2073 3448 et
2102 3388 2174 3448 ad
2203 3390 2461 3448 Atticum
2486 3386 2559 3446 ab
2587 3390 2738 3447 exi-

579 3489 696 3547 mio
722 3500 898 3565 poeta
936 3490 998 3542 F.
1025 3482 1338 3542 Petrarcha
1366 3498 1611 3562 repertae
1639 3498 1794 3543 sunt.
1830 3489 1958 3544 Hoc
1981 3496 2229 3543 testatur
2250 3489 2342 3544 Jo.
2373 3482 2500 3542 Alb.
2525 3481 2743 3543 Fabri·

579 3588 731 3655 cius»,
762 3581 1037 3642 Biblioth.
1066 3581 1305 3655 Latina,
1350 3586 1380 3640 I
1400 3624 1418 3654 ,
1471 3582 1506 3638 8
1526 3622 1542 3650 ‚
1590 3582 1623 3639 5
1652 3605 1666 3639 :
1704 3586 1896 3640 «Ante
1938 3581 2270 3640 Petrarchae
2306 3581 2461 3640 enim
2492 3594 2747 3642 aetatem

576 3709 600 3736 «
627 3680 924 3740 Ciceronis
964 3678 1242 3757 Epistolae
1296 3698 1403 3756 per
1451 3678 1652 3758 plures
1702 3698 1988 3737 annorum
2043 3679 2335 3738 centurias
2381 3677 2751 3739 desideratae

576 3805 600 3831 «ι
628 3773 885 3848 fuerant3
925 3789 983 3833 et
1006 3775 1118 3833 nisi
1140 3775 1322 3853 ipsius
1344 3773 1541 3834 studio
1574 3788 1633 3833 et
1658 3795 1840 3853 opera
1866 3775 1927 3833 in
1960 3775 2150 3834 lucem
2172 3777 2417 3855 prolatae
2444 3776 2702 3835 fuissent
2719 3820 2746 3849 ‚

576 3904 600 3928 ι(
627 3872 878 3934 fortassis
904 3870 978 3929 ad
1005 3872 1126 3929 haec
1153 3892 1337 3949 usque
1362 3885 1624 3950 tempora
1660 3872 1729 3930 iis
1766 3892 2093 3932 careremus
2115 3899 2159 3930 ι».
2201 3875 2404 3931 Exstat
2434 3872 2637 3932 adhuc
2670 3875 2750 3933 in

575 3969 931 4033 bibliotheca
973 3968 1362 4027 Laurentiana
1407 3967 1747 4030 Florentina
1795 3969 2092 4048 exemplar
2155 3969 2336 4048 ipsius
2386 3970 2750 4030 Petrarchae

574 4090 750 4133 inanu
785 4077 1103 4128 exaratum.
1127 4068 1236 4124 En.
