3023 4773
622 385 761 468 400
1261 383 1357 449 M.
1413 381 1491 447 T.
1546 380 2102 449 cmERole

621 504 934 576 feremus
974 499 1360 596 tranquillo
1395 504 1659 571 animo.
1712 502 2007 610 Neque
2018 513 2163 567 tam
2203 521 2317 567 me
2350 493 2746 569 ειίελττιστίοιιΒ

622 608 1063 692 consolatur,
1104 620 1186 675 ut
1220 605 1464 691 anfea‚
1503 629 1724 703 quam
1754 586 2149 701 ἀδιαφορίαθ,
2172 628 2316 700 qua
2344 601 2588 674 nulla
2571 630 2646 674 m
2671 629 2749 674 re

622 735 768 789 tam
801 732 999 803 utor,
1037 738 1256 811 quam
1299 718 1374 783 in
1414 714 1551 784 hac
1586 714 1776 785 civili
1812 729 1883 785 et
1914 712 2223 810 publica.
2263 715 2461 803 Quin
2502 717 2746 801 etiam,

622 822 822 919 quod
856 837 962 891 est
997 817 1350 889 subinane
1390 821 1466 889 in
1514 818 1763 908 nobis»,
1800 833 1874 890 et
1905 844 2052 890 non
2085 813 2527 913 οἱφιλόδοξονιο
2556 817 2752 914 (bel-

621 934 774 1003 lum
839 947 945 1003 est
998 932 1189 1001 enim
1249 954 1378 1000 sua
1420 931 1588 1001 vitia
1647 929 1940 1021 nosse),
2003 927 2384 999 afficitur¹¹
2436 927 2750 1025 quadam

624 1041 1118 1114 delectatione.
1171 1037 1461 1109 Solebat
1506 1040 1701 1109 enim
1743 1063 1859 1109 me
1896 1062 2255 1136 pungere,
2303 1061 2394 1107 ne
2440 1038 2750 1132 Sampsi-

622 1154 883 1225 cerami
919 1154 1172 1221 merita
1200 1151 1275 1219 in
1310 1151 1612 1248 patriam
1642 1150 1728 1220 ad
1756 1174 1986 1220 annos
2018 1174 2107 1220 nc
2132 1150 2404 1243 majora
2430 1148 2755 1219 videren-

623 1279 776 1350 tur,
804 1285 1023 1357 quam
1062 1273 1348 1329 nostra:
1377 1258 1509 1331 hac
1532 1258 1827 1357 quidem
1858 1284 2029 1331 cura
2057 1274 2251 1330 certe
2273 1259 2421 1353 jam
2447 1283 2755 1329 vacuum

625 1387 752 1443 est.
790 1376 984 1441 Jacet
1019 1370 1211 1438 enirn
1247 1367 1367 1438 ille
1405 1370 1536 1455 sic,
1594 1383 1677 1440 ut
1711 1368 2043 1439 Phocis¹²
2083 1369 2393 1440 Curiana
2430 1382 2617 1439 stare
2652 1369 2758 1435 vi-

625 1480 900 1550 deatur.
931 1469 1074 1548 ‘Sed
1100 1477 1250 1548 haec
1291 1501 1554 1549 coram.
1591 1482 1702 1548 Tu
1732 1492 1974 1548 tamen
2002 1475 2264 1548 videris
2297 1477 2474 1547 mihi
2511 1482 2758 1547 Romae

627 1588 781 1660 fore
822 1586 910 1659 ad
953 1600 1285 1658 nostrum
1324 1587 1719 1659 adventum
1754 1614 1770 1656 ε
1804 1586 2009 1683 quod
2051 1612 2219 1658 sane
2257 1585 2460 1658 facile
2496 1587 2757 1684 patiar,

627 1703 685 1769 si
728 1714 854 1768 tuo
894 1696 1279 1768 commodo
1313 1695 1469 1766 fieri
1499 1699 1914 1793 possit.Sin‚
1936 1711 2019 1766 ut
2055 1694 2330 1784 scribis,
2352 1697 2450 1766 ita
2473 1698 2758 1779 venies3

627 1809 840 1880 velim
867 1832 906 1878 e
933 1805 1375 1903 Theophane
1395 1803 1455 1849 ¹³
1488 1807 1852 1903 expiscere
1872 1860 1891 1893 ‚
1915 1830 2236 1903 quonam
2260 1807 2335 1875 in
2371 1828 2487 1875 me
2515 1807 2761 1874 animo

629 1917 718 1985 sit
765 1910 1301 1985 Alabarehesw.
1359 1914 1652 1999 Quaeres
1707 1910 2012 1995 scilicet,
2078 1924 2159 1979 ut
2214 1910 2435 1991 sole5‚
2473 1909 2638 1980 κατὰ
2689 1914 2764 1979 τὸ

629 2015 1019 2115 κηδεμονικὸν
1044 2010 1128 2102 ¹⁵,
1165 2029 1236 2085 et
1272 2014 1359 2085 ad
1389 2041 1505 2087 me
1540 2014 1631 2086 ab
1672 2041 1759 2087 eo
1792 2018 1998 2113 quasi
2034 2012 2427 2096 bwoflvfxoecffi
2466 2013 2759 2097 affereS‚

631 2255 798 2304 scribit
815 2253 1158 2318 philosophice,
1179 2254 1315 2316 qnod
1340 2255 1564 2301 Groevins
1584 2256 1653 2302 sic

632 2334 809 2401 probat
837 2350 849 2380 t
896 2336 1086 2379 Frustra
1143 2333 1271 2379 enim
1329 2332 1655 2398 philosophiae

633 2415 841 2464 dedisset
886 2429 1085 2476 operam
1103 2447 1117 2470 ‚
1153 2413 1196 2458 si
1238 2427 1368 2460 nunc
1407 2413 1563 2460 luctui
1604 2429 1655 2460 se

634 2495 768 2542 daret
812 2479 1015 2556 propter
1056 2490 1416 2554 improbitatem
1465 2490 1655 2555 aliquot

635 2573 828 2619 civium.
847 2568 1161 2634 Philosophia
1182 2569 1326 2617 docet
1344 2570 1654 2617 resadversas

638 2663 687 2700 et
712 2665 880 2698 omnes
905 2659 1108 2696 eventus
1142 2663 1283 2712 aequo
1318 2649 1483 2695 animo
1513 2649 1650 2696 ferre.

637 2757 706 2767 --
724 2729 838 2776 Soh.
856 2739 1017 2776 sutem
1043 2737 1173 2775 recte
1198 2737 1340 2791 putat
1364 2728 1521 2791 ipsam
1541 2727 1653 2792 phi·

633 2807 909 2873 Iosophiam
934 2805 1202 2870 philologis
1231 2806 1499 2863 contineri,
1528 2816 1585 2854 ut
1609 2816 1656 2852 et

638 2888 796 2936 omnia
818 2885 1048 2950 praeclara
1069 2883 1248 2931 studia.
1264 2887 1357 2933 Eo.

710 2969 757 3016 8.
781 2962 1054 3020 Εὐιλπιςὶα.
1079 2965 1214 3010 Bona
1233 2979 1361 3028 spes.

712 3062 766 3107 9.
807 3030 1100 3110 Ᾰὸιαφορία..
1140 3043 1200 3089 ln
1226 3052 1442 3090 neutrum
1472 3050 1659 3104 partem

642 3125 913 3172 inclinatio.

719 3219 797 3250 xo.
817 3189 1125 3266 Ᾰφιλόδοξον.
1144 3199 1188 3246 Δ
1208 3197 1375 3262 gloria
1393 3197 1661 3261 cupiditate

651 3282 880 3328 alienum.

721 3377 740 3407 ι
757 3357 892 3406 1.1d
916 3354 1164 3422 afficitur,-
1190 3355 1259 3401 sic
1285 3354 1416 3401 Oliv.
1441 3355 1667 3404 Refertur

647 3438 710 3487 nd
733 3436 855 3486 illud
874 3470 890 3497 ‚
910 3455 934 3475 ‹-
949 3432 1101 3494 Quod
1129 3444 1201 3480 est
1229 3432 1465 3481 subinsne
1491 3434 1545 3482 in
1575 3450 1666 3482 no-

649 3518 725 3564 his
744 3538 798 3573 ιο,
840 3514 940 3561 hoc
974 3528 1120 3560 sensu
1142 3525 1156 3559 :
1203 3513 1328 3575 Qua
1370 3512 1574 3561 smhitio
1613 3514 1666 3561 in

649 3595 794 3643 nobis
818 3602 890 3641 est
904 3627 919 3652 ‚
942 3607 998 3639 es
1023 3607 1158 3639 nunc
1179 3591 1326 3639 habet
1346 3607 1446 3655 quo
1463 3592 1668 3641 delecte-

653 3685 759 3731 tur,
786 3672 1025 3735 siquidem
1053 3671 1277 3734 Pompeii
1301 3671 1470 3719 merita
1497 3672 1549 3718 in
1579 3688 1667 3735 ps-

656 3753 795 3799 trism
825 3766 929 3797 non
952 3751 1080 3810 jam,
1109 3761 1164 3798 ut
1180 3760 1322 3797 antea
1341 3749 1555 3808 verebar,
1575 3766 1671 3798 ms·

651 3832 755 3890 jors
770 3843 917 3892 quam
933 3839 1116 3888 nostra,
1126 3828 1280 3877 videri
1297 3832 1669 3894 possuntAEhn.

729 3921 810 3955 υ.
824 3905 1019 3954 Phocis.
1041 3907 1138 3954 Sed
1157 3908 1330 3956 Bosius
1342 3911 1611 3964 minandi.
1626 3925 1671 3956 e.

650 4002 805 4041 casus,
827 3985 990 4033 ruina.
1004 3988 1177 4045 Vocat,
1192 3987 1372 4052 inquit,
1385 3988 1560 4037 Cicero
1574 3989 1673 4037 Cu-

651 4066 832 4113 riansm
848 4067 1024 4112 πτῶσιν
1037 4100 1052 4124 ,
1070 4065 1281 4115 dedecus
1296 4077 1344 4117 et
1357 4067 1672 4132 ignominiam

1741 2254 2101 2317 flagitiosissimi
2138 2255 2229 2303 viri
2257 2256 2320 2318 Q.
2353 2256 2516 2314 Curii,
2551 2256 2672 2318 qni,
2707 2267 2765 2306 ut

1742 2334 1886 2381 refert
1924 2334 2178 2382 Sallustius
2198 2372 2213 2397 ,
2251 2335 2318 2382 ob
2347 2333 2527 2399 probra
2561 2345 2612 2382 et
2639 2333 2763 2381 main

1742 2401 1955 2461 facinora
1983 2423 2144 2460 motus
2173 2415 2325 2460 suerat
2351 2425 2536 2462 senatu.
2570 2413 2763 2462 Phocis.

1741 2491 1973 2540 Alludere
1991 2491 2187 2539 videtur
2203 2492 2265 2539 ad
2279 2492 2542 2540 Phocidem
2566 2493 2768 2540 Graeciae

1741 2588 1769 2617 ιι
1821 2570 2050 2634 Philippo
2099 2587 2328 2618 eversam.
2370 2570 2469 2617 Alii
2514 2570 2768 2636 dubitant,

1743 2664 1896 2711 graece
1922 2664 1983 2696 an
2013 2649 2163 2696 latine
2198 2649 2371 2696 Cicero
2407 2648 2667 2711 scripserit.
2698 2675 2768 2686 -

1743 2727 2026 2776 Lectionem
2046 2723 2213 2783 πλοκὶς
2230 2730 2262 2776 J
2265 2727 2408 2774 nnius
2429 2726 2648 2775 defendit
2661 2763 2677 2785 ‚
2711 2738 2769 2775 ιιι

1743 2804 1905 2863 πλοκὶς
1931 2807 1994 2854 sit
2021 2807 2153 2855 idem
2182 2806 2316 2870 qnod
2355 2807 2666 2854 simelacrum
2678 2808 2768 2870 se-

1745 2901 1905 2933 neum.
1931 2885 2028 2932 Sed
2058 2888 2260 2933 omnino
2282 2873 2594 2949 'praeferenda
2621 2884 2770 2933 lectio

1748 2965 1971 3012 Bosiana.
1997 2966 2088 3011 En.
2108 2991 2179 3000 —-
2192 2963 2293 3011 Alii
2311 2962 2491 3011 habent
2509 2964 2586 3011 vel
2604 2960 2770 3020 πλοκὶς

1748 3060 1775 3091 e
1793 3044 1932 3100 MSS,
1942 3042 2015 3089 vel
2037 3046 2232 3102 πτῶσις,
2242 3041 2379 3106 quod
2393 3043 2505 3089 Sch.
2520 3043 2770 3107 amplexus

1748 3135 1843 3170 est.
1870 3123 1960 3170 Jac
1982 3124 2206 3172 Gronov.
2236 3122 2369 3181 coni.
2395 3122 2592 3178 Pte-eim
2614 3123 2773 3170 ‘Pum-

1752 3201 1858 3250 ull.
1885 3198 2120 3268 ἀριλότης.
2148 3205 2197 3251 J.
2217 3204 2282 3250 V.
2304 3202 2357 3249 L.

1829 3281 1908 3328 13.
1947 3279 2251 3344 Theophane.
2287 3280 2385 3341 Qui
2415 3279 2637 3344 Pompeii
2664 3296 2774 3327 sen-

1753 3376 1850 3417 sns,
1864 3369 1915 3407 et
1928 3359 2130 3406 consilia
2150 3370 2369 3407 noverat.
2387 3358 2539 3422 Epist.
2558 3368 2606 3415 4.
2625 3361 2770 3408 Mur.

1830 3446 1913 3493 ¹4·
1942 3436 2258 3486 Alaban-hes.
2286 3440 2395 3485 Hoc
2414 3438 2611 3486 nomine
2627 3442 2775 3487 Pom-

1752 3517 1915 3581 peium
1936 3528 2096 3572 notat,
2114 3516 2199 3578 qni
2220 3515 2514 3580 gloriabatur
2532 3534 2583 3564 se
2596 3518 2773 3564 mirum

1754 3597 1807 3642 in
1842 3595 2046 3644 modum
2084 3598 2272 3642 suxisse
2317 3596 2567 3659 vectigalia
2601 3596 2775 3659 populi

1756 3674 1963 3723 romani.
2018 3660 2215 3732 haga,
2260 3675 2423 3737 inquit
2469 3673 2774 3738 Hesychius,

1758 3752 1905 3818 μέλαν
1925 3744 1962 3816 ᾧ
1980 3749 2221 3819 γράφομεν
2235 3789 2248 3812 ,
2270 3751 2320 3799 id
2341 3763 2411 3799 est
2425 3786 2438 3810 ‚
2459 3763 2775 3801 ammentum

1759 3847 1859 3896 quo
1886 3831 2162 3890 scribimus3
2193 3832 2328 3879 unde
2351 3843 2400 3880 et
2421 3848 2515 3897 pro
2541 3832 2779 3896 scriptura

1759 3910 1864 3974 ipss
1889 3911 2150 3974 accipitur.
2180 3913 2295 3959 Bos.

1835 3991 1916 4039 15.
1938 3987 2081 4038 Κατὰ
2097 3989 2152 4038 τὸ
2173 3985 2502 4057 κηδεμονικόν.
2523 3991 2777 4039 Accnrste.

1839 4069 1921 4119 16.
1946 4056 2202 4126 Ῠποθτίκας
2228 4072 2547 4120 Documenta.
