3023 4773
595 405 731 487 242
1404 395 1920 469 PRAEFATIO

589 523 1000 597 Terentium,
1040 521 1153 586 sed
1187 543 1364 585 mera
1407 523 1736 586 insomnia
1771 519 2346 586 audacissimorum
2385 519 2734 587 hominum

591 632 794 696 simus
824 628 1132 693 habituri.

677 737 832 800 Haee
865 735 992 815 illi,
1030 750 1227 820 atque
1258 730 1359 796 his
1395 731 1668 797 fortasse
1700 732 1933 825 plura:
1973 754 2157 819 quoe,
2186 754 2394 821 quum
2429 733 2590 797 mihi
2632 734 2732 798 vi-

586 844 863 908 deantur
903 862 1021 929 per
1060 836 1316 903 delicias
1353 839 1572 927 potius
1615 857 1814 928 atque
1851 838 2160 927 ineptias,
2207 840 2478 904 occultae
2507 856 2727 905 tamen

582 946 986 1026 invidentiae,
1023 943 1137 1009 sed
1171 967 1317 1032 quae
1347 961 1680 1033 appareat,
1712 944 2093 1034 implicitas,
2123 965 2321 1032 quam
2343 966 2491 1008 vere
2525 961 2731 1033 atque

579 1056 865 1143 ingenue
896 1050 1139 1140 prolata
1157 1096 1176 1130 ,
1223 1048 1553 1113 deterrere
1594 1072 1702 1114 me
1739 1050 1823 1114 ab
1858 1049 1989 1115 hoc
2034 1065 2278 1114 conatu
2316 1071 2454 1113 nou
2489 1066 2729 1138 potue.-

582 1176 760 1225 runt.
809 1159 980 1224 Sunt
1032 1155 1207 1220 enim
1259 1154 1528 1244 quidam
1582 1178 1782 1220 sensu
1831 1156 1924 1220 sic
1964 1154 2351 1244 depravato,
2406 1173 2485 1220 ut
2520 1178 2730 1244 quum

579 1268 804 1332 alienoe
864 1263 1200 1329 industriae
1255 1261 1496 1325 babere
1553 1264 1821 1352 gratiam
1880 1261 2160 1327 debeant
2182 1309 2200 1344 ‚
2246 1260 2616 1326 invideant:
2664 1281 2732 1328 et

582 1371 762 1461 quod
817 1370 940 1459 ipsi
994 1383 1294 1457 praestare
1340 1389 1476 1431 non
1526 1384 1844 1455 possunt,
1896 1366 2209 1431 damnent
2248 1368 2317 1429 in
2357 1367 2497 1432 aliis
2531 1391 2548 1431 :
2589 1369 2730 1432 lau·

580 1477 862 1565 demque
887 1472 1250 1565 prudentiae
1274 1488 1471 1559 atque
1492 1471 1841 1553 doctrinae,
1870 1495 2007 1536 non
2034 1488 2168 1536 tam
2201 1473 2323 1560 ipsi
2355 1472 2728 1556 scribendo,

579 1608 775 1674 quam
816 1582 1092 1648 aliorum
1142 1579 1381 1667 scripta
1426 1578 1810 1644 insectando
1852 1595 2285 1667 aucupentur.
2339 1580 2473 1661 Qui
2509 1595 2727 1644 tamen

575 1690 697 1780 ipsi
735 1690 834 1777 (ut
864 1688 1065 1753 animi
1092 1684 1399 1750 morbum
1427 1683 1764 1774 agnoscas)
1792 1687 1845 1749 si
1880 1684 2043 1774 quid
2067 1686 2136 1749 in
2169 1707 2249 1749 eo
2276 1707 2514 1773 genere
2551 1687 2731 1749 forte
2792 1754 2797 1759 ,

578 1794 1082 1885 excogitaverint
1101 1840 1119 1873 ,
1151 1791 1280 1855 hoc
1309 1813 1443 1855 non
1483 1790 1688 1855 modo
1723 1815 1858 1855 non
1890 1791 2303 1856 dissimulant
2322 1840 2340 1867 ‚
2377 1813 2511 1854 non
2542 1813 2733 1855 com-

569 1905 901 1992 primunt,
931 1899 1045 1964 sed
1077 1886 1479 1987 quasi'llium
1513 1900 2061 1987 expugnaverint,
2089 1914 2458 1980 ostentant,
2493 1899 2732 1962 trium-

577 2011 823 2098 phant3
854 2028 975 2071 nec
1014 2005 1267 2086 minus,
1293 2026 1488 2092 quam
1526 2006 1641 2093 qui
1673 2005 2057 2070 thesaurum
2088 2006 2490 2087 invenerint,
2523 2009 2736 2071 exsul·

579 2131 766 2178 tant:
803 2129 880 2177 ut
919 2110 1355 2200 intelligamus
1404 2111 1547 2174 haec
1602 2132 1750 2194 eos,
1800 2132 1937 2175 non
1978 2110 2267 2193 judicio,
2321 2135 2530 2200 quum
2569 2112 2734 2178 hinc

580 2220 702 2284 sibi
739 2217 995 2284 laudem
1024 2232 1277 2305 petant3
1320 2213 1434 2279 sed
1466 2215 1875 2281 obtrectandi
1915 2216 2136 2302 studio
2173 2217 2453 2305 culpare.
2476 2218 2561 2282 Et
2589 2240 2736 2283 me-

579 2325 873 2407 hercule,
903 2323 960 2391 si
994 2346 1221 2391 verum
1253 2321 1467 2386 dicere
1502 2324 1807 2386 volumus
1827 2371 1844 2405 ,
1891 2324 2417 2412 quotusquisque
2459 2340 2559 2390 oet
2602 2326 2735 2390 ho-

575 2435 717 2516 die,
744 2435 857 2522 qui
888 2433 944 2496 si
978 2431 1046 2495 in
1080 2432 1298 2495 locum
1330 2428 1782 2519 depravatum,
1811 2429 1981 2496 inter
2006 2429 2359 2522 legendum
2388 2433 2691 2499 inciderit
2711 2484 2733 2515 ,

578 2562 712 2604 non
746 2539 1032 2628 primum
1064 2557 1230 2624 oegre
1264 2535 1460 2617 ferat,
1493 2537 1565 2598 in
1591 2537 1736 2624 ipso
1764 2538 1946 2624 quasi
1985 2540 2183 2602 eursu
2204 2585 2222 2621 ,
2258 2539 2442 2603 velut
2470 2539 2555 2605 ad
2584 2562 2734 2604 me-

574 2664 671 2712 tas
699 2641 1273 2711 adhaerescendum
1307 2642 1485 2706 esse?
1522 2641 1789 2726 deinde,
1813 2666 1897 2707 ne
1930 2644 2225 2708 lectionis
2257 2645 2476 2710 fructu
2509 2646 2732 2734 prive-

576 2769 715 2828 tur,
749 2749 957 2816 -semel
992 2765 1189 2836 atque
1221 2749 1462 2813 iterum
1509 2765 1752 2832 tentet,
1804 2751 1858 2814 si
1908 2772 2106 2838 quam
2150 2752 2472 2816 rationem
2522 2754 2734 2842 possit

579 2858 744 2921 inire
774 2853 1134 2945 explicandi
1166 2855 1304 2936 sui,
1331 2854 1684 2943 locumque
1715 2855 2123 2945 corrigendi?
2155 2874 2257 2937 et,
2285 2857 2340 2921 si
2372 2857 2440 2921 id
2468 2882 2540 2923 ex
2571 2880 2732 2923 seu-

576 2963 779 3028 tentia
810 2960 1155 3042 ceciderit,
1195 2983 1331 3028 non
1370 2961 1793 3029 vehementer
1824 2961 2097 3046 laetetur,
2140 2986 2274 3028 non
2326 2963 2529 3029 modo
2571 2966 2732 3084 quia

576 3086 860 3134 mentem
899 3067 1185 3133 auctoris
1220 3079 1609 3157 assequutus
1656 3069 1771 3149 sit,
1811 3067 1925 3132 sed
1979 3070 2188 3133 multo
2243 3070 2436 3134 etiam
2482 3072 2729 3159 magis,

575 3178 725 3264 quia
747 3192 977 3240 auctor
1007 3174 1143 3263 ipse
1175 3172 1297 3237 sibi
1328 3174 1669 3238 sententioe
1695 3173 1869 3238 illius
1889 3173 2381 3262 quodammodo
2404 3174 2727 3258 videatur,

576 3282 681 3345 cui
727 3283 812 3348 in¹
848 3294 1137 3344 mentem
1176 3277 1396 3342 venire
1437 3280 1762 3366 potuerit,
1803 3278 1985 3368 quod
2032 3293 2099 3344 et
2138 3281 2227 3344 illi
2274 3281 2444 3370 ipsi?
2474 3282 2726 3346 Natura

577 3400 1022 3475 comparatum
1059 3399 1156 3448 est
1191 3382 1348 3464 hoc,
1385 3399 1483 3472 et,
1530 3401 1606 3447 ut
1641 3383 2081 3474 cognoscendi
2119 3386 2444 3475 cupiditas
2464 3434 2482 3470 ‚
2530 3387 2728 3453 nobis

574 3493 835 3580 penitus
877 3491 1166 3555 insitum.
1208 3492 1312 3554 An
1360 3512 1516 3554 vero
1568 3506 1814 3555 naturae
1862 3514 2030 3580 opus
2068 3515 2208 3557 esse
2242 3516 2596 3583 negemus,
2637 3494 2727 3558 ad

574 3596 752 3686 quod
797 3620 980 3687 aeque
1021 3615 1250 3661 omnes
1288 3595 1613 3660 desiderio
1642 3596 1794 3661 duci
1828 3599 2190 3662 fateamur?
2217 3601 2395 3690 Ergo
2427 3601 2728 3665 animum

572 3703 882 3769 inducere
918 3704 1425 3802 sustinebimus,
1457 3720 1535 3767 ut
1566 3725 1805 3770 messes
1840 3706 2290 3794 improbemus
2336 3706 2507 3789 illas,
2561 3731 2732 3796 qua-

570 3833 722 3873 rum
752 3828 1104 3875 sementem
1150 3811 1218 3874 in
1253 3809 1444 3875 nobis
1478 3810 1563 3873 ab
1595 3810 1733 3899 ipsa
1774 3810 1910 3876 fieri
1946 3812 2346 3877 sentiamus?
2390 3812 2727 3879 Nimirum

570 3915 897 4005 pravitatis
930 3915 1136 4001 hujus
1171 3915 1322 3981 fons
1354 3933 1555 4005 atque
1583 3917 1805 4005 origo,
1835 3917 1999 3981 livor
2035 3935 2151 3982 est.
2183 3919 2350 3983 Nam
2378 3918 2465 3983 de
2484 3919 2586 4002 iis,
2604 3923 2728 4008 qui

567 4043 793 4087 sensus
824 4019 1199 4085 infirmitate
1218 4039 1416 4110 atque
1436 4022 1876 4087 imbecillitate
1901 4022 2320 4113 delinquunt,
2344 4024 2506 4089 nihil
2526 4026 2732 4113 plane

571 4129 886 4197 dicimus:
916 4128 1029 4216 qui
1064 4150 1461 4215 quamquam
1499 4130 1715 4194 minus
1746 4147 1901 4194 sunt
1930 4130 2175 4214 odiosi,
2209 4155 2404 4221 quam
2436 4133 2551 4221 qui
2580 4155 2728 4198 ma-
