3023 4773
1229 372 1322 439 M.
1370 374 1444 439 T.
1503 375 2090 446 CICERONIS

592 488 870 557 Etenim
910 513 1138 585 quum
1174 491 1437 562 multos
1473 493 1624 565 dies
1655 520 1864 567 aures
1900 521 2097 568 meas
2134 498 2439 568 Acutilio
2484 498 2717 571 dedis·

591 605 741 667 sein
765 597 1015 692 (cujus
1047 603 1397 672 sermonis
1432 627 1661 700 genus
1698 605 1829 676 tibi
1862 622 2122 677 notum
2164 632 2319 678 esse
2353 607 2716 703 arbitror),

592 731 744 776 non
780 707 954 777 mihi
994 734 1206 805 grave
1241 710 1608 784 duxissem
1636 717 1948 787 scribere
1974 716 2064 787 ad
2100 732 2168 788 te
2199 717 2289 788 de
2318 718 2508 789 illius
2540 745 2717 815 que-

587 816 953 903 rimoniiS‚
994 843 1220 914 quum
1263 844 1380 891 eas
1433 823 1717 910 audire,
1764 825 1966 921 quod
2010 842 2161 897 erat
2202 822 2709 913 subodiosum‚

587 922 742 993 leve
781 939 1165 1020 putassem.
1201 927 1338 999 Sed
1364 930 1492 1001 abs
1520 946 1590 1002 te
1618 935 1776 1030 ipso
1800 989 1818 1021 ‚
1864 937 1991 1032 qui
2023 962 2138 1008 me
2174 962 2498 1026 accusa5‚
2528 963 2709 1009 unas

586 1031 758 1101 mihi
807 1037 983 1105 scito
1020 1035 1257 1108 literas
1290 1039 1603 1112 redditas
1635 1069 1824 1132 esse,
1865 1070 2093 1141 quum
2131 1063 2201 1117 et
2238 1049 2366 1117 otii
2411 1048 2496 1118 ad
2537 1052 2708 1119 scri-

581 1141 908 1213 bendum
939 1144 1135 1241 plus,
1167 1164 1239 1219 et
1270 1146 1682 1223 facultatem
1711 1154 1931 1224 dandi
1966 1157 2309 1250 majorem
2346 1157 2703 1230 habueris.

679 1252 891 1339 Quod
936 1253 1221 1341 scribis,
1268 1261 1544 1331 etiamsi
1588 1264 1794 1358 cujus
1837 1266 2119 1335 animus
2157 1267 2231 1335 in
2264 1281 2335 1337 te
2374 1283 2560 1338 esset
2596 1267 2707 1338 of-

582 1360 872 1446 fensior,
901 1388 941 1432 a
973 1389 1087 1435 me
1122 1366 1441 1466 recolligi
1480 1387 1852 1468 oportere:
1895 1373 2069 1470 quid
2108 1374 2433 1446 dicas¹¹P
2474 1401 2711 1472 neque

581 1468 655 1537 id
706 1470 985 1567 neglexi
1027 1501 1041 1542 ε
1087 1474 1214 1545 sed
1262 1492 1367 1547 est
1413 1481 1598 1550 miro
1654 1482 1968 1577 quodam
2023 1484 2244 1555 modo
2303 1483 2706 1556 affectus12.

580 1581 730 1674 Ego
769 1598 1051 1669 autem,
1091 1609 1250 1680 quae
1290 1586 1594 1658 dicenda
1630 1588 1926 1663 fuerunt
1961 1592 2051 1664 de
2095 1609 2166 1665 te
2197 1620 2346 1665 nou
2376 1597 2703 1693 praeterii.

585 1689 780 1777 Quid
814 1707 1054 1760 autem
1093 1696 1688 1769 contendendum
1714 1698 1771 1743 ¹³
1817 1717 1999 1773 esset
2023 1757 2041 1788 ,
2090 1729 2176 1773 ex
2210 1717 2333 1773 tua
2366 1703 2705 1801 putabam

581 1799 951 1871 voluntate
996 1815 1306 1874 statuere
1359 1815 1825 1902 oportere¹4:
1869 1837 2087 1908 quam
2138 1814 2195 1883 si
2251 1812 2341 1883 ad
2382 1840 2497 1883 me
2549 1838 2709 1910 per-

579 1913 942 2007 scripseris
968 1966 986 1998 ‚
1032 1912 1386 2019 intelliges
1413 1942 1531 1987 me
1561 1943 1800 2015 neque
1828 1920 2356 2017 diligentiorem
2396 1948 2548 1994 esse
2577 1949 2707 1993 vo-

572 2015 827 2106 luisse,
881 2046 1096 2116 quam
1153 2037 1234 2092 tu
1295 2050 1525 2114 esseS‚
1575 2053 1815 2126 neque
1869 2032 2465 2128 negligentiorem
2513 2031 2708 2121 fore,

580 2152 798 2223 quam
829 2144 908 2199 tu
940 2132 1136 2201 velis.

567 2302 570 2307 ,
666 2241 773 2307 De
811 2236 1123 2310 Tadiana
1169 2267 1249 2312 re
1282 2241 1366 2331 ¹⁵,
1422 2271 1713 2335 mecum„
1746 2251 2010 2322 Tadius
2055 2253 2404 2349 loquutus
2454 2267 2593 2339 est,
2637 2269 2708 2324 te

606 366 739 435 282

572 2423 830 2486 Pomponii
845 2425 1045 2486 gratiam
1066 2427 1305 2490 patienter
1324 2428 1591 2480 devoravit.

576 2502 786 2550 Munna
1381 2515 1389 2523 '

648 2605 726 2636 11.
772 2591 904 2652 Quid
922 2591 1072 2639 dieas.
1111 2594 1323 2655 Quidam
1352 2607 1589 2658 putarunt

569 2667 650 2715 hic
685 2668 892 2733 ellipsim
931 2686 1060 2729 esse,
1088 2671 1139 2718 iu
1170 2689 1264 2735 qua
1291 2663 1617 2738 desideratur}

567 2747 768 2794 verbum
793 2748 1006 2812 intelligo
1019 2749 1121 2807 ,vel
1144 2750 1291 2798 video
1306 2785 1322 2810 ‚
1340 2751 1525 2800 scilieet
1545 2765 1590 2800 te

495 2889 498 2890 ⁷
569 2843 735 2873 rursus
757 2843 834 2874 me
857 2843 1081 2875 accusare
1118 2828 1420 2892 negligentiae
1449 2833 1499 2878 in
1530 2847 1589 2878 eo

565 2907 700 2969 quod
725 2906 982 2953 Lucceium
1010 2906 1100 2954 tibi
1122 2923 1223 2954 nou
1252 2910 1586 2957 reconciliavi:

459 2991 466 3002 “
567 2986 705 3048 quod
727 2985 887 3048 ipsum
928 2997 1091 3033 tamen
1133 2986 1331 3033 minime
1375 2989 1586 3050 neglexi.

569 3065 721 3129 Epist.
746 3080 771 3123 7
803 3074 851 3111 et
877 3079 896 3110 1
913 3078 956 3110 1.
981 3066 1179 3113 Portu.
1202 3092 1271 3101 —-
1305 3065 1438 3126 Quid
1457 3066 1590 3113 dicas

567 3154 637 3191 est
660 3142 776 3189 vide
802 3142 927 3206 quid
944 3143 1079 3189 dicas
1098 3176 1112 3200 ‚
1140 3142 1179 3189 si
1196 3158 1270 3190 me
1284 3143 1590 3207 negligentiae

563 3223 839 3270 insimulare
853 3221 986 3269 velis.
1007 3224 1286 3269 Mun-r.—
1296 3222 1410 3270 Sch.
1430 3222 1589 3270 voluit

567 3303 792 3366 supplere
817 3300 940 3356 scio,
971 3300 1105 3363 quod
1141 3302 1189 3348 J.
1215 3303 1277 3347 V.
1303 3302 1359 3347 L.
1386 3303 1588 3350 omnino

563 3380 824 3444 improbat.
839 3380 931 3427 Sed
947 3378 1070 3426 nihil
1091 3379 1391 3437 mutandum,
1403 3393 1588 3428 servata

564 3471 723 3507 tamen
743 3458 1142 3522 ‘interrogationis
1167 3469 1301 3506 nota.
1320 3458 1410 3506 En.

635 3554 715 3585 12.
751 3536 989 3603 Affectus.
1037 3537 1270 3585 Lucceius
1309 3548 1381 3585 est
1422 3538 1585 3586 animo

558 3617 852 3673 abalienato,
875 3633 1035 3680 neque
1059 3617 1172 3664 satis
1196 3616 1405 3663 declarat
1425 3652 1440 3678 ‚
1464 3618 1585 3679 quid

561 3711 715 3742 causae
743 3694 898 3742 subsit
920 3710 934 3743 :
972 3705 1124 3743 tectus
1143 3707 1243 3756 est,
1268 3711 1368 3742 nou
1397 3699 1583 3759 aperire

559 3774 663 3820 vult
682 3789 790 3836 quae
808 3789 882 3820 res
895 3775 1107 3822 animum
1122 3791 1262 3823 suum
1284 3774 1586 3822 abalienarit.

563 3852 778 3899 Maur.

637 3930 714 3976 13.
792 3929 1200 3978 contendendum.
1267 3931 1582 3979 Balliolenses

558 4009 851 4056 membrana
889 4025 990 4055 non
1017 4009 1180 4073 inepte
1203 4026 1217 4057 ε
1238 4032 1261 4051 ‹-
1277 4010 1396 4073 quid
1422 4022 1581 4059 autem

556 4085 926 4137 concedendum
953 4097 1075 4134 esset
1111 4108 1132 4128 ·
1158 4102 1172 4137 :
1201 4089 1252 4135 iu
1275 4089 1334 4136 iis
1357 4105 1466 4152 quae
1497 4106 1583 4152 pe·

1680 2434 1811 2481 tebat
1821 2436 2074 2497 Lucceius,
2095 2448 2300 2501 propter
2316 2453 2424 2500 quae
2441 2438 2708 2485 simultates

1677 2513 1774 2560 illae
1812 2514 1938 2562 inter
1974 2516 2191 2563 Atticum
2226 2528 2275 2564 et
2307 2518 2564 2564 Lucceium
2605 2527 2707 2564 erat

1678 2602 1813 2639 ortae.
1846 2594 2022 2641 GMw.

1757 2679 1835 2726 14.
1872 2672 2150 2728 ,Voluneaee
2206 2684 2418 2720 statuere
2458 2685 2701 2736 oportere.

1678 2749 1934 2796 Edendum
1948 2751 2112 2797 curavi
2123 2785 2137 2810 ,
2153 2766 2228 2796 me
2241 2738 2456 2798 statuere
2468 2764 2705 2814 oportere,

1679 2827 1864 2874 codicis
1912 2830 2207 2877 Turnebiaui
2255 2830 2509 2893 scripturae
2552 2832 2702 2877 vesti-

1678 2907 1808 2969 gium
1829 2918 2080 2969 sequutus.
2110 2909 2274 2955 Luni.

1754 2987 1836 3033 15.
1875 2988 1950 3033 De
1992 2987 2218 3034 Tadiana
2263 3002 2331 3033 re.
2372 2987 2704 3035 Hereditatem

1679 3065 1934 3127 quamdam
1955 3099 1969 3122 ‚
2024 3082 2132 3129 quae
2175 3065 2354 3129 puellae
2401 3065 2669 3114 obvenerat
2686 3101 2704 3124 ,

1679 3159 1831 3205 quum
1871 3156 1994 3191 esset
2022 3144 2073 3191 in
2100 3156 2388 3207 agnatorum
2414 3144 2583 3202 tutela,
2606 3147 2701 3191 Ta·

1678 3222 1788 3269 dius
1805 3222 2053 3269 biennium
2065 3257 2079 3280 ‚
2098 3234 2181 3271 aut
2201 3224 2386 3271 diutius
2403 3223 2698 3287 possederat,

1677 3301 1842 3363 quoad
1872 3304 1986 3349 satis
2007 3314 2131 3350 esset
2156 3303 2218 3350 ad
2246 3301 2563 3350 inducendam
2587 3302 2695 3360 eius

1676 3379 1956 3430 hereditatis
1982 3383 2345 3444 usucapionem.
2370 3384 2482 3429 Eam
2501 3379 2697 3427 heredi·
2789 3375 2793 3378 ’

1678 3468 1823 3506 tatem
1846 3475 1993 3523 quum
2012 3460 2204 3508 aTndio
2218 3461 2393 3524 puellae
2410 3459 2566 3523 agnati
2581 3459 2697 3521 ,qui

1676 3539 1875 3586 tutelam
1891 3541 1994 3600 ejus
2014 3539 2270 3602 gerebant,
2288 3549 2558 3603 repeterent
2572 3572 2588 3594 ‚
2607 3541 2698 3584 At·

1675 3616 1801 3663 ticus
1826 3633 1929 3664 eam
1963 3628 2247 3681 usucaptam
2273 3616 2492 3681 putabat.
2524 3618 2699 3664 Cicero

1675 3710 1792 3742 vero
1821 3694 2084 3744 mirabatur
2121 3696 2369 3760 ignorasse
2394 3696 2617 3746 Atticum
2647 3697 2698 3741 in

1672 3772 1952 3832 hujusmodi
1982 3792 2032 3822 re
2057 3775 2402 3839 usucapionem
2428 3774 2699 3837 procedere

1672 3852 1970 3914 nequivisse,
1992 3869 2140 3917 quum
2168 3853 2227 3901 de
2255 3854 2431 3906 tutela,
2457 3852 2508 3899 id
2528 3864 2621 3912 est,
2639 3853 2701 3900 de

1673 3947 1724 3977 re
1743 3931 1919 3993 pupilli
1932 3933 2215 3995 pupillaeve,
2232 3932 2353 3979 nihil
2371 3933 2573 3994 usucapi
2586 3949 2701 3995 pos·

1673 4019 1765 4057 set.
1811 4011 1937 4059 Nam
1961 4028 2113 4074 quum
2157 4028 2232 4059 res
2280 4010 2583 4076 pupillorum
2610 4027 2697 4057 ue-

1673 4101 1851 4151 queaut
1873 4090 1976 4137 sinc
1993 4091 2190 4140 decreto
2204 4090 2427 4151 alienari,
2444 4089 2698 4139 fatendum
