3023 4773
489 404 1018 477 EPISTOLAE
1066 405 1201 472 AD
1249 403 2358 503 ATTICUM‚111‚15.447

250 533 326 601 in
353 528 628 627 populo
663 522 1006 622 rogando,
1036 522 1293 613 Quod,
1321 527 1456 594 nisi
1486 524 1912 596 nominatim
1942 551 2223 598 mecum
2255 531 2369 625 agi

253 653 567 736 coeptum
600 649 831 719 esset,
878 632 1034 704 fieri
1072 620 1554 729 perniciosum
1583 633 1739 706 fuit.
1775 636 1908 706 Sed
1937 661 2159 761 pergo
2199 662 2371 735 prae-

255 750 479 819 terita.
516 751 1029 817 Verumtamen
1068 742 1165 814 ob
1203 742 1389 813 hanc
1417 768 1739 831 causam,
1767 759 1890 831 ut,
1925 748 1984 817 si
2013 747 2190 843 quid
2214 773 2372 844 age-

256 873 370 928 tur
394 853 481 939 ¹⁸,
511 857 739 953 legem
772 854 1005 940 illam,
1044 855 1118 923 in
1166 877 1310 951 qua
1344 853 1722 951 popularia
1759 856 1984 927 multa
2023 872 2233 945 sunt,
2274 883 2369 929 ne

252 967 556 1062 tangatis
581 975 664 1034 ¹9.
723 967 995 1034 Verum
1035 976 1142 1034 est
1184 964 1520 1050 stultum,
1562 988 1678 1035 me
1714 968 2138 1063 praecipere,
2193 966 2370 1063 quid

250 1077 513 1173 agatis,
554 1088 680 1145 aut
715 1097 863 1169 quo
904 1071 1144 1144 modo.
1186 1074 1472 1144 Utinam
1514 1073 1731 1144 modo
1781 1089 2036 1170 agatur
2072 1075 2371 1173 aliquid!

251 1189 324 1255 in
362 1210 512 1282 quo
550 1189 704 1281 ipso
721 1179 952 1253 multa
977 1181 1352 1253 occultant
1372 1196 1515 1251 tuae
1546 1182 1799 1269 literae,
1839 1182 2092 1268 cred0‚
2126 1209 2221 1254 ne
2246 1210 2371 1255 ve-

254 1295 662 1367 hementius
706 1292 1207 1390 desperatione
1249 1290 1653 1390 perturber.
1701 1292 1896 1383 Quid
1933 1293 2126 1362 enim
2173 1292 2373 1364 vides

252 1407 363 1501 agi
398 1391 641 1502 posse,
690 1417 816 1474 aut
858 1426 1007 1497 quo
1056 1399 1327 1472 modo?
1378 1424 1508 1496 per
1543 1402 2018 1471 senatumne?
2069 1417 2176 1472 ast
2219 1416 2371 1472 tute

252 1516 590 1613 scripsisti
642 1510 732 1583 ad
764 1537 913 1598 me,
957 1509 1323 1608 quoddam
1343 1521 1408 1552 ²⁰
1447 1524 1665 1607 caput
1699 1511 1874 1605 legis
1912 1509 2250 1581 Clodium
2294 1514 2371 1581 in

255 1625 463 1696 curiae
492 1638 694 1721 poste
716 1621 984 1706 fixisse,
1023 1645 1115 1690 ne
1141 1618 1428 1705 referri,
1456 1644 1640 1690 neve
1663 1619 1877 1689 dicia¹
1913 1619 2178 1690 liceret.
2204 1624 2371 1710 Quo

254 1733 472 1804 modo
499 1737 714 1829 igitur
738 1731 1172 1801 Domitius„
1206 1754 1281 1799 se
1310 1728 1487 1799 dixit
1510 1729 1902 1800 relaturum
1922 1728 2123 1825 ?·quo
2150 1729 2373 1802 modo

254 1857 532 1926 autem,
561 1843 675 1926 iis,
714 1863 897 1934 quos
926 1853 1008 1908 tu
1038 1837 1320 1922 scribis,
1356 1851 1431 1907 et
1459 1835 1551 1908 de
1590 1835 1746 1910 re²3
1787 1836 2232 1925 dicentib⁴u5‚
2264 1854 2378 1925 et,

253 1967 337 2024 ut
386 1949 813 2032 referretur,
867 1946 1442 2043 postulantibus,
1497 1947 1797 2018 Clodius
1835 1949 2104 2018 tacuit?
2140 1954 2271 2033 Ac,
2316 1951 2375 2019 si

255 2084 389 2155 per
418 2058 812 2156 populum,
840 2058 1237 2154 poteritne,
1273 2056 1411 2126 nisi
1442 2054 1533 2126 de
1557 2058 1882 2126 omnium
1912 2056 2374 2132 tribunorum

252 2165 488 2263 plebis
525 2166 922 2237 sententia?
963 2164 1155 2255 Quid
1189 2164 1287 2238 de
1314 2163 1659 2235 honis24?
1690 2165 1867 2260 quid
1906 2163 2074 2237 de²⁵
2105 2167 2375 2239 domo?

254 2277 618 2373 poteritne
667 2275 992 2347 restitui?
1038 2289 1198 2361 aut,
1253 2276 1312 2344 si
1347 2299 1496 2344 non
1543 2275 1844 2370 poterit,
1896 2291 2180 2370 egomet
2227 2302 2379 2373 quo

254 2385 475 2457 modo
513 2386 815 2483 potero?
849 2391 1012 2457 Haec
1043 2385 1179 2455 nisi
1206 2383 1403 2456 vides
1430 2382 1794 2482 expediri,
1824 2409 2045 2481 quam
2074 2389 2149 2457 in
2174 2412 2377 2485 spem

253 2622 309 2659 tu
322 2621 532 2666 mutato,
546 2610 785 2674 populum
803 2610 1018 2674 rogavit,
1037 2626 1098 2657 ne
1114 2609 1269 2674 legem
1357 2609 1493 2674 quod
1518 2609 1691 2668 fuerit,
1720 2609 1897 2658 diserte
1926 2611 2062 2661 dicit.
2091 2614 2234 2663 Unde
2259 2631 2378 2663 eon-

256 2690 453 2752 perferri
476 2690 672 2737 sineret.
703 2689 851 2751 Quod
873 2689 917 2736 ei
944 2689 1269 2752 perniciosum
1354 2689 1463 2750 jicit
1479 2687 1899 2752 idem,«⁸eripsisti
1913 2690 1976 2737 ad
1989 2708 2066 2739 me
2079 2694 2325 2755 qnondam
2335 2718 2377 2754 ιι,

257 2769 367 2816 tuit.
385 2767 625 2832 Populum
642 2768 771 2816 enim
785 2768 1021 2826 offendit,
1042 2784 1193 2830 quum
1212 2767 1272 2815 de

252 2847 545 2911 antiquanda
565 2862 620 2895 ea
637 2846 740 2909 lege
757 2848 971 2910 rogavit,
994 2848 1047 2893 in
1065 2862 1160 2910 qua
1178 2861 1270 2910 po-

256 2927 440 2990 pularia
464 2929 615 2976 multa
635 2926 696 2974 de
714 2926 949 2974 industria
973 2927 1172 2977 Clodius
1189 2925 1273 2974 ad-

255 3005 524 3054 miscuerat.
556 3007 710 3055 Mur.

336 3086 414 3132 18.
447 3085 499 3132 Si
538 3083 662 3148 quid
690 3094 880 3149 agetur.
919 3083 971 3130 Si
1006 3080 1127 3146 quid
1162 3098 1272 3146 nge-

254 3163 318 3209 tie
345 3161 405 3210 de
423 3163 573 3211 salute
594 3180 713 3213 mea.
734 3165 884 3212 ῐιιιιι.
906 3189 975 3198 -
991 3161 1273 3225 Vulg-age·

252 3251 406 3289 retur.
443 3242 573 3290 Male
602 3258 615 3291 ε
661 3258 771 3290 nam
799 3240 1271 3305 sequitui-,tangatia

252 3321 443 3367 Ernest.
463 3333 656 3385 agatur.
679 3323 727 3369 J.
750 3322 814 3368 V.
839 3323 896 3369 L.

330 3414 412 3462 ¹9·
463 3401 538 3448 Ne
587 3399 818 3465 tangatis.
863 3399 1103 3456 Primum,
1160 3398 1272 3460 quia

251 3479 543 3526 nominatim
568 3480 618 3526 in
643 3495 697 3526 ea
717 3491 887 3527 contra
914 3494 991 3525 me
1016 3476 1141 3524 nihil
1164 3488 1235 3524 est
1256 3491 1271 3524 :

251 3556 434 3604 deinde
448 3592 462 3615 ‚
486 3559 623 3620 quia,
645 3556 929 3622 popularem
950 3556 1104 3621 legem
1123 3556 1271 3603 abro-

251 3650 392 3698 gare,
425 3647 506 3682 aut
533 3634 771 3685 influunt-e
795 3636 838 3683 si
858 3636 1036 3693 vultis,
1061 3635 1274 3700 populus

250 3714 549 3762 offendetur.
580 3716 795 3764 Alteram
816 3715 987 3778 igitur,
1015 3711 1273 3779 dnte'ope·

250 3808 356 3838 ram
373 3828 388 3852 ‚
416 3802 469 3839 ut
494 3793 771 3857 abrogetis:
806 3793 1005 3856 quando
1037 3804 1086 3840 et
1116 3794 1274 3841 minus

251 3871 506 3935 popularis
523 3906 540 3931 .,
578 3884 626 3920 et
659 3873 947 3920 nominatim
986 3885 1157 3921 eontra
1199 3889 1275 3920 me

247 3960 329 3996 eat
352 3962 365 3996 :
396 3951 605 4013 priorem
631 3968 692 3999 ne
719 3952 919 4015 tangite.
950 3952 1097 4000 MAu.

332 4042 413 4073 3ο.
444 4029 701 4090 Quoddam
730 4046 897 4078 verum
922 4047 1025 4078 esee
1058 4046 1158 4077 non
1186 4045 1276 4093 po·

251 4115 354 4152 test
374 4138 389 4161 ‚
417 4108 606 4157 Erneet.
634 4108 826 4167 judice:
851 4125 959 4156 nam
988 4109 1109 4156 illud
1130 4120 1276 4171 caput

1358 2783 1532 2830 nempe
1550 2769 1600 2814 in
1620 2783 1674 2815 ea
1695 2768 1926 2832 epistola,
1952 2772 2030 2816 cui
2051 2773 2310 2834 respondet
2325 2775 2378 2820 in

1357 2861 1438 2909 ep.
1476 2862 1555 2893 ι3.
1585 2849 1744 2909 Quam
1768 2846 2153 2897 emendationem
2175 2849 2376 2900 Sehfitz.

1358 2926 1557 2988 recepit.
1581 2928 1725 2971 Forte
1742 2924 2083 2975 confidentius.
2098 2931 2130 2976 J
2132 2964 2147 2976 .
2166 2931 2231 2979 V.
2252 2931 2304 2976 L.

1430 3019 1516 3050 3ῐ.
1545 3004 1623 3050 Ne
1648 3001 1840 3067 referri,
1873 3019 1986 3050 neve
2012 3004 2127 3053 dici.
2161 3007 2375 3054 Primum

1358 3082 1591 3140 refertur-3
1607 3075 1618 3081 ’
1633 3080 1808 3130 deinde
1848 3079 2079 3129 dicuntur
2114 3083 2166 3129 in
2204 3096 2376 3133 senatu

1358 3161 1606 3209 sententian
1623 3193 1637 3217 ,
1661 3172 1861 3224 rogante
1883 3172 2129 3210 senatores
2150 3163 2378 3223 contule,

1359 3251 1441 3287 aut
1463 3256 1524 3287 eo
1541 3274 1556 3298 ‚
1579 3240 1666 3303 qui
1687 3251 1906 3287 senatum
1933 3239 2095 3305 habet.
2122 3242 2270 3290 Mn«.

1432 3333 1516 3366 22.
1545 3317 1793 3365 Domitius.
1821 3318 2064 3366 Domitius
2093 3320 2380 3368 Ahenobar-

1358 3396 1477 3455 bus,
1500 3398 1586 3460 qui
1607 3398 1703 3445 hoe
1723 3412 1851 3445 anno
1874 3407 2129 3460 praeturam
2155 3399 2375 3460 gerebat,

1360 3487 1415 3523 ut
1432 3493 1495 3523 ex
1513 3477 1732 3524 Suetonii
1751 3480 1782 3526 J
1787 3477 1910 3534 ulio,
1932 3488 1979 3523 et
2003 3493 2065 3524 ex
2091 3477 2292 3541 epistola
2316 3495 2343 3525 3
2360 3513 2377 3538 ‚

1359 3554 1449 3603 lib.
1494 3557 1549 3614 Ι,
1586 3555 1649 3602 ad
1689 3557 1754 3617 Q.
1786 3555 1975 3603 fratrem
2000 3590 2014 3613 ,
2043 3557 2379 3619 eognovimus.

1360 3637 1514 3681 lux.
1919 3642 1984 3685 ,A

1433 3714 1520 3760 33.
1541 3714 1616 3758 De
1631 3728 1702 3760 re.
1722 3713 1796 3761 De
1813 3729 1889 3760 me
1907 3712 2205 3761 revocando.
2229 3716 2375 3763 luxu.

1434 3800 1518 3848 34.
1546 3792 1621 3837 De
1638 3791 1791 3838 bonis.
1817 3793 1863 3837 A
1887 3791 2063 3838 Clodio
2087 3792 2378 3854 publicatis?

1362 3885 1571 3933 quorum
1584 3880 1742 3916 tamen
1763 3876 1912 3916 nemo'
1925 3885 2020 3915 rem
2041 3868 2184 3917 ullani
2204 3870 2384 3936 attigit,

1364 3951 1445 4014 qui
1468 3964 1582 3996 ἰιοιι
1617 3950 1835 3997 omnium
1859 3949 2048 4009 judicio
2075 3951 2380 4000 sceleratissi-

1365 4045 1471 4077 mus
1483 4029 1548 4075 sit
1561 4028 1772 4076 habitus.
1787 4030 1925 4077 Orat.
1940 4045 2033 4093 pro
2055 4031 2197 4080 Dom.
2219 4033 2378 4081 Coun.

1439 4108 1522 4155 35.
1557 4110 1631 4154 De
1664 4108 1826 4156 domo.
1866 4112 1910 4157 A
1943 4106 2122 4158 Clodio
2153 4110 2385 4158 Liberuti
