3023 4773
708 412 853 484 630
1337 415 1433 482 M.
1485 417 1563 482 T.
1619 416 2213 500 CICERONIS

708 538 885 624 tius;
941 559 1101 632 quae
1143 532 1284 606 fert
1317 536 1462 606 vita
1502 534 1882 607 hominum
1916 533 1998 607 ¹⁵.
2051 537 2281 626 Quid,
2307 538 2379 608 'si
2428 539 2609 635 quid
2661 538 2857 612 filius

709 671 931 744 puer,
967 659 1040 717 et
1076 669 1261 743 puer
1282 644 1472 717 bene
1500 644 1639 716 sibi
1663 644 1941 717 fidens?
1976 650 2102 744 qui
2132 662 2316 719 esset
2347 647 2604 720 dolor?
2626 675 2852 747 quem

708 769 912 853 pater
947 780 1096 826 non
1139 754 1547 826 dimittebat
1568 753 1671 800 ¹⁶·
1655 811 1674 844 ,
1734 771 1955 854 teque
1979 757 2049 828 id
2088 769 2461 830 censere¹⁷
2488 814 2507 846 ,
2542 760 2856 832 moleste

708 863 1009 938 ferebat.
1056 869 1148 937 At
1202 891 1398 937 nunc
1453 867 1755 954 Coelius»,
1799 893 1951 939 non
1994 868 2159 940 dico
2223 870 2603 967 equidem,
2674 872 2852 969 quid

709 978 936 1070 egerit
972 968 1073 1062 ¹⁸3
1107 974 1233 1047 sed
1261 989 1500 1047 tamen
1536 979 1770 1049 multo
1804 983 2043 1049 minus
2078 977 2350 1050 laboro.
2382 979 2590 1052 Adde
2629 981 2847 1053 illud:

713 1088 1138 1184 Pompeius,
1176 1111 1265 1157 eo
1302 1084 1567 1157 robore
1608 1090 1751 1174 vir,
1797 1089 1882 1159 iis
1926 1087 2325 1176 radicibuS‚
2391 1092 2477 1180 Q.
2522 1094 2847 1162 Cassium

712 1199 868 1266 sine
903 1210 1096 1266 sorte
1123 1195 1422 1294 delegit,
1468 1199 1702 1269 Caesar
1741 1204 2166 1288 Antonium3
2210 1224 2344 1297 ego
2374 1216 2571 1272 sorte
2603 1201 2849 1272 datum

712 1306 1213 1381 offenderem?
1241 1325 1327 1383 ut
1360 1312 1662 1383 etiam¹9
1692 1316 2094 1411 inquireret
2120 1318 2196 1384 in
2224 1339 2429 1402 eum,
2471 1341 2700 1412 quem
2735 1342 2848 1388 re-

714 1417 1084 1516 liquissem
1113 1420 1142 1490 i>
1164 1424 1320 1492 Hoc
1350 1422 1611 1495 melius
1625 1434 1734 1514 ²⁰3
1771 1439 1844 1496 et
1868 1425 2092 1519 hujus
2115 1430 2220 1497 rei
2253 1425 2459 1523 plura
2484 1427 2846 1525 exempla:

714 1533 1069 1601 senectuti
1108 1531 1404 1628 quidem
1449 1548 1710 1605 nostra*¹
1751 1532 2077 1632 profecto
2119 1538 2373 1634 aptius.
2413 1542 2509 1609 At
2548 1552 2626 1608 te
2659 1538 2850 1636 apud

714 1663 921 1726 eum,
962 1638 1061 1711 dii
1102 1639 1342 1713 bonii!
1412 1657 1683 1740 quanta
1727 1645 1802 1714 in
1857 1646 2077 1743 gratia
2145 1647 2405 1744 posui?
2453 1648 2675 1744 eique
2721 1649 2852 1745 legi

706 1748 958 1822 'literas
994 1778 1143 1822 non
1183 1767 1381 1841 tuas,
1422 1753 1549 1824 sed
1593 1752 1861 1825 librarii
1911 1759 2015 1826 tui
2048 1765 2139 1824 ²¹.
2180 1759 2595 1828 Amicorum
2635 1759 2854 1829 literae

720 1885 838 1933 me
877 1861 969 1933 ad
1004 1863 1457 1962 triumphum
1500 1878 1801 1951 vocant,
1842 1890 1995 1937 rem
2024 1890 2066 1936 3
2105 1865 2344 1956 nobis,
2389 1882 2472 1939 ut
2498 1893 2640 1966 ego
2676 1868 2856 1940 arbi·

722 1984 876 2040 tror
897 2025 916 2058 ,
954 1983 1252 2068 propter
1269 1969 1459 2041 hanc
1489 1974 1950 2070 παλιγγενεσίαν
1978 1982 2045 2015 ²²
2075 1986 2426 2058 nostram,
2455 1999 2611 2044 non
2639 1974 2855 2071 negli-

721 2079 1053 2176 gendam.
1126 2081 1369 2168 Quare
1433 2094 1519 2151 tu
1583 2104 1925 2179 quoque,
1981 2083 2080 2151 mi
2142 2082 2407 2167 Attice,
2471 2085 2723 2182 incipe
2785 2085 2852 2154 id

722 2213 1031 2286 cupere3
1074 2212 1226 2286 quo
1262 2214 1396 2260 nos
1432 2194 1677 2262 minus
1716 2193 1946 2289 inepti
1987 2190 2383 2263 videamur.

800 2413 822 2445 ι
832 2399 879 2447 5.
902 2355 1134 2445 §melan
1145 2398 1201 2444 P.
1214 2397 1425 2446 Munatii
1448 2397 1743 2447 emendatio.

725 2475 993 2541 Legebatur
1013 2476 1132 2523 olim
1148 2510 1163 2537 ,
1191 2497 1213 2518 ιι
1235 2491 1342 2540 quoe
1363 2475 1565 2524 fortuita
1589 2476 1745 2524 homi·

720 2573 839 2604 num
854 2577 897 2604 υ.
924 2555 957 2602 J
966 2590 979 2603 .
996 2557 1064 2602 V.
1095 2557 1148 2601 L.

802 2635 880 2684 ιδ.
904 2634 1023 2682 Non
1049 2632 1339 2683 din-imam.
1374 2634 1630 2683 Mansisset
1653 2634 1744 2698 igt-

727 2726 806 2764 uu
833 2714 889 2763 in
922 2712 1176 2781 provincia
1194 2728 1304 2761 cum
1325 2724 1480 2777 patre,
1497 2714 1734 2779 facileque

727 2796 837 2857 quie
875 2808 1020 2856 puer,
1055 2802 1104 2839 et
1134 2807 1254 2855 puer
1277 2792 1401 2839 bene
1428 2784 1522 2840 sibi
1550 2791 1741 2850 fldem,

1910 2413 1992 2461 ¹9·
2028 2398 2093 2445 Ue
2120 2396 2287 2446 etiam.
2325 2399 2523 2448 Meum.
2568 2412 2693 2448 aaut
2717 2404 2855 2450 etin-

1832 2477 2123 2542 inqnirerem
2151 2478 2205 2524 in
2233 2493 2371 2537 eum,
2397 2488 2528 2526 τεο..
2555 2482 2624 2529 Ut
2664 2481 2856 2530 situen-

1831 2571 1951 2604 sna:
1975 2555 2088 2604 Ne·
2073 2555 2318 2618 anquirere
2343 2556 2582 2620 quidem·
2565 2575 2617 2606 ιιι
2639 2577 2754 2608 eum
2773 2561 2853 2609 de·

1830 2634 1953 2697 bui,
1993 2635 2174 2683 nedum
2200 2650 2304 2683 nou
2342 2635 2628 2700 relinquere.
2669 2665 2741 2677 --
2775 2642 2856 2688 In·

1832 2715 2058 2780 quirent.
2087 2714 2295 2778 Vulgata
2328 2716 2448 2764 olim
2479 2716 2668 2776 lectio,
2703 2719 2857 2783 inq-i-

1830 2810 2000 2843 ret-em.
2022 2793 2117 2841 Sed
2137 2795 2433 2858 Malaezpinae
2451 2796 2856 2850 emendationem.

725 2871 1066 2929 commisisset,
1092 2870 1230 2935 qnod
1243 2881 1365 2935 eseet
1380 2871 1526 2920 nobis
1547 2886 1745 2946 mugno-
1835 2889 1980 2938 quam
2027 2874 2276 2936 sequimur
2293 2908 2306 2931 ‚
2370 2890 2534 2922 veram
2589 2876 2854 2941 probarunt

722 2968 833 3017 pere
860 2950 1144 3000 dolendum.
1170 2956 1320 3004 Mu«.

801 3048 879 3093 ¹7·
907 3031 975 3077 ld
990 3047 1200 3078 censere.
1229 3029 1605 3080 Dimittendum.

795 3115 876 3161 18.
908 3114 1022 3161 Non
1050 3113 1159 3160 dioo
1179 3111 1403 3175 equidem
1427 3110 1552 3175 quid
1574 3111 1741 3173 egerit,

1837 2953 1979 3001 multi
1997 2954 2142 3002 MSS.
2162 2954 2193 3000 J
2199 2956 2283 3000 λ’.
2303 2955 2359 3000 L.

1912 3047 1995 3079 20.
2028 3033 2134 3079 Hoc
2159 3031 2347 3079 melius.
2383 3033 2536 3093 Quod
2566 3046 2852 3096 quaterem

1829 3110 1999 3178 potiu-
2017 3145 2033 3170 ,
2079 3126 2224 3174 qnam
2279 3111 2472 3157 fratrem
2491 3144 2507 3168 ‚
2555 3113 2847 3177 reliqnerim.

721 3191 999 3257 Legendum
1034 3203 1140 3239 est:
1176 3191 1328 3238 «Non
1361 3190 1472 3236 dico
1514 3189 1740 3253 equidem
1826 3193 2043 3241 Mum-r.

721 3270 961 3335 quidquid
1000 3270 1150 3333 egerit
1176 3290 1218 3315 a.
1251 3268 1571 3318 Muret.'Var.
1607 3270 1739 3318 Lect.

720 3352 834 3409 XV,
863 3352 911 3397 8.
942 3348 1117 3398 Melius
1144 3347 1196 3397 in
1219 3348 1342 3396 Mss
1363 3382 1377 3405 ‚
1413 3368 1438 3389 a
1462 3346 1548 3396 sed
1579 3358 1741 3397 tamen

718 3430 854 3494 quod
888 3429 1069 3494 egerit,
1118 3418 1277 3477 inulto
1307 3428 1468 3477 minus
1508 3427 1742 3476 laboro».

718 3514 774 3559 F.
809 3512 931 3558 Uns.
956 3538 1023 3544 -—
1051 3507 1165 3557 Sch.
1183 3502 1442 3571 legendum
1475 3507 1741 3574 opinatur:

715 3605 856 3637 «non
902 3587 1018 3635 dico
1065 3587 1292 3652 equidem
1314 3624 1329 3646 ,
1376 3587 1496 3652 quid
1547 3597 1745 3637 acturus

714 3670 804 3730 sit3
826 3667 913 3715 sed
931 3678 1088 3715 tamen
1100 3702 1114 3725 ‚
1133 3664 1372 3733 quidquid
1395 3668 1565 3730 egerit,
1583 3666 1740 3714 multo

719 3747 877 3794 minus
924 3747 1099 3795 laboro
1127 3770 1167 3796 η.
1214 3744 1511 3809 «Quidquid
1552 3746 1741 3810 egerit-

723 3837 792 3872 est
812 3842 837 3872 3
862 3827 1091 3885 Mun-eto,
1109 3838 1157 3875 et
1165 3825 1413 3890 optimum
1441 3836 1540 3884 est;
1579 3836 1737 3872 cetera

1904 3285 1990 3317 21.
2026 3268 2215 3317 Literas
2239 3284 2338 3316 non
2367 3280 2478 3316 tuas
2497 3303 2512 3328 ,
2553 3270 2646 3319 sed
2666 3270 2854 3320 libum-ii

1832 3347 1919 3396 τιεί.
1945 3348 2054 3396 Hoc
2081 3359 2183 3408 eet,
2215 3364 2334 3412 quas
2365 3364 2465 3395 non
2496 3360 2578 3411 tu,
2598 3351 2687 3398 sed
2713 3363 2856 3408 tuus,

1832 3427 2049 3475 dictante
2096 3443 2203 3489 me,
2241 3427 2434 3492 scripsit
2473 3427 2713 3477 librarius.
2769 3433 2855 3479 Ni·

1833 3522 2000 3569 canor,
2039 3516 2093 3553 ut
2125 3505 2343 3569 videtur,
2384 3523 2532 3569 quem
2568 3524 2734 3557 secum
2774 3511 2857 3558 ad·

1834 3586 2037 3635 duxerat
2052 3587 2241 3636 Cicero.
2255 3588 2451 3635 Atticus
2468 3588 2679 3635 vicissim
2693 3590 2857 3638 literas

1834 3681 1937 3713 uon
1960 3682 2070 3713 raro
2094 3665 2338 3713 scribebat
2363 3666 2615 3716 Ciceronis
2642 3672 2855 3718 nomine.

1831 3748 2110 3795 Monens.

1901 3841 1983 3873 22.
2034 3823 2421 3894 namq-fumica.
2458 3826 2646 3874 Alter-iu
2630 3846 2669 3874 ts
2722 3833 2858 3894 quasi

721 3905 867 3953 nimis
921 3922 947 3952 ιι
989 3905 1225 3955 librorum
1269 3905 1510 3971 scriptura
1556 3914 1737 3953 remota
1827 3904 1948 3951 mita
2000 3904 2430 3963 instaurationem,
2480 3918 2686 3973 propter
2731 3909 2858 3957 eni

713 3993 841 4035 num.
859 3985 907 4032 J.
910 3988 973 4032 V.
988 3986 1044 4034 L.

1829 3983 1968 4031 lium.
1990 3985 2134 4032 ΜΑπ.
