3023 4773
857 442 1407 528 EPISTOLAE,
1453 444 1620 529 XV,
1672 468 1740 538 9.
2238 450 2369 537 145

230 558 383 630 sule
414 555 608 629 facto
627 611 648 646 ,
677 556 993 630 fructum
1021 565 1295 659 cepisse
1314 616 1333 649 ‚
1361 561 1838 635 vehementer
1867 565 2168 663 gaudeo.
2199 573 2367 642 Non

224 666 529 755 dubim,
567 668 745 766 quid
771 685 1157 766 praesentes
1184 672 1499 743 sentiant
1529 699 1545 741 z
1582 697 1717 744 nos
1756 676 2051 771 quidem
2080 678 2365 777 longin-

222 783 354 878 qui
378 836 398 868 ‚
424 796 500 853 et
530 806 572 851 a
604 794 675 852 te
707 783 867 879 ipso
889 794 908 826 ¹
954 784 1152 854 missi
1189 786 1266 854 in
1308 783 1597 856 ultimas
1632 801 1885 883 gentes
1899 800 1955 876 ²,
1993 790 2085 861 ad
2115 793 2368 865 caelum

221 890 644 963 mehercule
671 889 1033 964 tollimus-⁹·
1059 893 1439 965 verissimis
1465 918 1550 964 ac
1570 892 1978 988 justissimis
2008 899 2365 975 laudibus.

220 1006 412 1075 Nam
455 1025 686 1099 quum
722 1016 795 1074 te
837 1030 878 1074 a
919 1004 1226 1101 pueritia
1268 1017 1394 1076 tua
1426 1006 1641 1076 unice
1675 1003 2049 1078 dilexerim
2073 1062 2093 1096 ‚
2139 1025 2367 1109 tuque

218 1137 342 1181 me
366 1113 469 1194 ‚in
504 1115 707 1184 omni
748 1137 1014 1209 genere
1052 1131 1342 1211 semper·
1386 1115 1909 1214 amplissimum
1952 1142 2104 1191 esse
2140 1136 2211 1192 et
2249 1147 2372 1193 vo-

220 1223 477 1306 lueriS‚
508 1237 581 1294 et
609 1222 993 1318 judicaris;
1021 1238 1180 1294 tum
1208 1222 1348 1294 hoc
1368 1223 1487 1296 vel
1520 1239 1650 1296 tuo
1686 1224 1878 1298 facto
1894 1229 1948 1314 4,
1968 1229 2086 1299 vel
2112 1232 2372 1327 populi

220 1337 516 1402 romani
565 1331 656 1405 de
692 1347 765 1405 te
793 1331 1104 1428 judicio,
1158 1332 1394 1403 multo
1441 1337 1680 1407 acrius
1722 1334 2372 1436 vehementiusque

222 1443 490 1541 diligo,
532 1447 995 1539 maximaque
1026 1443 1268 1514 laetitia
1307 1441 1612 1532 afficior,
1655 1469 1884 1541 quum
1921 1444 2013 1517 ab
2056 1445 2371 1520 homini-

221 1552 366 1625 bus
398 1550 1003 1650 prudentissimis,
1034 1552 1350 1649 virisque
1386 1553 1719 1651 optimiS‚
1753 1554 2096 1629 omnibus
2131 1557 2376 1649 dictis,

225 1661 459 1749 factis»,
490 1660 770 1747 studiiS,
793 1662 1167 1749 institutiS‚
1196 1660 1310 1733 vel
1337 1687 1456 1733 me
1480 1663 1589 1734 tui
1612 1653 1918 1736 similem
1943 1675 2096 1738 esse
2124 1666 2378 1757 audi0‚

223 1774 341 1844 vel
367 1786 441 1842 te
466 1772 612 1842 mei
630 1764 684 1841 ⁵.
712 1776 964 1842 Unum
984 1795 1155 1842 vero
1193 1760 1252 1842 si
1288 1771 1492 1846 addis
1528 1772 1617 1844 ad
1656 1775 2230 1872 praeclarissimas
2261 1804 2379 1851 res

226 1882 650 1956 consulatus
688 1886 830 1969 tui,
870 1896 953 1952 ut
983 1896 1108 1953 aut
1146 1882 1324 1953 mihi
1363 1884 1702 1955 succedat
1745 1909 1966 1982 quam
2003 1881 2378 1984 primum⁶

226 1994 525 2091 aliquiS‚
560 2007 685 2064 aut
719 2015 813 2062 ne
852 1990 1032 2088 quid
1065 1990 1358 2063 accedat
1385 1995 1732 2091 temporis
1772 1992 1865 2064 ad
1903 1993 2015 2083 id,
2054 1997 2254 2094 quod
2297 2015 2379 2072 tu

228 2105 411 2177 mihi
437 2119 513 2177 et
538 2102 1196 2191 senatusconsult0‚
1224 2118 1300 2175 et
1333 2104 1489 2202 lege
1525 2103 1787 2193 finisti;
1813 2104 2056 2176 omnia
2093 2132 2210 2179 me
2238 2121 2375 2207 per

227 2233 299 2289 te
344 2230 890 2312 consequutum
938 2211 1235 2311 putabo,

324 2330 526 2401 Cura
547 2380 567 2413 ‚
603 2339 685 2397 ut
717 2321 981 2414 valeas,
1018 2339 1091 2397 et
1128 2348 1247 2395 me
1277 2311 1652 2397 absentem
1694 2317 1945 2424 diligas
1980 2331 2199 2425 atque
2243 2328 2371 2404 de-

228 2435 505 2511 fendas,
534 2440 714 2528 Quae
742 2435 922 2507 mihi
955 2436 1046 2507 de
1082 2434 1361 2506 Parthis
1394 2436 1723 2506 nuntiata
1759 2451 1967 2524 sunt,
2009 2442 2181 2535 quia
2217 2466 2373 2513 non

229 2546 585 2648 putabam
635 2571 677 2617 a
717 2570 836 2617 me
891 2546 1107 2617 etiam
1152 2569 1349 2615 nunc
1407 2542 1790 2616 scribenda
1834 2570 1989 2618 esse
2042 2547 2374 2645 publice,

228 2673 624 2758 propterea
650 2681 745 2728 ne
776 2681 914 2754 pro
949 2654 1423 2726 familiaritate
1452 2652 1750 2750 quidem
1781 2671 2025 2729 nostra
2057 2659 2252 2730 volui
2280 2663 2373 2733 ad

234 2786 303 2842 te
339 2768 662 2841 scribere
692 2796 708 2837 ε
740 2791 835 2838 ne
856 2820 876 2855 ‚
912 2791 1143 2863 quum
1185 2756 1277 2837 ad
1309 2763 1685 2839 consulem
1720 2767 2193 2864 scripsissem,
2233 2795 2370 2869 pu·
2417 2778 2432 2786 “

233 2878 418 2952 blice
452 2877 744 2950 viderer
781 2871 1168 2976 scripsisse.

312 3096 355 3131 1.
378 3088 428 3130 A
453 3093 504 3129 te
520 3080 640 3145 ipso.
656 3080 700 3128 A
718 3090 769 3128 te
782 3079 1001 3138 consule,
1021 3089 1072 3127 et
1091 3078 1259 3145 Salpia

237 3163 314 3210 cio
336 3162 532 3228 collega
557 3172 662 3209 tuo.
689 3161 782 3208 En.

308 3258 356 3289 2.
380 3243 446 3288 In
479 3239 682 3287 ultimas
714 3248 897 3303 gentes.
933 3239 1060 3300 Quia
1087 3238 1258 3287 Cilicia

236 3330 353 3368 tunc
388 3321 507 3369 finis
548 3329 652 3367 erat
692 3316 886 3382 imperii
933 3317 1136 3365 romani.
1177 3318 1258 3366 Sic

238 3402 369 3465 Virg.
393 3404 507 3448 AEn.
521 3398 666 3457 vm,
688 3414 737 3444 v.
764 3408 890 3458 727:
911 3398 1260 3461 «Extremique

236 3479 490 3528 hominm
512 3478 752 3527 Morini».
781 3480 874 3525 En.

309 3561 356 3607 3.
381 3558 561 3607 Multa
589 3556 709 3605 olim
740 3554 854 3605 edd.
882 3566 965 3603 «te
989 3553 1257 3604 tollimus».

238 3641 361 3689 J.v.
383 3640 442 3687 1..

313 3723 359 3779 4.
386 3720 493 3765 Tuo
504 3715 669 3783 sacto.
696 3713 850 3778 Quod
868 3728 1046 3777 opera,
1074 3714 1250 3777 grstia,

240 3800 399 3847 studio
423 3810 514 3847 tuo
540 3797 722 3844 factum
740 3793 836 3852 sit,
855 3805 911 3843 nt
930 3794 1103 3841 consul
1127 3810 1259 3843 crea-

244 3890 372 3925 retur
419 3879 477 3928 C.
517 3875 784 3925 Marcellus
829 3874 1064 3938 patruelis
1112 3874 1259 3922 frater

244 3968 370 4007 tuns.
395 3960 551 4006 Mn«.

318 4039 363 4085 5.
392 4036 486 4083 Vel
508 4052 585 4083 me
616 4033 690 4081 eui
711 4033 915 4082 similem
941 4050 1041 4082 esse
1069 4033 1222 4082 audio
1238 4069 1255 4093 ‚

246 4117 332 4162 vel
340 4128 383 4165 ιε
394 4116 504 4165 mei.
520 4114 807 4178 Comparari
820 4112 1019 4161 solitum
1031 4113 1261 4163 Ciceroni

434 4233 526 4298 11.
581 4246 675 4291 cie.
701 4257 816 4307 pars
840 4252 1016 4305 quana.

1344 3066 1420 3128 M.
1436 3068 1749 3138 Marcellum,
1768 3086 1817 3127 et
1829 3076 2040 3140 judicari
2054 3076 2369 3143 simillimum,

1344 3157 1427 3206 hic
1456 3158 1627 3218 locus,
1653 3169 1703 3206 et
1724 3158 1847 3206 alter
1871 3158 1924 3207 in
1952 3161 2107 3208 Bruto
2135 3160 2369 3213 declarat.

1346 3239 1674 3302 Interroganti
1700 3240 1829 3287 enim
1857 3238 2112 3296 Ciceroni,
2142 3240 2277 3301 Quid
2306 3242 2369 3291 de

1345 3317 1584 3366 Marcello
1604 3317 1822 3380 judicas,
1846 3334 1992 3383 quem
2009 3334 2137 3382 saepe
2157 3319 2369 3369 audisti?

1346 3397 1611 3461 respondet
1636 3399 1840 3446 Brutus:
1860 3420 1885 3439 ι-
1900 3397 2035 3461 Quid
2063 3413 2255 3457 censes,
2275 3401 2369 3449 nisi

1344 3475 1423 3533 id,
1443 3475 1581 3539 quod
1606 3475 1864 3524 habiturus
1892 3492 1944 3525 es
1969 3475 2175 3524 similem
2205 3479 2316 3528 tui?
2343 3504 2369 3522 η

1343 3556 1407 3602 Et
1429 3554 1581 3604 infra:
1613 3558 1822 3619 -Itaque
1848 3571 2005 3618 quum
2031 3571 2142 3602 enm
2159 3564 2366 3610 antetui

1341 3633 1549 3682 similem
1564 3635 1619 3682 in
1643 3634 1854 3682 dicendo
1872 3632 2102 3693 viderim
2123 3645 2228 3685 tum
2247 3656 2368 3689 vero

1342 3728 1500 3768 nunc,
1531 3731 1560 3761 a
1587 3713 1869 3763 doctissimo
1896 3713 2004 3761 viro
2030 3716 2266 3782 Cratippo
2293 3721 2371 3769 in.

1346 3803 1586 3842 structum
1612 3795 1747 3841 omni
1771 3794 1941 3857 copis,
1959 3794 2116 3843 multo
2140 3797 2370 3849 videbam

1346 3872 1631 3920 similiorem
1642 3892 1688 3920 a.
1724 3872 1873 3920 Mur.

1318 3948 1321 3953 ’
1419 3953 1471 4000 6.
1494 3949 1735 3998 Succedae
1759 3967 1909 4015 quam
1930 3952 2161 4016 prunum.
2192 3957 2254 4004 Id
2276 3968 2379 4014 est,

1349 4030 1513 4078 statim
1535 4038 1654 4093 post
1678 4028 1955 4081 absolutum
1978 4044 2196 4082 annuum
2223 4035 2376 4098 impe·-

1349 4110 1493 4158 rinm.
1520 4109 1635 4158 Sca.
1667 4150 1672 4159 ‚
2393 4110 2399 4116 ’

2051 4246 2134 4292 lo
