<?xml version="1.0" encoding="UTF-8"?>
<!DOCTYPE html PUBLIC "-//W3C//DTD XHTML 1.0 Transitional//EN"
    "http://www.w3.org/TR/xhtml1/DTD/xhtml1-transitional.dtd">
<html xmlns="http://www.w3.org/1999/xhtml" xml:lang="en" lang="en">
 <head>
  <title>
</title>
<meta http-equiv="Content-Type" content="text/html;charset=utf-8" />
  <meta name='ocr-system' content='tesseract 3.04.00' />
  <meta name='ocr-capabilities' content='ocr_page ocr_carea ocr_par ocr_line ocrx_word'/>
</head>
<body>
  <div class='ocr_page' id='page_1' title='image "./mtciceronisquae01bouigoog_0383.png"; bbox 0 0 3023 4773; ppageno 0'>
   <div class='ocr_carea' id='block_1_1' title="bbox 611 421 2445 517">
    <p class='ocr_par' dir='ltr' id='par_1_1' title="bbox 611 421 2445 517">
     <span class='ocr_line' id='line_1_1' title="bbox 611 421 2445 517; baseline 0.001 -28"><span class='ocrx_word' id='word_1_1' title='bbox 611 421 1152 489; x_wconf 87' lang='lat' dir='ltr'>EPISTOLAE</span> <span class='ocrx_word' id='word_1_2' title='bbox 1196 423 1329 490; x_wconf 84' lang='lat' dir='ltr'><strong>Al)</strong></span> <span class='ocrx_word' id='word_1_3' title='bbox 1381 425 1881 507; x_wconf 85' lang='lat' dir='ltr'><strong>ATTICUM,</strong></span> <span class='ocrx_word' id='word_1_4' title='bbox 1934 425 2041 506; x_wconf 95' lang='lat' dir='ltr'><strong>II,</strong></span> <span class='ocrx_word' id='word_1_5' title='bbox 2099 421 2159 492; x_wconf 82' lang='lat'><strong>5.</strong></span> <span class='ocrx_word' id='word_1_6' title='bbox 2308 424 2445 517; x_wconf 79' lang='lat'><strong>373</strong></span> 
     </span>
    </p>
   </div>
   <div class='ocr_carea' id='block_1_2' title="bbox 248 541 2469 2507">
    <p class='ocr_par' dir='ltr' id='par_1_2' title="bbox 248 541 2469 2507">
     <span class='ocr_line' id='line_1_2' title="bbox 325 541 2451 639; baseline 0.002 -29"><span class='ocrx_word' id='word_1_7' title='bbox 325 555 472 627; x_wconf 87' lang='lat' dir='ltr'><strong>tur,</strong></span> <span class='ocrx_word' id='word_1_8' title='bbox 514 543 645 611; x_wconf 86' lang='lat' dir='ltr'><strong>erit</strong></span> <span class='ocrx_word' id='word_1_9' title='bbox 680 541 1005 637; x_wconf 63' lang='lat' dir='ltr'><strong>quaedam</strong></span> <span class='ocrx_word' id='word_1_10' title='bbox 1048 555 1290 613; x_wconf 85' lang='lat' dir='ltr'><strong>nostra</strong></span> <span class='ocrx_word' id='word_1_11' title='bbox 1324 558 1705 639; x_wconf 63' lang='lat' dir='ltr'><strong>potestas&#39;a&#39;,</strong></span> <span class='ocrx_word' id='word_1_12' title='bbox 1735 559 1806 614; x_wconf 87' lang='lat' dir='ltr'><strong>et</strong></span> <span class='ocrx_word' id='word_1_13' title='bbox 1841 560 1993 615; x_wconf 87' lang='lat' dir='ltr'><strong>tum</strong></span> <span class='ocrx_word' id='word_1_14' title='bbox 2025 542 2451 624; x_wconf 34' lang='lat' dir='ltr'><strong>deliberabis</strong></span> 
     </span>
     <span class='ocr_line' id='line_1_3' title="bbox 320 645 2446 750; baseline 0.002 -31"><span class='ocrx_word' id='word_1_15' title='bbox 320 675 506 721; x_wconf 85' lang='lat' dir='ltr'><strong>mus.</strong></span> <span class='ocrx_word' id='word_1_16' title='bbox 555 654 785 721; x_wconf 83' lang='lat' dir='ltr'><strong>Etiam</strong></span> <span class='ocrx_word' id='word_1_17' title='bbox 842 665 949 721; x_wconf 88' lang='lat' dir='ltr'><strong>est</strong></span> <span class='ocrx_word' id='word_1_18' title='bbox 998 651 1071 720; x_wconf 88' lang='lat' dir='ltr'><strong>in</strong></span> <span class='ocrx_word' id='word_1_19' title='bbox 1102 645 1296 720; x_wconf 75' lang='lat' dir='ltr'><strong>non⁸</strong></span> <span class='ocrx_word' id='word_1_20' title='bbox 1350 653 1770 750; x_wconf 83' lang='lat' dir='ltr'><strong>accipiendo</strong></span> <span class='ocrx_word' id='word_1_21' title='bbox 1819 653 2165 735; x_wconf 80' lang='lat' dir='ltr'><strong>nonnulla</strong></span> <span class='ocrx_word' id='word_1_22' title='bbox 2203 655 2446 750; x_wconf 80' lang='lat' dir='ltr'><strong>gloria.</strong></span> 
     </span>
     <span class='ocr_line' id='line_1_4' title="bbox 313 756 2451 853; baseline 0.002 -27"><span class='ocrx_word' id='word_1_23' title='bbox 313 758 563 845; x_wconf 76' lang='lat' dir='ltr'><strong>‘Quare</strong></span> <span class='ocrx_word' id='word_1_24' title='bbox 613 759 669 826; x_wconf 91' lang='lat' dir='ltr'><strong>si</strong></span> <span class='ocrx_word' id='word_1_25' title='bbox 716 756 893 853; x_wconf 90' lang='lat' dir='ltr'><strong>quid</strong></span> <span class='ocrx_word' id='word_1_26' title='bbox 941 759 1303 850; x_wconf 79' lang='grc' dir='ltr'>Θεοφάνης9</span> <span class='ocrx_word' id='word_1_27' title='bbox 1362 773 1600 829; x_wconf 85' lang='lat' dir='ltr'><strong>tecum</strong></span> <span class='ocrx_word' id='word_1_28' title='bbox 1659 757 1844 829; x_wconf 87' lang='lat' dir='ltr'><strong>forte</strong></span> <span class='ocrx_word' id='word_1_29' title='bbox 1892 759 2317 846; x_wconf 86' lang='lat' dir='ltr'><strong>contulerit,</strong></span> <span class='ocrx_word' id='word_1_30' title='bbox 2358 786 2451 830; x_wconf 89' lang='lat' dir='ltr'><strong>ne</strong></span> 
     </span>
     <span class='ocr_line' id='line_1_5' title="bbox 325 866 2452 966; baseline 0.001 -29"><span class='ocrx_word' id='word_1_31' title='bbox 325 871 629 937; x_wconf 88' lang='lat' dir='ltr'><strong>omnino</strong></span> <span class='ocrx_word' id='word_1_32' title='bbox 676 866 1098 965; x_wconf 81' lang='lat' dir='ltr'><strong>repudiaris,</strong></span> <span class='ocrx_word' id='word_1_33' title='bbox 1135 871 1245 938; x_wconf 87' lang='lat' dir='ltr'><strong>De</strong></span> <span class='ocrx_word' id='word_1_34' title='bbox 1287 871 1437 938; x_wconf 89' lang='lat' dir='ltr'><strong>istis</strong></span> <span class='ocrx_word' id='word_1_35' title='bbox 1473 867 1696 939; x_wconf 88' lang='lat' dir='ltr'><strong>rebus</strong></span> <span class='ocrx_word' id='word_1_36' title='bbox 1727 883 2065 966; x_wconf 77' lang='lat' dir='ltr'><strong>exspecto</strong></span> <span class='ocrx_word' id='word_1_37' title='bbox 2100 883 2257 939; x_wconf 85' lang='lat' dir='ltr'><strong>tuas</strong></span> <span class='ocrx_word' id='word_1_38' title='bbox 2296 871 2452 939; x_wconf 86' lang='lat' dir='ltr'><strong>lite-</strong></span> 
     </span>
     <span class='ocr_line' id='line_1_6' title="bbox 321 976 2453 1074; baseline 0.001 -28"><span class='ocrx_word' id='word_1_39' title='bbox 321 1001 481 1047; x_wconf 84' lang='lat' dir='ltr'><strong>ras:</strong></span> <span class='ocrx_word' id='word_1_40' title='bbox 525 976 702 1073; x_wconf 87' lang='lat' dir='ltr'><strong>quid</strong></span> <span class='ocrx_word' id='word_1_41' title='bbox 746 978 1078 1048; x_wconf 86' lang='lat' dir='ltr'><strong>Arrius¹⁰</strong></span> <span class='ocrx_word' id='word_1_42' title='bbox 1115 992 1354 1049; x_wconf 85' lang='lat' dir='ltr'><strong>narret</strong></span> <span class='ocrx_word' id='word_1_43' title='bbox 1376 1006 1404 1064; x_wconf 56' lang='grc' dir='ltr'><strong>ς,</strong></span> <span class='ocrx_word' id='word_1_44' title='bbox 1447 1004 1596 1074; x_wconf 92' lang='lat' dir='ltr'><strong>quo</strong></span> <span class='ocrx_word' id='word_1_45' title='bbox 1636 982 1878 1051; x_wconf 87' lang='lat' dir='ltr'><strong>animo</strong></span> <span class='ocrx_word' id='word_1_46' title='bbox 1917 1004 1991 1048; x_wconf 89' lang='lat' dir='ltr'><strong>se</strong></span> <span class='ocrx_word' id='word_1_47' title='bbox 2030 978 2453 1049; x_wconf 88' lang='lat' dir='ltr'><strong>destitutum</strong></span> 
     </span>
     <span class='ocr_line' id='line_1_7' title="bbox 323 1086 2454 1185; baseline -0 -27"><span class='ocrx_word' id='word_1_48' title='bbox 323 1086 550 1174; x_wconf 81' lang='lat' dir='ltr'><strong>ferat3</strong></span> <span class='ocrx_word' id='word_1_49' title='bbox 612 1092 824 1185; x_wconf 83' lang='lat' dir='ltr'>ecqui</span> <span class='ocrx_word' id='word_1_50' title='bbox 887 1089 1220 1159; x_wconf 85' lang='lat' dir='ltr'><strong>consules</strong></span> <span class='ocrx_word' id='word_1_51' title='bbox 1286 1103 1670 1184; x_wconf 59' lang='lat' dir='ltr'><strong>parentum</strong></span> <span class='ocrx_word' id='word_1_52' title='bbox 1725 1103 2006 1173; x_wconf 86' lang='lat' dir='ltr'><strong>utrum,</strong></span> <span class='ocrx_word' id='word_1_53' title='bbox 2069 1103 2150 1158; x_wconf 86' lang='lat' dir='ltr'><strong>ut</strong></span> <span class='ocrx_word' id='word_1_54' title='bbox 2202 1089 2454 1185; x_wconf 90' lang='lat' dir='ltr'><strong>populi</strong></span> 
     </span>
     <span class='ocr_line' id='line_1_8' title="bbox 322 1198 2455 1297; baseline -0 -29"><span class='ocrx_word' id='word_1_55' title='bbox 322 1223 595 1284; x_wconf 88' lang='lat' dir='ltr'><strong>serm0,</strong></span> <span class='ocrx_word' id='word_1_56' title='bbox 631 1201 1017 1297; x_wconf 89' lang='lat' dir='ltr'><strong>Pompeius</strong></span> <span class='ocrx_word' id='word_1_57' title='bbox 1059 1212 1131 1272; x_wconf 88' lang='lat' dir='ltr'><strong>et</strong></span> <span class='ocrx_word' id='word_1_58' title='bbox 1169 1202 1506 1282; x_wconf 85' lang='lat' dir='ltr'><strong>Crassus;</strong></span> <span class='ocrx_word' id='word_1_59' title='bbox 1557 1222 1682 1283; x_wconf 86' lang='lat' dir='ltr'><strong>an,</strong></span> <span class='ocrx_word' id='word_1_60' title='bbox 1743 1214 1820 1271; x_wconf 87' lang='lat' dir='ltr'><strong>ut</strong></span> <span class='ocrx_word' id='word_1_61' title='bbox 1865 1198 2041 1293; x_wconf 83' lang='lat' dir='ltr'><strong>mihi</strong></span> <span class='ocrx_word' id='word_1_62' title='bbox 2089 1198 2455 1279; x_wconf 74' lang='lat' dir='ltr'><strong>scribitur,</strong></span> 
     </span>
     <span class='ocr_line' id='line_1_9' title="bbox 325 1307 2459 1406; baseline -0.002 -26"><span class='ocrx_word' id='word_1_63' title='bbox 325 1333 490 1380; x_wconf 89' lang='lat' dir='ltr'><strong>cum</strong></span> <span class='ocrx_word' id='word_1_64' title='bbox 519 1307 831 1379; x_wconf 89' lang='lat' dir='ltr'><strong>Gabinio</strong></span> <span class='ocrx_word' id='word_1_65' title='bbox 854 1320 871 1351; x_wconf 87' lang='lat'>¹</span> <span class='ocrx_word' id='word_1_66' title='bbox 888 1320 908 1350; x_wconf 89' lang='lat'>¹</span> <span class='ocrx_word' id='word_1_67' title='bbox 935 1312 1221 1379; x_wconf 88' lang='lat' dir='ltr'><strong>Servius</strong></span> <span class='ocrx_word' id='word_1_68' title='bbox 1238 1307 1673 1406; x_wconf 82' lang='lat' dir='ltr'><strong>Sulpicius¹²</strong></span> <span class='ocrx_word' id='word_1_69' title='bbox 1703 1323 1811 1378; x_wconf 89' lang='lat' dir='ltr'><strong>:et</strong></span> <span class='ocrx_word' id='word_1_70' title='bbox 1831 1363 1848 1388; x_wconf 93' lang='lat'><strong>,</strong></span> <span class='ocrx_word' id='word_1_71' title='bbox 1877 1333 2054 1378; x_wconf 87' lang='lat' dir='ltr'><strong>num</strong></span> <span class='ocrx_word' id='word_1_72' title='bbox 2077 1332 2235 1403; x_wconf 86' lang='lat' dir='ltr'><strong>quae</strong></span> <span class='ocrx_word' id='word_1_73' title='bbox 2260 1332 2459 1377; x_wconf 58' lang='lat' dir='ltr'><strong>novat</strong></span> 
     </span>
     <span class='ocr_line' id='line_1_10' title="bbox 326 1416 2458 1515; baseline 0 -29"><span class='ocrx_word' id='word_1_74' title='bbox 326 1418 515 1514; x_wconf 86' lang='lat' dir='ltr'><strong>leges</strong></span> <span class='ocrx_word' id='word_1_75' title='bbox 534 1445 552 1502; x_wconf 88' lang='lat'>;</span> <span class='ocrx_word' id='word_1_76' title='bbox 574 1432 643 1488; x_wconf 90' lang='lat' dir='ltr'><strong>et</strong></span> <span class='ocrx_word' id='word_1_77' title='bbox 659 1472 677 1502; x_wconf 93' lang='lat'><strong>,</strong></span> <span class='ocrx_word' id='word_1_78' title='bbox 701 1443 879 1487; x_wconf 89' lang='lat' dir='ltr'><strong>num</strong></span> <span class='ocrx_word' id='word_1_79' title='bbox 900 1417 1076 1515; x_wconf 89' lang='lat' dir='ltr'><strong>quid</strong></span> <span class='ocrx_word' id='word_1_80' title='bbox 1095 1422 1262 1489; x_wconf 88' lang='lat' dir='ltr'><strong>novi</strong></span> <span class='ocrx_word' id='word_1_81' title='bbox 1285 1418 1622 1504; x_wconf 80' lang='lat' dir='ltr'><strong>omnin03</strong></span> <span class='ocrx_word' id='word_1_82' title='bbox 1643 1432 1716 1488; x_wconf 89' lang='lat' dir='ltr'><strong>et</strong></span> <span class='ocrx_word' id='word_1_83' title='bbox 1732 1473 1751 1503; x_wconf 94' lang='lat'><strong>,</strong></span> <span class='ocrx_word' id='word_1_84' title='bbox 1781 1418 2123 1514; x_wconf 84' lang='lat' dir='ltr'><strong>quoniam</strong></span> <span class='ocrx_word' id='word_1_85' title='bbox 2140 1423 2383 1515; x_wconf 88' lang='lat' dir='ltr'><strong>Nepos</strong></span> <span class='ocrx_word' id='word_1_86' title='bbox 2401 1430 2417 1460; x_wconf 90' lang='lat'><em>¹</em></span> <span class='ocrx_word' id='word_1_87' title='bbox 2433 1416 2458 1459; x_wconf 76' lang='lat'><strong>³</strong></span> 
     </span>
     <span class='ocr_line' id='line_1_11' title="bbox 324 1526 2462 1626; baseline -0.001 -28"><span class='ocrx_word' id='word_1_88' title='bbox 324 1526 846 1624; x_wconf 86' lang='lat' dir='ltr'><strong>proficiscitur,</strong></span> <span class='ocrx_word' id='word_1_89' title='bbox 876 1530 1159 1623; x_wconf 69' lang='lat' dir='ltr'><strong>cuinam</strong></span> <span class='ocrx_word' id='word_1_90' title='bbox 1187 1543 1576 1626; x_wconf 78' lang='lat' dir='ltr'><strong>auguratus</strong></span> <span class='ocrx_word' id='word_1_91' title='bbox 1597 1531 1657 1579; x_wconf 74' lang='lat'><strong>¹4</strong></span> <span class='ocrx_word' id='word_1_92' title='bbox 1688 1526 2053 1599; x_wconf 84' lang='lat' dir='ltr'><strong>deferatur</strong></span> <span class='ocrx_word' id='word_1_93' title='bbox 2078 1554 2092 1595; x_wconf 92' lang='lat'>:</span> <span class='ocrx_word' id='word_1_94' title='bbox 2121 1554 2270 1624; x_wconf 90' lang='lat' dir='ltr'><strong>quo</strong></span> <span class='ocrx_word' id='word_1_95' title='bbox 2300 1532 2462 1624; x_wconf 89' lang='lat' dir='ltr'><strong>qui-</strong></span> 
     </span>
     <span class='ocr_line' id='line_1_12' title="bbox 333 1634 2463 1737; baseline 0 -30"><span class='ocrx_word' id='word_1_96' title='bbox 333 1637 497 1708; x_wconf 87' lang='lat' dir='ltr'><strong>dem</strong></span> <span class='ocrx_word' id='word_1_97' title='bbox 536 1663 687 1708; x_wconf 90' lang='lat' dir='ltr'><strong>uno</strong></span> <span class='ocrx_word' id='word_1_98' title='bbox 726 1662 860 1734; x_wconf 87' lang='lat' dir='ltr'><strong>ego</strong></span> <span class='ocrx_word' id='word_1_99' title='bbox 904 1637 995 1709; x_wconf 85' lang='lat' dir='ltr'><strong>ab</strong></span> <span class='ocrx_word' id='word_1_100' title='bbox 1036 1640 1183 1709; x_wconf 87' lang='lat' dir='ltr'><strong>istis</strong></span> <span class='ocrx_word' id='word_1_101' title='bbox 1236 1644 1393 1736; x_wconf 88' lang='lat' dir='ltr'><strong>capi</strong></span> <span class='ocrx_word' id='word_1_102' title='bbox 1440 1663 1755 1737; x_wconf 91' lang='lat' dir='ltr'><strong>possum.</strong></span> <span class='ocrx_word' id='word_1_103' title='bbox 1791 1637 1973 1708; x_wconf 86' lang='lat' dir='ltr'>Vide</span> <span class='ocrx_word' id='word_1_104' title='bbox 1997 1634 2057 1680; x_wconf 82' lang='lat'><strong>¹⁵</strong></span> <span class='ocrx_word' id='word_1_105' title='bbox 2106 1638 2463 1709; x_wconf 83' lang='lat' dir='ltr'><strong>levitatem</strong></span> 
     </span>
     <span class='ocr_line' id='line_1_13' title="bbox 332 1751 2465 1850; baseline 0 -29"><span class='ocrx_word' id='word_1_106' title='bbox 332 1776 588 1822; x_wconf 87' lang='lat' dir='ltr'><strong>meam.</strong></span> <span class='ocrx_word' id='word_1_107' title='bbox 640 1751 777 1823; x_wconf 86' lang='lat' dir='ltr'><strong>Sed</strong></span> <span class='ocrx_word' id='word_1_108' title='bbox 833 1753 1006 1849; x_wconf 87' lang='lat' dir='ltr'><strong>quid</strong></span> <span class='ocrx_word' id='word_1_109' title='bbox 1055 1778 1190 1849; x_wconf 86' lang='lat' dir='ltr'><strong>ego</strong></span> <span class='ocrx_word' id='word_1_110' title='bbox 1243 1755 1427 1839; x_wconf 84' lang='lat' dir='ltr'><strong>haec,</strong></span> <span class='ocrx_word' id='word_1_111' title='bbox 1465 1779 1625 1850; x_wconf 82' lang='lat' dir='ltr'><strong>quae</strong></span> <span class='ocrx_word' id='word_1_112' title='bbox 1669 1755 1888 1850; x_wconf 85' lang='lat' dir='ltr'><strong>cupio</strong></span> <span class='ocrx_word' id='word_1_113' title='bbox 1943 1752 2349 1850; x_wconf 83' lang='lat' dir='ltr'><strong>deponere,</strong></span> <span class='ocrx_word' id='word_1_114' title='bbox 2394 1769 2465 1822; x_wconf 85' lang='lat' dir='ltr'><strong>et</strong></span> 
     </span>
     <span class='ocr_line' id='line_1_14' title="bbox 332 1859 2469 1954; baseline -0 -26"><span class='ocrx_word' id='word_1_115' title='bbox 332 1872 490 1928; x_wconf 88' lang='lat' dir='ltr'><strong>toto</strong></span> <span class='ocrx_word' id='word_1_116' title='bbox 529 1862 771 1927; x_wconf 88' lang='lat' dir='ltr'><strong>animo</strong></span> <span class='ocrx_word' id='word_1_117' title='bbox 818 1863 1032 1953; x_wconf 80' lang='lat' dir='ltr'><strong>atque</strong></span> <span class='ocrx_word' id='word_1_118' title='bbox 1071 1862 1270 1927; x_wconf 88' lang='lat' dir='ltr'><strong>omni</strong></span> <span class='ocrx_word' id='word_1_119' title='bbox 1310 1884 1480 1929; x_wconf 82' lang='lat' dir='ltr'><strong>cura</strong></span> <span class='ocrx_word' id='word_1_120' title='bbox 1517 1861 1908 1952; x_wconf 75' lang='grc' dir='ltr'>φιλοσοφεῖνὶ)</span> <span class='ocrx_word' id='word_1_121' title='bbox 1939 1861 2074 1941; x_wconf 89' lang='lat' dir='ltr'><strong>sic,</strong></span> <span class='ocrx_word' id='word_1_122' title='bbox 2131 1859 2424 1954; x_wconf 86' lang='lat' dir='ltr'><strong>inquam</strong></span> <span class='ocrx_word' id='word_1_123' title='bbox 2447 1910 2469 1944; x_wconf 81' lang='lat'><strong>,</strong></span> 
     </span>
     <span class='ocr_line' id='line_1_15' title="bbox 334 1966 2467 2064; baseline 0.001 -29"><span class='ocrx_word' id='word_1_124' title='bbox 334 1970 408 2037; x_wconf 88' lang='lat' dir='ltr'><strong>in</strong></span> <span class='ocrx_word' id='word_1_125' title='bbox 444 1971 684 2037; x_wconf 83' lang='lat' dir='ltr'><strong>animo</strong></span> <span class='ocrx_word' id='word_1_126' title='bbox 717 1980 845 2036; x_wconf 88' lang='lat' dir='ltr'><strong>est.</strong></span> <span class='ocrx_word' id='word_1_127' title='bbox 875 1966 1152 2038; x_wconf 87' lang='lat' dir='ltr'><strong>Vellem</strong></span> <span class='ocrx_word' id='word_1_128' title='bbox 1189 1966 1278 2036; x_wconf 90' lang='lat' dir='ltr'><strong>ab</strong></span> <span class='ocrx_word' id='word_1_129' title='bbox 1325 1969 1551 2059; x_wconf 82' lang='lat' dir='ltr'><strong>initio.</strong></span> <span class='ocrx_word' id='word_1_130' title='bbox 1594 1973 1807 2040; x_wconf 87' lang='lat' dir='ltr'><strong>Nunc</strong></span> <span class='ocrx_word' id='word_1_131' title='bbox 1848 1994 2050 2055; x_wconf 88' lang='lat' dir='ltr'><strong>vero,</strong></span> <span class='ocrx_word' id='word_1_132' title='bbox 2083 1969 2427 2064; x_wconf 85' lang='lat' dir='ltr'><strong>quoniam</strong></span> <span class='ocrx_word' id='word_1_133' title='bbox 2450 2024 2467 2047; x_wconf 89' lang='lat'><strong>,</strong></span> 
     </span>
     <span class='ocr_line' id='line_1_16' title="bbox 331 2074 2468 2175; baseline 0.001 -29"><span class='ocrx_word' id='word_1_134' title='bbox 331 2103 498 2173; x_wconf 85' lang='lat' dir='ltr'><strong>quae</strong></span> <span class='ocrx_word' id='word_1_135' title='bbox 518 2079 764 2172; x_wconf 83' lang='lat' dir='ltr'><strong>putavi</strong></span> <span class='ocrx_word' id='word_1_136' title='bbox 781 2099 932 2146; x_wconf 90' lang='lat' dir='ltr'><strong>esse</strong></span> <span class='ocrx_word' id='word_1_137' title='bbox 954 2075 1286 2173; x_wconf 71' lang='lat' dir='ltr'><strong>prat-clara</strong></span> <span class='ocrx_word' id='word_1_138' title='bbox 1306 2074 1388 2158; x_wconf 80' lang='lat'><strong>¹⁶,</strong></span> <span class='ocrx_word' id='word_1_139' title='bbox 1414 2093 1752 2175; x_wconf 85' lang='lat' dir='ltr'><strong>expertus</strong></span> <span class='ocrx_word' id='word_1_140' title='bbox 1772 2103 1930 2149; x_wconf 88' lang='lat' dir='ltr'><strong>sum</strong></span> <span class='ocrx_word' id='word_1_141' title='bbox 1953 2134 1970 2161; x_wconf 94' lang='lat'><strong>,</strong></span> <span class='ocrx_word' id='word_1_142' title='bbox 1990 2103 2205 2174; x_wconf 86' lang='lat' dir='ltr'><strong>quam</strong></span> <span class='ocrx_word' id='word_1_143' title='bbox 2230 2096 2468 2150; x_wconf 88' lang='lat' dir='ltr'><strong>essent</strong></span> 
     </span>
     <span class='ocr_line' id='line_1_17' title="bbox 331 2185 2465 2287; baseline 0.003 -32"><span class='ocrx_word' id='word_1_144' title='bbox 331 2187 610 2269; x_wconf 78' lang='lat' dir='ltr'><strong>inania,</strong></span> <span class='ocrx_word' id='word_1_145' title='bbox 653 2209 813 2254; x_wconf 87' lang='lat' dir='ltr'><strong>cum</strong></span> <span class='ocrx_word' id='word_1_146' title='bbox 856 2185 1196 2256; x_wconf 86' lang='lat' dir='ltr'><strong>omnibus</strong></span> <span class='ocrx_word' id='word_1_147' title='bbox 1232 2191 1455 2256; x_wconf 87' lang='lat' dir='ltr'><strong>Musis</strong></span> <span class='ocrx_word' id='word_1_148' title='bbox 1504 2189 1855 2258; x_wconf 82' lang='lat' dir='ltr'><strong>rationem</strong></span> <span class='ocrx_word' id='word_1_149' title='bbox 1903 2188 2170 2260; x_wconf 84' lang='lat' dir='ltr'><strong>habere</strong></span> <span class='ocrx_word' id='word_1_150' title='bbox 2210 2192 2465 2287; x_wconf 79' lang='lat' dir='ltr'><strong>cogito,</strong></span> 
     </span>
     <span class='ocr_line' id='line_1_18' title="bbox 248 2296 2467 2385; baseline 0.001 -17"><span class='ocrx_word' id='word_1_151' title='bbox 248 2343 252 2346; x_wconf 58' lang='lat'><strong>&gt;</strong></span> <span class='ocrx_word' id='word_1_152' title='bbox 335 2304 446 2369; x_wconf 89' lang='lat' dir='ltr'><strong>Tu</strong></span> <span class='ocrx_word' id='word_1_153' title='bbox 475 2313 715 2368; x_wconf 85' lang='lat' dir='ltr'><strong>tamen</strong></span> <span class='ocrx_word' id='word_1_154' title='bbox 740 2296 829 2367; x_wconf 91' lang='lat' dir='ltr'><strong>de</strong></span> <span class='ocrx_word' id='word_1_155' title='bbox 855 2301 1105 2369; x_wconf 84' lang='lat' dir='ltr'><strong>Curtio</strong></span> <span class='ocrx_word' id='word_1_156' title='bbox 1132 2310 1187 2353; x_wconf 81' lang='lat'><strong>¹7</strong></span> <span class='ocrx_word' id='word_1_157' title='bbox 1225 2298 1313 2368; x_wconf 85' lang='lat' dir='ltr'><strong>ad</strong></span> <span class='ocrx_word' id='word_1_158' title='bbox 1345 2323 1460 2368; x_wconf 89' lang='lat' dir='ltr'><strong>me</strong></span> <span class='ocrx_word' id='word_1_159' title='bbox 1484 2298 1800 2371; x_wconf 85' lang='lat' dir='ltr'><strong>rescribe</strong></span> <span class='ocrx_word' id='word_1_160' title='bbox 1827 2301 2090 2375; x_wconf 84' lang='lat' dir='ltr'><strong>certius</strong></span> <span class='ocrx_word' id='word_1_161' title='bbox 2112 2326 2130 2384; x_wconf 90' lang='lat'>;</span> <span class='ocrx_word' id='word_1_162' title='bbox 2156 2314 2262 2385; x_wconf 87' lang='lat' dir='ltr'><strong>et,</strong></span> <span class='ocrx_word' id='word_1_163' title='bbox 2292 2326 2467 2370; x_wconf 85' lang='lat' dir='ltr'><strong>num</strong></span> 
     </span>
     <span class='ocr_line' id='line_1_19' title="bbox 337 2408 2462 2507; baseline 0 -27"><span class='ocrx_word' id='word_1_164' title='bbox 337 2411 501 2507; x_wconf 88' lang='lat' dir='ltr'><strong>quis</strong></span> <span class='ocrx_word' id='word_1_165' title='bbox 535 2411 608 2478; x_wconf 88' lang='lat' dir='ltr'><strong>in</strong></span> <span class='ocrx_word' id='word_1_166' title='bbox 645 2409 798 2503; x_wconf 87' lang='lat' dir='ltr'><strong>ejus</strong></span> <span class='ocrx_word' id='word_1_167' title='bbox 833 2409 1071 2480; x_wconf 89' lang='lat' dir='ltr'><strong>locum</strong></span> <span class='ocrx_word' id='word_1_168' title='bbox 1101 2425 1428 2503; x_wconf 83' lang='lat' dir='ltr'><strong>paretur;</strong></span> <span class='ocrx_word' id='word_1_169' title='bbox 1461 2424 1531 2480; x_wconf 89' lang='lat' dir='ltr'><strong>et</strong></span> <span class='ocrx_word' id='word_1_170' title='bbox 1551 2466 1568 2494; x_wconf 95' lang='lat'><strong>,</strong></span> <span class='ocrx_word' id='word_1_171' title='bbox 1597 2408 1776 2505; x_wconf 86' lang='lat' dir='ltr'><strong>quid</strong></span> <span class='ocrx_word' id='word_1_172' title='bbox 1803 2409 1893 2480; x_wconf 84' lang='lat' dir='ltr'><strong>de</strong></span> <span class='ocrx_word' id='word_1_173' title='bbox 1924 2413 1992 2478; x_wconf 91' lang='lat' dir='ltr'><strong>P.</strong></span> <span class='ocrx_word' id='word_1_174' title='bbox 2020 2409 2273 2480; x_wconf 86' lang='lat' dir='ltr'><strong>Clodio</strong></span> <span class='ocrx_word' id='word_1_175' title='bbox 2304 2409 2462 2480; x_wconf 75' lang='lat' dir='ltr'><strong>fiat:</strong></span> 
     </span>
    </p>
   </div>
   <div class='ocr_carea' id='block_1_3' title="bbox 339 2638 1359 2845">
    <p class='ocr_par' dir='ltr' id='par_1_3' title="bbox 339 2638 1359 2845">
     <span class='ocr_line' id='line_1_20' title="bbox 339 2638 1356 2703; baseline -0.002 -16"><span class='ocrx_word' id='word_1_176' title='bbox 339 2640 624 2703; x_wconf 71' lang='lat' dir='ltr'><strong>legationem</strong></span> <span class='ocrx_word' id='word_1_177' title='bbox 667 2638 864 2695; x_wconf 77' lang='lat' dir='ltr'><strong>attinet,</strong></span> <span class='ocrx_word' id='word_1_178' title='bbox 904 2653 964 2684; x_wconf 91' lang='lat' dir='ltr'><strong>ne</strong></span> <span class='ocrx_word' id='word_1_179' title='bbox 1008 2653 1322 2701; x_wconf 73' lang='lat' dir='ltr'><strong>properemus</strong></span> <span class='ocrx_word' id='word_1_180' title='bbox 1342 2672 1356 2694; x_wconf 84' lang='lat'><strong>,</strong></span> 
     </span>
     <span class='ocr_line' id='line_1_21' title="bbox 340 2719 1359 2782; baseline -0.003 -16"><span class='ocrx_word' id='word_1_181' title='bbox 340 2719 424 2766; x_wconf 73' lang='lat' dir='ltr'><strong>sed</strong></span> <span class='ocrx_word' id='word_1_182' title='bbox 442 2719 739 2782; x_wconf 80' lang='lat' dir='ltr'><strong>excipiamus</strong></span> <span class='ocrx_word' id='word_1_183' title='bbox 753 2752 767 2775; x_wconf 94' lang='lat'>‚</span> <span class='ocrx_word' id='word_1_184' title='bbox 797 2727 845 2763; x_wconf 90' lang='lat' dir='ltr'><strong>et</strong></span> <span class='ocrx_word' id='word_1_185' title='bbox 863 2727 1217 2781; x_wconf 74' lang='lat' dir='ltr'><strong>exspectemus,</strong></span> <span class='ocrx_word' id='word_1_186' title='bbox 1240 2733 1359 2764; x_wconf 88' lang='lat' dir='ltr'><strong>num</strong></span> 
     </span>
     <span class='ocr_line' id='line_1_22' title="bbox 343 2798 763 2845; baseline 0 -1"><span class='ocrx_word' id='word_1_187' title='bbox 343 2798 594 2845; x_wconf 81' lang='lat' dir='ltr'><strong>deseratur.</strong></span> <span class='ocrx_word' id='word_1_188' title='bbox 622 2798 763 2844; x_wconf 69' lang='lat' dir='ltr'><strong>Mur.</strong></span> 
     </span>
    </p>
   </div>
   <div class='ocr_carea' id='block_1_4' title="bbox 1448 2638 2469 2859">
    <p class='ocr_par' dir='ltr' id='par_1_4' title="bbox 1448 2638 2469 2859">
     <span class='ocr_line' id='line_1_23' title="bbox 1449 2638 2469 2702; baseline 0 -17"><span class='ocrx_word' id='word_1_189' title='bbox 1449 2649 1660 2700; x_wconf 66' lang='lat' dir='ltr'><strong>praetura</strong></span> <span class='ocrx_word' id='word_1_190' title='bbox 1710 2638 2016 2701; x_wconf 76' lang='lat' dir='ltr'><strong>profecturus</strong></span> <span class='ocrx_word' id='word_1_191' title='bbox 2044 2639 2106 2684; x_wconf 73' lang='lat' dir='ltr'><strong>&#39;iu</strong></span> <span class='ocrx_word' id='word_1_192' title='bbox 2150 2638 2469 2702; x_wconf 76' lang='lat' dir='ltr'><strong>provinciam.</strong></span> 
     </span>
     <span class='ocr_line' id='line_1_24' title="bbox 1528 2717 2469 2780; baseline 0.001 -18"><span class='ocrx_word' id='word_1_193' title='bbox 1528 2726 1602 2772; x_wconf 69' lang='lat'><strong>14.</strong></span> <span class='ocrx_word' id='word_1_194' title='bbox 1632 2719 1929 2780; x_wconf 73' lang='lat' dir='ltr'><strong>Augur-aeus.</strong></span> <span class='ocrx_word' id='word_1_195' title='bbox 1956 2721 2011 2764; x_wconf 87' lang='lat' dir='ltr'><strong>In</strong></span> <span class='ocrx_word' id='word_1_196' title='bbox 2034 2717 2195 2764; x_wconf 88' lang='lat' dir='ltr'><strong>locum</strong></span> <span class='ocrx_word' id='word_1_197' title='bbox 2225 2718 2469 2765; x_wconf 85' lang='lat' dir='ltr'><strong>demortui</strong></span> 
     </span>
     <span class='ocr_line' id='line_1_25' title="bbox 1448 2795 2468 2859; baseline 0 -17"><span class='ocrx_word' id='word_1_198' title='bbox 1448 2796 1645 2859; x_wconf 83' lang='lat' dir='ltr'><strong>auguris</strong></span> <span class='ocrx_word' id='word_1_199' title='bbox 1662 2796 1848 2842; x_wconf 80' lang='lat' dir='ltr'><strong>Metelli</strong></span> <span class='ocrx_word' id='word_1_200' title='bbox 1870 2797 2066 2844; x_wconf 86' lang='lat' dir='ltr'><strong>Celeris.</strong></span> <span class='ocrx_word' id='word_1_201' title='bbox 2095 2795 2222 2844; x_wconf 78' lang='lat' dir='ltr'><strong>Nam</strong></span> <span class='ocrx_word' id='word_1_202' title='bbox 2241 2797 2468 2843; x_wconf 79' lang='lat' dir='ltr'><strong>Metellus</strong></span> 
     </span>
    </p>
   </div>
   <div class='ocr_carea' id='block_1_5' title="bbox 346 2874 1360 3415">
    <p class='ocr_par' dir='ltr' id='par_1_5' title="bbox 347 2874 1356 3019">
     <span class='ocr_line' id='line_1_26' title="bbox 414 2874 1356 2937; baseline -0.003 -13"><span class='ocrx_word' id='word_1_203' title='bbox 414 2893 461 2936; x_wconf 83' lang='lat'><strong>7.</strong></span> <span class='ocrx_word' id='word_1_204' title='bbox 478 2879 712 2924; x_wconf 77' lang='lat' dir='ltr'><strong>Potestas.</strong></span> <span class='ocrx_word' id='word_1_205' title='bbox 739 2874 1050 2937; x_wconf 66' lang='lat' dir='ltr'><strong>Accspiendi,</strong></span> <span class='ocrx_word' id='word_1_206' title='bbox 1078 2886 1127 2922; x_wconf 87' lang='lat' dir='ltr'><strong>et</strong></span> <span class='ocrx_word' id='word_1_207' title='bbox 1153 2891 1256 2922; x_wconf 86' lang='lat' dir='ltr'><strong>non</strong></span> <span class='ocrx_word' id='word_1_208' title='bbox 1279 2891 1356 2921; x_wconf 84' lang='lat' dir='ltr'><strong>ac·</strong></span> 
     </span>
     <span class='ocr_line' id='line_1_27' title="bbox 347 2954 760 3019; baseline 0 -20"><span class='ocrx_word' id='word_1_209' title='bbox 347 2954 572 3019; x_wconf 76' lang='lat' dir='ltr'><strong>cipiendI.</strong></span> <span class='ocrx_word' id='word_1_210' title='bbox 600 2956 760 3003; x_wconf 76' lang='lat' dir='ltr'><strong>Conn.</strong></span> 
     </span>
    </p>

    <p class='ocr_par' dir='ltr' id='par_1_6' title="bbox 418 3031 1353 3082">
     <span class='ocr_line' id='line_1_28' title="bbox 418 3031 1353 3082; baseline -0.001 -2"><span class='ocrx_word' id='word_1_211' title='bbox 418 3035 469 3082; x_wconf 83' lang='lat'><strong>8.</strong></span> <span class='ocrx_word' id='word_1_212' title='bbox 491 3032 682 3082; x_wconf 77' lang='lat' dir='ltr'><strong>Schiitz.</strong></span> <span class='ocrx_word' id='word_1_213' title='bbox 705 3032 842 3079; x_wconf 87' lang='lat' dir='ltr'><strong>malit</strong></span> <span class='ocrx_word' id='word_1_214' title='bbox 855 3031 1014 3079; x_wconf 79' lang='lat' dir='ltr'><strong>delere</strong></span> <span class='ocrx_word' id='word_1_215' title='bbox 1027 3047 1139 3079; x_wconf 72' lang='lat' dir='ltr'><strong>noa.</strong></span> <span class='ocrx_word' id='word_1_216' title='bbox 1155 3036 1206 3081; x_wconf 88' lang='lat' dir='ltr'><strong>J.</strong></span> <span class='ocrx_word' id='word_1_217' title='bbox 1226 3036 1284 3080; x_wconf 85' lang='lat' dir='ltr'><strong>V.</strong></span> <span class='ocrx_word' id='word_1_218' title='bbox 1304 3037 1353 3080; x_wconf 90' lang='lat' dir='ltr'><strong>L.</strong></span> 
     </span>
    </p>

    <p class='ocr_par' dir='ltr' id='par_1_7' title="bbox 346 3110 1360 3415">
     <span class='ocr_line' id='line_1_29' title="bbox 418 3110 1358 3177; baseline -0.002 -16"><span class='ocrx_word' id='word_1_219' title='bbox 418 3129 466 3175; x_wconf 85' lang='lat'><strong>9.</strong></span> <span class='ocrx_word' id='word_1_220' title='bbox 511 3110 766 3177; x_wconf 69' lang='grc' dir='ltr'>θοοφάνης.</span> <span class='ocrx_word' id='word_1_221' title='bbox 807 3110 1127 3173; x_wconf 75' lang='lat' dir='ltr'><strong>Theophanes</strong></span> <span class='ocrx_word' id='word_1_222' title='bbox 1158 3112 1358 3175; x_wconf 75' lang='lat' dir='ltr'><strong>Mityle·</strong></span> 
     </span>
     <span class='ocr_line' id='line_1_30' title="bbox 347 3189 1358 3255; baseline 0 -16"><span class='ocrx_word' id='word_1_223' title='bbox 347 3208 478 3241; x_wconf 77' lang='lat' dir='ltr'><strong>naeus</strong></span> <span class='ocrx_word' id='word_1_224' title='bbox 525 3209 586 3239; x_wconf 85' lang='lat' dir='ltr'><strong>ex</strong></span> <span class='ocrx_word' id='word_1_225' title='bbox 633 3190 854 3255; x_wconf 85' lang='lat' dir='ltr'><strong>Pompeii</strong></span> <span class='ocrx_word' id='word_1_226' title='bbox 898 3189 1174 3238; x_wconf 74' lang='lat' dir='ltr'><strong>domesticis</strong></span> <span class='ocrx_word' id='word_1_227' title='bbox 1217 3200 1358 3254; x_wconf 81' lang='lat' dir='ltr'><strong>atquc</strong></span> 
     </span>
     <span class='ocr_line' id='line_1_31' title="bbox 346 3271 1357 3334; baseline 0 -13"><span class='ocrx_word' id='word_1_228' title='bbox 346 3273 525 3321; x_wconf 84' lang='lat' dir='ltr'><strong>intimis</strong></span> <span class='ocrx_word' id='word_1_229' title='bbox 554 3272 895 3329; x_wconf 76' lang='lat' dir='ltr'><strong>familiaribus,</strong></span> <span class='ocrx_word' id='word_1_230' title='bbox 925 3271 1169 3334; x_wconf 74' lang='lat' dir='ltr'><strong>particeps</strong></span> <span class='ocrx_word' id='word_1_231' title='bbox 1194 3273 1357 3322; x_wconf 80' lang='lat' dir='ltr'><strong>consi·</strong></span> 
     </span>
     <span class='ocr_line' id='line_1_32' title="bbox 347 3348 1360 3415; baseline 0 -18"><span class='ocrx_word' id='word_1_232' title='bbox 347 3352 516 3399; x_wconf 88' lang='lat' dir='ltr'><strong>liorum</strong></span> <span class='ocrx_word' id='word_1_233' title='bbox 538 3385 553 3410; x_wconf 90' lang='lat'><strong>,</strong></span> <span class='ocrx_word' id='word_1_234' title='bbox 581 3364 631 3399; x_wconf 87' lang='lat' dir='ltr'><strong>et</strong></span> <span class='ocrx_word' id='word_1_235' title='bbox 654 3351 865 3415; x_wconf 80' lang='lat' dir='ltr'><strong>scriptor</strong></span> <span class='ocrx_word' id='word_1_236' title='bbox 892 3365 1051 3397; x_wconf 86' lang='lat' dir='ltr'><strong>rerum</strong></span> <span class='ocrx_word' id='word_1_237' title='bbox 1078 3348 1263 3413; x_wconf 84' lang='lat' dir='ltr'><strong>ipsius:</strong></span> <span class='ocrx_word' id='word_1_238' title='bbox 1302 3350 1360 3397; x_wconf 84' lang='lat' dir='ltr'><strong>de</strong></span> 
     </span>
    </p>
   </div>
   <div class='ocr_carea' id='block_1_6' title="bbox 247 3429 1360 3494">
    <p class='ocr_par' dir='ltr' id='par_1_8' title="bbox 247 3429 1360 3494">
     <span class='ocr_line' id='line_1_33' title="bbox 247 3429 1360 3494; baseline -0.002 -17"><span class='ocrx_word' id='word_1_239' title='bbox 247 3474 266 3493; x_wconf 71' lang='lat'>‚</span> <span class='ocrx_word' id='word_1_240' title='bbox 346 3445 447 3491; x_wconf 85' lang='lat' dir='ltr'><strong>quo</strong></span> <span class='ocrx_word' id='word_1_241' title='bbox 476 3447 552 3494; x_wconf 88' lang='lat' dir='ltr'><strong>ep.</strong></span> <span class='ocrx_word' id='word_1_242' title='bbox 595 3445 672 3490; x_wconf 65' lang='grc' dir='ltr'><strong>ις,</strong></span> <span class='ocrx_word' id='word_1_243' title='bbox 711 3440 760 3478; x_wconf 87' lang='lat' dir='ltr'><strong>et</strong></span> <span class='ocrx_word' id='word_1_244' title='bbox 787 3429 877 3477; x_wconf 90' lang='lat' dir='ltr'><strong>lib.</strong></span> <span class='ocrx_word' id='word_1_245' title='bbox 914 3432 980 3489; x_wconf 84' lang='lat' dir='ltr'><strong>V,</strong></span> <span class='ocrx_word' id='word_1_246' title='bbox 1028 3442 1245 3493; x_wconf 78' lang='lat' dir='ltr'><strong>113pro</strong></span> <span class='ocrx_word' id='word_1_247' title='bbox 1272 3431 1360 3476; x_wconf 80' lang='lat' dir='ltr'><strong>Ar-</strong></span> 
     </span>
    </p>
   </div>
   <div class='ocr_carea' id='block_1_7' title="bbox 345 3510 1365 3968">
    <p class='ocr_par' dir='ltr' id='par_1_9' title="bbox 345 3510 832 3571">
     <span class='ocr_line' id='line_1_34' title="bbox 345 3510 832 3571; baseline 0 -15"><span class='ocrx_word' id='word_1_248' title='bbox 345 3510 483 3571; x_wconf 72' lang='lat' dir='ltr'><strong>chia,</strong></span> <span class='ocrx_word' id='word_1_249' title='bbox 509 3522 606 3558; x_wconf 84' lang='lat' dir='ltr'><strong>etc.</strong></span> <span class='ocrx_word' id='word_1_250' title='bbox 633 3512 832 3559; x_wconf 64' lang='lat' dir='ltr'><strong>Porus.</strong></span> 
     </span>
    </p>

    <p class='ocr_par' dir='ltr' id='par_1_10' title="bbox 349 3587 1360 3812">
     <span class='ocr_line' id='line_1_35' title="bbox 425 3587 1360 3652; baseline 0.001 -18"><span class='ocrx_word' id='word_1_251' title='bbox 425 3604 499 3636; x_wconf 80' lang='lat' dir='ltr'><strong>ro.</strong></span> <span class='ocrx_word' id='word_1_252' title='bbox 545 3589 734 3636; x_wconf 79' lang='lat' dir='ltr'><strong>Arrius.</strong></span> <span class='ocrx_word' id='word_1_253' title='bbox 774 3588 898 3635; x_wconf 84' lang='lat' dir='ltr'><strong>Vide</strong></span> <span class='ocrx_word' id='word_1_254' title='bbox 938 3604 1017 3652; x_wconf 88' lang='lat' dir='ltr'><strong>ep.</strong></span> <span class='ocrx_word' id='word_1_255' title='bbox 1054 3605 1079 3647; x_wconf 84' lang='lat'><strong>7</strong></span> <span class='ocrx_word' id='word_1_256' title='bbox 1109 3588 1253 3649; x_wconf 81' lang='lat' dir='ltr'><strong>hujus</strong></span> <span class='ocrx_word' id='word_1_257' title='bbox 1278 3587 1360 3635; x_wconf 88' lang='lat' dir='ltr'><strong>lib.</strong></span> 
     </span>
     <span class='ocr_line' id='line_1_36' title="bbox 349 3666 1359 3732; baseline -0.001 -18"><span class='ocrx_word' id='word_1_258' title='bbox 349 3668 434 3716; x_wconf 86' lang='lat' dir='ltr'><strong>Ille</strong></span> <span class='ocrx_word' id='word_1_259' title='bbox 460 3667 557 3716; x_wconf 86' lang='lat' dir='ltr'><strong>hoc</strong></span> <span class='ocrx_word' id='word_1_260' title='bbox 586 3684 716 3715; x_wconf 83' lang='lat' dir='ltr'><strong>anno</strong></span> <span class='ocrx_word' id='word_1_261' title='bbox 747 3667 936 3732; x_wconf 86' lang='lat' dir='ltr'><strong>populo</strong></span> <span class='ocrx_word' id='word_1_262' title='bbox 966 3667 1163 3730; x_wconf 87' lang='lat' dir='ltr'><strong>epulum</strong></span> <span class='ocrx_word' id='word_1_263' title='bbox 1191 3667 1241 3713; x_wconf 89' lang='lat' dir='ltr'><strong>in</strong></span> <span class='ocrx_word' id='word_1_264' title='bbox 1271 3666 1359 3713; x_wconf 84' lang='lat' dir='ltr'><strong>ho·</strong></span> 
     </span>
     <span class='ocr_line' id='line_1_37' title="bbox 349 3746 1133 3812; baseline 0.001 -19"><span class='ocrx_word' id='word_1_265' title='bbox 349 3761 517 3795; x_wconf 79' lang='lat' dir='ltr'><strong>norem</strong></span> <span class='ocrx_word' id='word_1_266' title='bbox 545 3747 697 3812; x_wconf 76' lang='lat' dir='ltr'><strong>patris</strong></span> <span class='ocrx_word' id='word_1_267' title='bbox 725 3746 1015 3811; x_wconf 68' lang='lat' dir='ltr'><strong>praebuerat.</strong></span> <span class='ocrx_word' id='word_1_268' title='bbox 1044 3748 1133 3794; x_wconf 83' lang='lat' dir='ltr'><strong>En.</strong></span> 
     </span>
    </p>

    <p class='ocr_par' dir='ltr' id='par_1_11' title="bbox 348 3825 1365 3968">
     <span class='ocr_line' id='line_1_38' title="bbox 427 3825 1365 3888; baseline -0.001 -16"><span class='ocrx_word' id='word_1_269' title='bbox 427 3842 444 3872; x_wconf 90' lang='lat'>1</span> <span class='ocrx_word' id='word_1_270' title='bbox 461 3843 503 3875; x_wconf 85' lang='lat'><strong>1.</strong></span> <span class='ocrx_word' id='word_1_271' title='bbox 529 3826 757 3874; x_wconf 75' lang='lat' dir='ltr'><strong>Gabinio.</strong></span> <span class='ocrx_word' id='word_1_272' title='bbox 781 3828 841 3873; x_wconf 77' lang='lat' dir='ltr'><strong>A.</strong></span> <span class='ocrx_word' id='word_1_273' title='bbox 864 3825 1076 3874; x_wconf 80' lang='lat' dir='ltr'><strong>Gabinio</strong></span> <span class='ocrx_word' id='word_1_274' title='bbox 1092 3860 1106 3881; x_wconf 94' lang='lat'><strong>,</strong></span> <span class='ocrx_word' id='word_1_275' title='bbox 1130 3826 1215 3888; x_wconf 87' lang='lat' dir='ltr'><strong>qui</strong></span> <span class='ocrx_word' id='word_1_276' title='bbox 1236 3840 1365 3872; x_wconf 77' lang='lat' dir='ltr'><strong>anno</strong></span> 
     </span>
     <span class='ocr_line' id='line_1_39' title="bbox 348 3905 1242 3968; baseline -0.001 -15"><span class='ocrx_word' id='word_1_277' title='bbox 348 3916 579 3968; x_wconf 79' lang='lat' dir='ltr'><strong>sequente</strong></span> <span class='ocrx_word' id='word_1_278' title='bbox 607 3905 781 3953; x_wconf 77' lang='lat' dir='ltr'><strong>consul</strong></span> <span class='ocrx_word' id='word_1_279' title='bbox 801 3905 892 3951; x_wconf 80' lang='lat' dir='ltr'><strong>suit</strong></span> <span class='ocrx_word' id='word_1_280' title='bbox 915 3921 1025 3952; x_wconf 89' lang='lat' dir='ltr'><strong>cnm</strong></span> <span class='ocrx_word' id='word_1_281' title='bbox 1050 3905 1242 3952; x_wconf 81' lang='lat' dir='ltr'><strong>Pisone.</strong></span> 
     </span>
    </p>
   </div>
   <div class='ocr_carea' id='block_1_8' title="bbox 1448 2876 2476 3962">
    <p class='ocr_par' dir='ltr' id='par_1_12' title="bbox 1448 2876 2473 3333">
     <span class='ocr_line' id='line_1_40' title="bbox 1449 2876 2469 2939; baseline -0.002 -15"><span class='ocrx_word' id='word_1_282' title='bbox 1449 2877 1644 2939; x_wconf 85' lang='lat' dir='ltr'><strong>Nepos,</strong></span> <span class='ocrx_word' id='word_1_283' title='bbox 1672 2891 1825 2938; x_wconf 84' lang='lat' dir='ltr'><strong>quum</strong></span> <span class='ocrx_word' id='word_1_284' title='bbox 1852 2878 1905 2922; x_wconf 86' lang='lat' dir='ltr'><strong>in</strong></span> <span class='ocrx_word' id='word_1_285' title='bbox 1930 2876 2231 2938; x_wconf 83' lang='lat' dir='ltr'><strong>provinciam</strong></span> <span class='ocrx_word' id='word_1_286' title='bbox 2262 2877 2355 2923; x_wconf 86' lang='lat' dir='ltr'><strong>iret</strong></span> <span class='ocrx_word' id='word_1_287' title='bbox 2382 2891 2469 2936; x_wconf 87' lang='lat' dir='ltr'><strong>pe-</strong></span> 
     </span>
     <span class='ocr_line' id='line_1_41' title="bbox 1448 2954 2471 3018; baseline -0.001 -17"><span class='ocrx_word' id='word_1_288' title='bbox 1448 2954 1621 3003; x_wconf 85' lang='lat' dir='ltr'><strong>titione</strong></span> <span class='ocrx_word' id='word_1_289' title='bbox 1646 2954 2025 3016; x_wconf 76' lang='lat' dir='ltr'><strong>excludebatur:</strong></span> <span class='ocrx_word' id='word_1_290' title='bbox 2048 2971 2159 3001; x_wconf 88' lang='lat' dir='ltr'><strong>nam</strong></span> <span class='ocrx_word' id='word_1_291' title='bbox 2183 2954 2222 3001; x_wconf 87' lang='lat' dir='ltr'><strong>si</strong></span> <span class='ocrx_word' id='word_1_292' title='bbox 2246 2957 2344 3015; x_wconf 78' lang='lat' dir='ltr'><strong>jam</strong></span> <span class='ocrx_word' id='word_1_293' title='bbox 2374 2954 2471 3018; x_wconf 81' lang='lat' dir='ltr'><strong>ele-</strong></span> 
     </span>
     <span class='ocr_line' id='line_1_42' title="bbox 1448 3032 2472 3100; baseline -0.002 -20"><span class='ocrx_word' id='word_1_294' title='bbox 1448 3043 1555 3080; x_wconf 85' lang='lat' dir='ltr'><strong>ctus</strong></span> <span class='ocrx_word' id='word_1_295' title='bbox 1576 3032 1740 3080; x_wconf 74' lang='lat' dir='ltr'><strong>suIsset</strong></span> <span class='ocrx_word' id='word_1_296' title='bbox 1755 3048 1926 3100; x_wconf 79' lang='lat' dir='ltr'><strong>augur,</strong></span> <span class='ocrx_word' id='word_1_297' title='bbox 1946 3032 2161 3079; x_wconf 86' lang='lat' dir='ltr'><strong>absentia</strong></span> <span class='ocrx_word' id='word_1_298' title='bbox 2179 3033 2302 3079; x_wconf 86' lang='lat' dir='ltr'><strong>nihil</strong></span> <span class='ocrx_word' id='word_1_299' title='bbox 2321 3033 2472 3095; x_wconf 81' lang='lat' dir='ltr'><strong>impe-</strong></span> 
     </span>
     <span class='ocr_line' id='line_1_43' title="bbox 1449 3097 2471 3175; baseline -0.004 -15"><span class='ocrx_word' id='word_1_300' title='bbox 1449 3112 1622 3168; x_wconf 80' lang='lat' dir='ltr'><strong>disset,</strong></span> <span class='ocrx_word' id='word_1_301' title='bbox 1666 3127 1766 3175; x_wconf 86' lang='lat' dir='ltr'><strong>quo</strong></span> <span class='ocrx_word' id='word_1_302' title='bbox 1813 3112 1973 3158; x_wconf 86' lang='lat' dir='ltr'><strong>miuus</strong></span> <span class='ocrx_word' id='word_1_303' title='bbox 2011 3112 2107 3173; x_wconf 77' lang='lat' dir='ltr'><strong>boo</strong></span> <span class='ocrx_word' id='word_1_304' title='bbox 2146 3097 2471 3158; x_wconf 51' lang='lat' dir='ltr'><strong>sacerdotium¹</strong></span> 
     </span>
     <span class='ocr_line' id='line_1_44' title="bbox 1449 3189 2473 3254; baseline -0.001 -16"><span class='ocrx_word' id='word_1_305' title='bbox 1449 3203 1633 3240; x_wconf 87' lang='lat' dir='ltr'><strong>teneret</strong></span> <span class='ocrx_word' id='word_1_306' title='bbox 1652 3224 1669 3249; x_wconf 88' lang='lat'><strong>,</strong></span> <span class='ocrx_word' id='word_1_307' title='bbox 1705 3190 1841 3254; x_wconf 79' lang='lat' dir='ltr'><strong>quod</strong></span> <span class='ocrx_word' id='word_1_308' title='bbox 1876 3189 2108 3252; x_wconf 83' lang='lat' dir='ltr'><strong>exemplis</strong></span> <span class='ocrx_word' id='word_1_309' title='bbox 2138 3189 2473 3253; x_wconf 80' lang='lat' dir='ltr'><strong>compluribus</strong></span> 
     </span>
     <span class='ocr_line' id='line_1_45' title="bbox 1450 3268 2063 3333; baseline 0 -18"><span class='ocrx_word' id='word_1_310' title='bbox 1450 3268 1595 3318; x_wconf 85' lang='lat' dir='ltr'><strong>docet</strong></span> <span class='ocrx_word' id='word_1_311' title='bbox 1622 3270 1938 3333; x_wconf 82' lang='lat' dir='ltr'><strong>Mongaltius.</strong></span> <span class='ocrx_word' id='word_1_312' title='bbox 1972 3271 2063 3316; x_wconf 83' lang='lat' dir='ltr'><strong>En.</strong></span> 
     </span>
    </p>

    <p class='ocr_par' dir='ltr' id='par_1_13' title="bbox 1451 3347 2473 3802">
     <span class='ocr_line' id='line_1_46' title="bbox 1529 3347 2469 3398; baseline -0.003 -2"><span class='ocrx_word' id='word_1_313' title='bbox 1529 3351 1608 3398; x_wconf 83' lang='lat'><strong>15.</strong></span> <span class='ocrx_word' id='word_1_314' title='bbox 1645 3349 1782 3396; x_wconf 82' lang='lat' dir='ltr'><strong>Vide.</strong></span> <span class='ocrx_word' id='word_1_315' title='bbox 1816 3350 1895 3396; x_wconf 86' lang='lat' dir='ltr'><strong>Sic</strong></span> <span class='ocrx_word' id='word_1_316' title='bbox 1925 3347 2205 3395; x_wconf 77' lang='lat' dir='ltr'><strong>emendabat</strong></span> <span class='ocrx_word' id='word_1_317' title='bbox 2228 3348 2469 3394; x_wconf 84' lang='lat' dir='ltr'><strong>Muretus.</strong></span> 
     </span>
     <span class='ocr_line' id='line_1_47' title="bbox 1451 3427 2473 3488; baseline -0.001 -12"><span class='ocrx_word' id='word_1_318' title='bbox 1451 3432 1560 3476; x_wconf 76' lang='lat' dir='ltr'><strong>noc</strong></span> <span class='ocrx_word' id='word_1_319' title='bbox 1584 3428 1712 3476; x_wconf 81' lang='lat' dir='ltr'><strong>enim</strong></span> <span class='ocrx_word' id='word_1_320' title='bbox 1734 3427 1854 3475; x_wconf 86' lang='lat' dir='ltr'><strong>dicit</strong></span> <span class='ocrx_word' id='word_1_321' title='bbox 1878 3428 2077 3476; x_wconf 85' lang='lat' dir='ltr'><strong>Cicero:</strong></span> <span class='ocrx_word' id='word_1_322' title='bbox 2108 3428 2407 3488; x_wconf 73' lang='lat' dir='ltr'><strong>Augai-atum</strong></span> <span class='ocrx_word' id='word_1_323' title='bbox 2433 3427 2473 3476; x_wconf 79' lang='lat' dir='ltr'><strong>si</strong></span> 
     </span>
     <span class='ocr_line' id='line_1_48' title="bbox 1452 3506 2471 3569; baseline -0.001 -16"><span class='ocrx_word' id='word_1_324' title='bbox 1452 3506 1669 3553; x_wconf 80' lang='lat' dir='ltr'><strong>deserent</strong></span> <span class='ocrx_word' id='word_1_325' title='bbox 1697 3506 1847 3558; x_wconf 84' lang='lat' dir='ltr'><strong>mihi.</strong></span> <span class='ocrx_word' id='word_1_326' title='bbox 1880 3515 2053 3569; x_wconf 87' lang='lat' dir='ltr'><strong>potero</strong></span> <span class='ocrx_word' id='word_1_327' title='bbox 2091 3507 2142 3549; x_wconf 90' lang='lat' dir='ltr'><strong>in</strong></span> <span class='ocrx_word' id='word_1_328' title='bbox 2178 3519 2345 3551; x_wconf 86' lang='lat' dir='ltr'><strong>eorum</strong></span> <span class='ocrx_word' id='word_1_329' title='bbox 2383 3521 2471 3567; x_wconf 92' lang='lat' dir='ltr'><strong>po-</strong></span> 
     </span>
     <span class='ocr_line' id='line_1_49' title="bbox 1455 3583 2473 3645; baseline 0.001 -14"><span class='ocrx_word' id='word_1_330' title='bbox 1455 3596 1672 3633; x_wconf 77' lang='lat' dir='ltr'><strong>testatem</strong></span> <span class='ocrx_word' id='word_1_331' title='bbox 1695 3587 1887 3642; x_wconf 79' lang='lat' dir='ltr'><strong>venire,</strong></span> <span class='ocrx_word' id='word_1_332' title='bbox 1918 3595 1970 3636; x_wconf 86' lang='lat' dir='ltr'><strong>ut</strong></span> <span class='ocrx_word' id='word_1_333' title='bbox 1998 3583 2058 3630; x_wconf 88' lang='lat' dir='ltr'><strong>de</strong></span> <span class='ocrx_word' id='word_1_334' title='bbox 2086 3583 2253 3645; x_wconf 86' lang='lat' dir='ltr'><strong>repub.</strong></span> <span class='ocrx_word' id='word_1_335' title='bbox 2283 3600 2384 3631; x_wconf 89' lang='lat' dir='ltr'><strong>non</strong></span> <span class='ocrx_word' id='word_1_336' title='bbox 2411 3584 2473 3632; x_wconf 82' lang='lat' dir='ltr'><strong>nb</strong></span> 
     </span>
     <span class='ocr_line' id='line_1_50' title="bbox 1455 3664 2472 3722; baseline 0 -11"><span class='ocrx_word' id='word_1_337' title='bbox 1455 3664 1550 3712; x_wconf 86' lang='lat' dir='ltr'><strong>illis</strong></span> <span class='ocrx_word' id='word_1_338' title='bbox 1571 3664 1866 3712; x_wconf 79' lang='lat' dir='ltr'><strong>dissentiam.</strong></span> <span class='ocrx_word' id='word_1_339' title='bbox 1893 3667 2065 3710; x_wconf 66' lang='lat' dir='ltr'><strong>Giton.</strong></span> <span class='ocrx_word' id='word_1_340' title='bbox 2095 3688 2163 3697; x_wconf 93' lang='grc'><strong>--</strong></span> <span class='ocrx_word' id='word_1_341' title='bbox 2194 3664 2472 3722; x_wconf 64' lang='grc' dir='ltr'><strong>ισνίςατειη.</strong></span> 
     </span>
     <span class='ocr_line' id='line_1_51' title="bbox 1455 3743 1892 3802; baseline 0 -12"><span class='ocrx_word' id='word_1_342' title='bbox 1455 3743 1583 3802; x_wconf 71' lang='lat' dir='ltr'><strong>Alii,</strong></span> <span class='ocrx_word' id='word_1_343' title='bbox 1609 3744 1892 3791; x_wconf 69' lang='lat' dir='ltr'><strong>cce-citatem.</strong></span> 
     </span>
    </p>

    <p class='ocr_par' dir='ltr' id='par_1_14' title="bbox 1537 3820 2472 3882">
     <span class='ocr_line' id='line_1_52' title="bbox 1537 3820 2472 3882; baseline 0 -14"><span class='ocrx_word' id='word_1_344' title='bbox 1537 3839 1556 3867; x_wconf 87' lang='lat'>1</span> <span class='ocrx_word' id='word_1_345' title='bbox 1566 3825 1614 3869; x_wconf 83' lang='lat'><strong>6.</strong></span> <span class='ocrx_word' id='word_1_346' title='bbox 1630 3823 1892 3870; x_wconf 79' lang='lat' dir='ltr'><strong>Proeclam.</strong></span> <span class='ocrx_word' id='word_1_347' title='bbox 1908 3821 2235 3882; x_wconf 74' lang='lat' dir='ltr'><strong>Magistratus,</strong></span> <span class='ocrx_word' id='word_1_348' title='bbox 2249 3820 2472 3871; x_wconf 76' lang='lat' dir='ltr'><strong>honores.</strong></span> 
     </span>
    </p>

    <p class='ocr_par' dir='ltr' id='par_1_15' title="bbox 1536 3899 2476 3962">
     <span class='ocr_line' id='line_1_53' title="bbox 1536 3899 2476 3962; baseline -0.003 -14"><span class='ocrx_word' id='word_1_349' title='bbox 1536 3919 1554 3948; x_wconf 80' lang='grc' dir='ltr'><strong>ι</strong></span> <span class='ocrx_word' id='word_1_350' title='bbox 1570 3919 1613 3962; x_wconf 80' lang='lat'><strong>7.</strong></span> <span class='ocrx_word' id='word_1_351' title='bbox 1644 3904 1714 3947; x_wconf 87' lang='lat' dir='ltr'><strong>De</strong></span> <span class='ocrx_word' id='word_1_352' title='bbox 1734 3902 1910 3949; x_wconf 71' lang='lat' dir='ltr'><strong>Curtio.</strong></span> <span class='ocrx_word' id='word_1_353' title='bbox 1940 3902 2158 3947; x_wconf 70' lang='lat' dir='ltr'><strong>Fortasse</strong></span> <span class='ocrx_word' id='word_1_354' title='bbox 2179 3900 2250 3947; x_wconf 82' lang='lat' dir='ltr'><strong>M.</strong></span> <span class='ocrx_word' id='word_1_355' title='bbox 2279 3899 2476 3958; x_wconf 81' lang='lat' dir='ltr'><strong>Curtio,</strong></span> 
     </span>
    </p>
   </div>
   <div class='ocr_carea' id='block_1_9' title="bbox 430 3979 2476 4048">
    <p class='ocr_par' dir='ltr' id='par_1_16' title="bbox 430 3979 2476 4048">
     <span class='ocr_line' id='line_1_54' title="bbox 430 3979 2476 4048; baseline -0.004 -17"><span class='ocrx_word' id='word_1_356' title='bbox 430 4002 506 4033; x_wconf 75' lang='lat'><strong>12.</strong></span> <span class='ocrx_word' id='word_1_357' title='bbox 521 3985 773 4048; x_wconf 76' lang='lat' dir='ltr'><strong>Sulpicius.</strong></span> <span class='ocrx_word' id='word_1_358' title='bbox 787 3985 887 4046; x_wconf 85' lang='lat' dir='ltr'><strong>Qui</strong></span> <span class='ocrx_word' id='word_1_359' title='bbox 900 3987 1104 4048; x_wconf 86' lang='lat' dir='ltr'><strong>septimo</strong></span> <span class='ocrx_word' id='word_1_360' title='bbox 1117 3996 1368 4047; x_wconf 79' lang='lat' dir='ltr'><strong>postanuo</strong></span> <span class='ocrx_word' id='word_1_361' title='bbox 1459 3997 1531 4044; x_wconf 89' lang='lat' dir='ltr'><strong>ep.</strong></span> <span class='ocrx_word' id='word_1_362' title='bbox 1558 3997 1615 4042; x_wconf 85' lang='lat'><strong>9,</strong></span> <span class='ocrx_word' id='word_1_363' title='bbox 1632 3979 1719 4027; x_wconf 88' lang='lat' dir='ltr'><strong>lib.</strong></span> <span class='ocrx_word' id='word_1_364' title='bbox 1744 3982 1886 4036; x_wconf 79' lang='lat' dir='ltr'><strong>xtv;</strong></span> <span class='ocrx_word' id='word_1_365' title='bbox 1903 3981 1993 4026; x_wconf 85' lang='lat' dir='ltr'><strong>uisi</strong></span> <span class='ocrx_word' id='word_1_366' title='bbox 2016 3979 2149 4026; x_wconf 84' lang='lat' dir='ltr'><strong>malit</strong></span> <span class='ocrx_word' id='word_1_367' title='bbox 2167 3979 2277 4042; x_wconf 86' lang='lat' dir='ltr'><strong>quis</strong></span> <span class='ocrx_word' id='word_1_368' title='bbox 2293 3979 2449 4040; x_wconf 86' lang='lat' dir='ltr'><strong>legere</strong></span> <span class='ocrx_word' id='word_1_369' title='bbox 2464 4013 2476 4034; x_wconf 89' lang='lat'><strong>,</strong></span> 
     </span>
    </p>
   </div>
   <div class='ocr_carea' id='block_1_10' title="bbox 353 4061 1283 4111">
    <p class='ocr_par' dir='ltr' id='par_1_17' title="bbox 353 4061 1283 4111">
     <span class='ocr_line' id='line_1_55' title="bbox 353 4061 1283 4111; baseline 0.003 -3"><span class='ocrx_word' id='word_1_370' title='bbox 353 4078 464 4109; x_wconf 83' lang='lat' dir='ltr'><strong>cum</strong></span> <span class='ocrx_word' id='word_1_371' title='bbox 493 4066 559 4110; x_wconf 79' lang='lat' dir='ltr'><strong>M.</strong></span> <span class='ocrx_word' id='word_1_372' title='bbox 592 4061 827 4111; x_wconf 78' lang='lat' dir='ltr'><strong>Marcello</strong></span> <span class='ocrx_word' id='word_1_373' title='bbox 856 4064 1026 4110; x_wconf 79' lang='lat' dir='ltr'><strong>consul</strong></span> <span class='ocrx_word' id='word_1_374' title='bbox 1056 4064 1162 4110; x_wconf 83' lang='lat' dir='ltr'><strong>suit.</strong></span> <span class='ocrx_word' id='word_1_375' title='bbox 1191 4066 1283 4111; x_wconf 81' lang='lat' dir='ltr'><strong>En.</strong></span> 
     </span>
    </p>
   </div>
   <div class='ocr_carea' id='block_1_11' title="bbox 1462 4057 2478 4122">
    <p class='ocr_par' dir='ltr' id='par_1_18' title="bbox 1462 4057 2478 4122">
     <span class='ocr_line' id='line_1_56' title="bbox 1462 4057 2478 4122; baseline -0.008 -14"><span class='ocrx_word' id='word_1_376' title='bbox 1462 4063 1523 4120; x_wconf 83' lang='lat' dir='ltr'><strong>Q.</strong></span> <span class='ocrx_word' id='word_1_377' title='bbox 1554 4059 1697 4108; x_wconf 84' lang='lat' dir='ltr'><strong>Arrio</strong></span> <span class='ocrx_word' id='word_1_378' title='bbox 1714 4095 1728 4117; x_wconf 82' lang='lat'><strong>,</strong></span> <span class='ocrx_word' id='word_1_379' title='bbox 1759 4072 1813 4108; x_wconf 92' lang='lat' dir='ltr'><strong>ut</strong></span> <span class='ocrx_word' id='word_1_380' title='bbox 1839 4059 1966 4106; x_wconf 88' lang='lat' dir='ltr'><strong>idem</strong></span> <span class='ocrx_word' id='word_1_381' title='bbox 1994 4060 2085 4118; x_wconf 76' lang='lat' dir='ltr'><strong>sit,</strong></span> <span class='ocrx_word' id='word_1_382' title='bbox 2113 4059 2173 4106; x_wconf 88' lang='lat' dir='ltr'><strong>de</strong></span> <span class='ocrx_word' id='word_1_383' title='bbox 2196 4076 2293 4122; x_wconf 89' lang='lat' dir='ltr'><strong>quo</strong></span> <span class='ocrx_word' id='word_1_384' title='bbox 2312 4057 2478 4121; x_wconf 84' lang='lat' dir='ltr'><strong>paullo</strong></span> 
     </span>
    </p>
   </div>
   <div class='ocr_carea' id='block_1_12' title="bbox 434 4139 2079 4206">
    <p class='ocr_par' dir='ltr' id='par_1_19' title="bbox 434 4139 2079 4206">
     <span class='ocr_line' id='line_1_57' title="bbox 434 4139 2079 4206; baseline -0.002 -18"><span class='ocrx_word' id='word_1_385' title='bbox 434 4146 506 4189; x_wconf 76' lang='lat'><strong>13.</strong></span> <span class='ocrx_word' id='word_1_386' title='bbox 537 4144 716 4206; x_wconf 73' lang='lat' dir='ltr'><strong>Nepos.</strong></span> <span class='ocrx_word' id='word_1_387' title='bbox 743 4144 804 4204; x_wconf 90' lang='lat' dir='ltr'><strong>Q.</strong></span> <span class='ocrx_word' id='word_1_388' title='bbox 837 4141 1063 4189; x_wconf 84' lang='lat' dir='ltr'><strong>Metellus</strong></span> <span class='ocrx_word' id='word_1_389' title='bbox 1087 4144 1281 4205; x_wconf 83' lang='lat' dir='ltr'><strong>Nepos,</strong></span> <span class='ocrx_word' id='word_1_390' title='bbox 1312 4158 1371 4189; x_wconf 75' lang='lat' dir='ltr'><strong>ex</strong></span> <span class='ocrx_word' id='word_1_391' title='bbox 1460 4152 1571 4188; x_wconf 82' lang='lat' dir='ltr'><strong>ante</strong></span> <span class='ocrx_word' id='word_1_392' title='bbox 1597 4139 1778 4188; x_wconf 89' lang='lat' dir='ltr'><strong>dictum</strong></span> <span class='ocrx_word' id='word_1_393' title='bbox 1806 4151 1891 4187; x_wconf 88' lang='lat' dir='ltr'><strong>est.</strong></span> <span class='ocrx_word' id='word_1_394' title='bbox 1923 4139 2079 4187; x_wconf 64' lang='lat' dir='ltr'><strong>Cone.</strong></span> 
     </span>
    </p>
   </div>
  </div>
 </body>
</html>
