3023 4773
708 406 1242 476 LEONARDI
1309 406 1963 476 MALAESPINAE.
2267 403 2403 492 245

271 532 635 619 acquiescat
671 544 734 591 et
767 528 1060 615 arripiat,
1095 542 1268 591 certe
1304 526 1532 589 melius
1564 524 1900 589 desiderat.
1937 528 2156 608 Quare
2180 525 2409 591 dehac

274 662 345 703 re
368 639 452 700 ita
488 656 761 700 censeo:
793 637 851 700 ei
885 658 1031 723 quae
1059 633 1405 699 doctorum
1432 633 1780 696 hominum
1797 633 2042 713 judicio
2069 634 2407 724 probetur,

273 744 405 806 sive
438 743 544 805 illa
583 764 664 805 ex
699 741 1032 828 scripturae
1059 739 1376 828 vestigiis,
1409 762 1555 827 quae
1591 753 1658 802 et
1694 738 1897 802 tutior
1919 753 2047 820 est;
2094 740 2261 821 sive,
2291 741 2408 804 ubi

267 849 372 912 vel
411 847 624 911 desint
643 897 660 923 ‚
701 849 802 913 vel
829 864 1003 912 certe
1036 870 1168 910 non
1204 861 1455 910 exstent
1482 845 1766 934 vestigia,
1796 867 1872 908 ex
1894 844 2185 928 historia,
2213 862 2408 934 atque

272 977 349 1017 ex
387 953 652 1041 ingenio
698 951 863 1016 saeta
906 953 1030 1015 sit:
1088 950 1249 1015 dum
1289 973 1370 1014 ne
1402 949 1613 1014 verbis
1648 942 2099 1032 inferciendiS,
2153 972 2414 1016 corrosa

271 1058 697 1144 mutilataque
728 1058 904 1138 loca,
937 1057 1120 1143 quasi
1152 1057 1346 1120 rimas
1382 1055 1662 1144 expleat,
1691 1056 1911 1119 locum
1944 1077 2084 1119 esse
2104 1102 2123 1136 ,
2152 1056 2217 1118 in
2253 1057 2415 1121 serie

270 1163 657 1242 verborum,
703 1162 883 1225 velut
917 1162 1106 1241 justis
1135 1161 1482 1250 Equitibus
1526 1162 1592 1224 in
1640 1160 2134 1249 quatuordecim
2170 1160 2417 1225 ordini-

272 1269 427 1349 bus,
455 1265 765 1331 dandum.
804 1265 1005 1350 Quod
1039 1264 1304 1354 quidem
1350 1267 1665 1331 haetenus
1707 1268 2067 1331 factitatum
2101 1288 2274 1348 esse,
2313 1268 2415 1331 vel

271 1398 353 1436 ex
375 1386 525 1436 'uno
557 1389 752 1460 atque
778 1373 978 1436 altero
1016 1371 1249 1436 harum
1281 1357 1719 1461 Epistularum
1751 1371 1950 1455 libro,
1993 1373 2309 1437 sexcentis
2346 1373 2410 1435 in

271 1479 435 1543 locis
488 1479 669 1542 facile
713 1477 959 1566 possim
1009 1477 1349 1543 ostendere
1385 1501 1401 1543 :
1459 1478 1526 1541 in
1583 1477 1825 1565 quibus
1882 1478 2065 1542 aliter
2106 1494 2303 1567 atque
2346 1480 2412 1542 in

273 1584 731 1673 manuscriptis
766 1585 1021 1673 legitur,
1056 1585 1441 1672 impressum
1475 1601 1604 1664 est,
1639 1601 1704 1648 et
1738 1585 2069 1648 communi
2105 1585 2285 1673 quasi
2308 1585 2416 1664 ju-

274 1689 451 1754 dicio
502 1688 877 1755 admissum.
932 1688 1266 1778 Siquidem
1318 1713 1452 1754 non
1509 1712 1648 1754 esse
1696 1691 1913 1754 omnia
1962 1691 2028 1753 in
2091 1712 2416 1753 consensu

275 1794 774 1881 exemplarium,
805 1791 1184 1881 judicioque
1217 1793 1460 1882 aliquid
1495 1793 1660 1877 dari,
1692 1793 1851 1859 illud
1883 1811 2269 1884 argumento
2299 1811 2416 1876 est,

276 1899 462 1987 quod
486 1921 623 1963 non
654 1922 801 1963 raro
831 1899 1027 1963 unius
1053 1900 1398 1964 auctoritas
1429 1899 1647 1964 multis
1668 1900 2088 1989 proeponitur.
2106 1900 2232 1969 „Cui
2260 1922 2414 1964 vero

275 2005 538 2068 animus
574 2005 714 2085 vix,
752 2020 866 2068 aut
903 2026 987 2068 ne
1023 2004 1130 2068 vix
1172 2003 1437 2092 quidem
1483 2005 1863 2084 assentitur,
1919 2028 2002 2069 ne
2047 2006 2106 2068 ei
2151 2003 2416 2093 quidem

276 2110 702 2193 conjecturae,
729 2110 962 2174 theatri
994 2109 1176 2175 aditu
1203 2133 1470 2199 prorsus
1500 2108 2020 2175 interdicendum
2050 2128 2236 2198 puto,
2255 2110 2414 2175 dum

279 2240 365 2282 ne
418 2215 642 2281 eadem
691 2216 845 2281 sede
900 2214 1221 2306 dignetur.
1276 2217 1441 2281 Nam
1492 2238 1704 2303 neque
1754 2215 2024 2279 aliarum
2061 2216 2418 2282 luminibus

279 2321 592 2403 obstruit,
641 2320 709 2383 in
764 2321 896 2384 imo
941 2321 1191 2403 jacens,
1226 2337 1290 2383 et
1338 2342 1506 2410 saepe
1548 2342 1927 2402 ascensum,
1974 2322 2266 2409 quamvis
2302 2343 2419 2409 per

281 2427 520 2491 incisos
552 2427 845 2514 maleque
878 2425 1195 2490 haerentes
1224 2427 1540 2490 scalarum
1577 2424 1813 2514 gradus
1836 2474 1853 2506 ‚
1902 2425 2179 2490 fortibus
2214 2444 2413 2515 parat.

281 2534 498 2613 Hujus
533 2555 689 2622 ergo
722 2531 902 2595 modi
938 2532 1354 2614 conjecturae,
1389 2554 1505 2595 seu
1542 2532 1739 2595 mavis
1776 2532 2176 2620 suspiciones
2209 2556 2283 2597 ac
2315 2525 2418 2598 di‘-

285 2638 649 2703 vinationes
701 2637 816 2724 (sic
853 2638 1025 2701 enim
1065 2637 1316 2727 appello
1359 2660 1464 2702 eas
1486 2687 1503 2719 ,
1542 2659 1687 2724 quae
1721 2657 1986 2724 prorsus
2020 2661 2057 2701 a
2103 2640 2418 2728 scriptura

284 2745 664 2826 discedunt,
710 2745 1029 2832 citiusque
1065 2747 1411 2828 sententia,
1453 2767 1649 2833 quam
1683 2745 1920 2833 scripto
1953 2745 2317 2833 nituntur),
2357 2747 2421 2809 in

287 2852 509 2918 medio
544 2853 815 2935 relictae,
850 2851 1009 2941 quid
1046 2869 1300 2917 tantum
1345 2852 1665 2933 officiant,
1717 2875 1850 2915 non
1882 2851 2104 2935 video,
2144 2854 2334 2916 etiam
2373 2854 2422 2916 si

288 2960 480 3024 variae
511 2959 680 3023 inter
712 2981 780 3023 se
801 3008 819 3042 ,
862 2956 1378 3047 dissidentesque
1405 2959 1553 3023 sint.
1588 2957 1755 3020 Nam
1789 2973 1852 3020 et
1882 2957 1951 3019 in
1989 2958 2146 3021 locis
2192 2951 2424 3045 depra-

290 3068 452 3132 vatis
485 3065 776 3131 adhiberi
803 3067 1129 3146 solent,ut
1156 3065 1374 3130 damni
1395 3067 1528 3146 jam
1558 3065 1717 3128 nihil
1739 3061 1883 3127 fiat:
1908 3079 1972 3126 et
1997 3064 2078 3128 ad
2096 3066 2427 3128 veritatem

288 3171 643 3263 aliquando
674 3172 1072 3262 perducunt,
1118 3187 1314 3259 atque
1358 3171 1519 3238 adeo
1554 3169 2038 3261 perduxerunt,
2091 3187 2203 3233 aut
2238 3170 2430 3233 etiam

291 3283 447 3369 ipsae
474 3302 637 3344 verae
669 3295 843 3343 sunt.
1482 3347 1490 3370 1
1648 3281 1651 3284 ’

379 3386 510 3451 Sed
544 3407 759 3474 neque
789 3384 953 3450 illud
985 3384 1203 3465 obest,
1247 3386 1561 3473 plurimos
1587 3386 1783 3449 hodie
1808 3384 1965 3448 huic
1993 3383 2174 3470 operi
2203 3402 2433 3446 manus

294 3492 680 3558 admovisse.
731 3491 797 3556 Si
836 3492 1009 3555 enim
1051 3490 1164 3554 ubi
1210 3492 1576 3579 complures
1618 3490 1862 3555 diutius
1907 3487 2297 3570 jaculantur,
2346 3488 2437 3551 ibi

295 3599 532 3665 accidit
566 3593 949 3686 aliquand0‚
985 3614 1058 3662 ut
1092 3597 1322 3685 aliquis
1371 3597 1630 3685 signum
1680 3596 1918 3659 feriat:
1976 3616 2095 3656 cur
2147 3613 2283 3657 non
2333 3596 2440 3659 hic

300 3707 494 3771 etiam
533 3728 660 3769 usu
695 3706 920 3794 venire
951 3703 1325 3785 credamuS,
1366 3718 1443 3765 ut
1488 3702 1654 3783 hoc,
1708 3698 1887 3788 quod
1939 3699 2125 3761 multi
2184 3716 2439 3787 petant,
2518 3707 2522 3711 *

300 3835 567 3900 quoque
600 3833 831 3876 nervos
859 3810 1104 3898 ingenii
1143 3810 1241 3874 sui
1291 3805 1721 3885 contendant,
1760 3803 1988 3891 aliquis
2019 3807 2440 3893 assequatur?

300 3918 451 3983 Vidi
478 3940 601 4008 ego
631 3917 1012 3994 nonnullos,
1058 3917 1204 4003 qui,
1234 3939 1379 4003 quae
1416 3914 1520 3978 alii
1559 3936 1676 4000 pro
1716 3910 2025 3975 derelicto
2059 3912 2439 3993 habuerint,

302 4026 458 4113 ipsi,
498 4042 575 4088 ut
607 4039 833 4111 postea
874 4046 948 4086 ex
988 4039 1244 4086 vetusto
1281 4022 1501 4109 aliquo
1554 4016 1897 4104 exemplari
1940 4011 2273 4106 cognitum
2311 4034 2405 4080 est
2429 4066 2445 4096 ,

306 4131 670 4196 sanaverint
720 4146 782 4192 et
825 4129 1300 4194 illustraverint.
1342 4128 1494 4210 Quo
1541 4127 1606 4189 in
1646 4147 1913 4215 genere,
1949 4121 2442 4189 solertissimum

2096 4239 2118 4269 ἱ
