3023 4773
537 471 1074 539 EPISTOLAE
1126 476 1263 540 AD
1315 478 1828 565 ATTICUM,
1876 484 1942 567 Ι,
1983 480 2088 551 α.’

2212 486 2347 581 275

233 662 1812 692 mmmmmmmwmsumw-mmmmm
1820 676 2340 701 mmmm

904 824 1491 915 EPISTOLA
1566 841 1679 917 ΙΙ.

229 986 432 1044 Filium
468 985 580 1044 sibi
606 999 800 1045 natum
843 1006 966 1045 esse
999 988 1244 1047 nuntiat.
1273 991 1577 1050 Catilinam
1620 1014 1681 1051 se
1725 988 2032 1057 defendere
2073 1004 2344 1079 cogitare.

301 1085 564 1142 Atticum
612 1097 675 1141 ut
723 1104 917 1143 mense
958 1084 1227 1161 januario
1277 1092 1476 1144 Romae
1514 1091 1620 1162 sit,
1669 1106 1847 1170 rogat.
1893 1095 2148 1171 (Romae,
2193 1107 2367 1160 anno'

304 1186 376 1240 U.
403 1186 471 1239 c.
498 1181 661 1256 688.)

905 1328 1213 1391 olcERo
1261 1329 1575 1427 A'rmco
1621 1331 1687 1393 s,

319 1478 402 1543 L.
463 1479 672 1543 Jumo
730 1477 1019 1543 CAESARE
1045 1484 1092 1560 ¹,
1147 1477 1223 1543 C.
1278 1478 1546 1547 Marcio
1594 1480 1845 1574 Figulo
1896 1487 2351 1575 consulibus,

224 1583 449 1653 filiolo
479 1608 591 1653 me
620 1597 913 1652 auctum
946 1585 1156 1670 scit0,
1185 1584 1375 1656 salva
1402 1589 1751 1657 Terentia.
1784 1588 1926 1660 Abs
1943 1606 2022 1662 te
2048 1607 2192 1665 tam
2222 1597 2346 1668 diu

223 1691 403 1762 nihil
441 1692 856 1761 literarum?
891 1696 1042 1788 Ego
1080 1690 1169 1762 de
1207 1695 1384 1764 meis
1425 1693 1517 1764 ad
1557 1710 1629 1767 te
1662 1699 2062 1772 rationibus
2096 1708 2349 1804 scripsi

219 1816 433 1872 antea
481 1800 881 1898 diligenter.
933 1807 1087 1871 Hoc
1144 1816 1466 1899 tempore
1518 1806 1935 1893 Catilinam,
1992 1818 2345 1910 competi·

221 1925 455 1980 torem
491 1925 857 1996 nostrum,
886 1908 1270 1980 defendere
1290 1922 1318 1952 ²
1350 1913 1770 2009 cogitamus.
1811 1923 1849 1987 J
1855 1918 2095 1990 udices
2128 1922 2348 1995 habe-

220 2044 418 2106 mUS‚
459 2045 644 2115 quos
687 2020 1077 2105 voluimuS,
1115 2045 1394 2092 summa
1438 2025 1908 2097 accusatoris³
1952 2026 2344 2107 voluntate.

221 2133 488 2225 Sper-0,
530 2130 587 2198 si
633 2127 1003 2199 absolutus
1040 2130 1209 2215 erit,
1261 2131 1834 2224 conjunctiorem
1884 2135 2092 2206 illum
2136 2142 2350 2215 nobis

219 2238 376 2309 sore
403 2241 482 2308 in
514 2241 790 2308 ratione
823 2240 1231 2335 petitionis;
1262 2239 1371 2308 sin
1409 2238 1616 2309 aliter
1649 2240 1993 2315 acciderit
2011 2249 2065 2330 4,
2099 2246 2347 2323 huma-

220 2353 408 2420 niter
449 2347 777 2419 feremus
830 2352 986 2417 Tuo
1034 2347 1346 2418 adventu
1385 2346 1595 2419 nobis
1634 2375 1819 2447 opus
1861 2367 1969 2424 est
2011 2371 2293 2432 maturo
2327 2389 2342 2431 :

220 2484 384 2529 nam
425 2483 725 2556 prorsus
762 2481 1040 2527 summa
1075 2456 1451 2528 hominum
1495 2474 1603 2529 est
1634 2463 1883 2557 opinio
1906 2518 1923 2550 ,
1961 2478 2123 2550 tuos
2151 2465 2348 2541 fami-

219 2565 478 2640 liares⁵
533 2567 811 2638 nobiles
869 2566 1239 2656 hominm,
1284 2566 1723 2638 adversarios
1775 2569 2041 2643 honori
2094 2595 2344 2652 nostro

290 2788 336 2819 1.
369 2773 426 2820 L.
445 2775 493 2818 J.
521 2771 729 2817 emar-e.
745 2770 919 2818 Voluit
946 2772 1116 2819 Cicero
1134 2772 1235 2834 pri·

217 2851 393 2897 mishis
417 2849 576 2896 verbis
597 2848 820 2896 Atticum
845 2865 1005 2897 rerum
1032 2850 1234 2897 duarum

173 2948 192 2972 ι
217 2930 369 2978 facere
415 2928 694 2984 certiorem,
737 2926 1079 2992 designationis
1116 2944 1234 2976 cou-

217 3009 370 3056 sutum
397 3006 603 3056 Caesaris
623 3018 674 3054 et
697 3007 853 3070 Figuli
873 3044 888 3069 ,
914 3019 961 3054 et
988 3007 1080 3054 diei
1099 3019 1234 3055 nata·

215 3086 376 3134 lisfilii
395 3121 412 3145 ‚
442 3087 530 3149 qui
556 3085 648 3133 sub
673 3097 864 3150 tempus
899 3086 1233 3152 comitiorum,

214 3166 390 3229 quibus
433 3165 506 3211 illi
535 3164 758 3211 consules
784 3165 1047 3211 renuntiati
1084 3177 1198 3212 sunt
1217 3201 1231 3226 ,

215 3245 260 3291 in
287 3246 452 3292 lucem
478 3243 638 3290 editus
677 3254 779 3290 est:
812 3245 976 3305 Quum
998 3245 1112 3306 er'go
1134 3244 1233 3302 ait,

215 3326 307 3371 «L.
333 3323 474 3372 Julio
504 3322 714 3379 Caesare,
754 3322 814 3370 C.
852 3322 1035 3369 Martio
1064 3321 1235 3384 Figulo

213 3403 681 3458 consulibus-,non
708 3413 897 3464 tempus
933 3411 1095 3456 notat,
1127 3415 1230 3463 quo

212 3482 280 3528 illi
306 3483 550 3536 inierunt,
578 3480 664 3527 sed
691 3497 792 3543 quo
814 3480 1049 3542 designati
1089 3489 1226 3537 sunt;

214 3560 360 3623 idque
399 3561 614 3623 apertius
651 3559 867 3607 ostendit
903 3575 965 3605 ex
989 3559 1077 3616 iis,
1123 3574 1232 3620 quae

215 3655 330 3685 mox
365 3639 566 3697 subjicit
605 3624 665 3685 de
692 3639 908 3685 instituta
954 3638 1231 3685 defensione

213 3720 464 3767 Catilinae:
486 3735 599 3766 nam
623 3734 812 3765 musam
838 3717 962 3765 dixit
988 3716 1192 3784 Catilina
1215 3753 1230 3775 ,

214 3799 357 3845 Cotta
406 3808 455 3845 et
504 3799 757 3860 Torquato
789 3796 1096 3852 consulibus,
1147 3794 1234 3840 de·-

213 3878 411 3939 signatis
448 3888 610 3923 tamen
657 3876 707 3921 in
750 3890 929 3922 annum
956 3884 1235 3936 sequentem

213 3957 398 4003 caesare
410 3968 458 4004 et
480 3955 677 4019 Figulo.
693 3956 1106 4004 Bosxns.--Hanc
1130 3970 1235 4000 sen·

214 4037 412 4083 tentiam
455 4037 633 4099 probat
670 4035 927 4099 Mongaule
963 4045 1012 4081 et
1039 4034 1229 4096 longius

211 4117 422 4180 explieat
448 4117 679 4165 adversus
703 4113 1002 4162 Safar-Real.
1028 4115 1121 4161 En.

282 4212 339 4242 α.
367 4195 653 4260 Defende-rc.
683 4195 837 4241 Reum
858 4193 917 4240 de
953 4191 1233 4254 repetundis

1324 2769 1390 2816 ob
1416 2768 1633 2817 Africam
1660 2773 1930 2835 spoliatam.
1955 2776 2249 2824 Consanus.
2272 2805 2344 2814 —

1323 2851 1404 2897 An
1420 2865 1536 2896 vero
1549 2850 1721 2897 Cicero
1741 2867 1831 2913 pro
1850 2854 2053 2901 Catilina
2070 2858 2339 2903 orationem

1320 2928 1569 2986 habuerit,
1604 2944 1705 2975 non
1750 2917 1923 2992 liquet.
1961 2935 2204 2982 Asconius
2232 2937 2341 3000 qui-

1323 3007 1432 3055 dem
1464 3019 1607 3071 negat
1637 3007 1873 3055 habuisse.
1912 3010 2003 3056 En.

1395 3089 1441 3135 3.
1469 3086 1793 3133 Accusator-is.
1810 3086 2160 3151 P.Clodii,qui
2182 3100 2340 3137 tamen

1320 3181 1347 3211 a
1362 3166 1568 3215 Catilina
1585 3166 1839 3229 pecuniam
1856 3166 2043 3228 accepit
2055 3200 2068 3222 ‚
2088 3178 2143 3213 ut
2163 3169 2343 3230 turpis-

1319 3245 1438 3290 sime
1478 3246 1889 3308 praevaricaretur.
1937 3245 2072 3291 Orat.
2111 3244 2171 3293 de
2208 3263 2338 3311 resp.

1323 3325 1579 3387 Haruspic.
1596 3335 1655 3371 ¹et
1675 3327 1855 3370 Ascom
1893 3326 2122 3380 Conun.

1393 3411 1439 3457 4.
1463 3403 1547 3449 Sin
1572 3404 1716 3450 aliter
1741 3403 1987 3451 acciderit.
2008 3404 2075 3451 Ut
2087 3402 2339 3453 absolutus

1319 3479 1522 3528 Catilina
1551 3492 1712 3528 nostra
1733 3498 1877 3545 opera
1896 3483 2022 3529 votis
2040 3483 2217 3529 nostris
2237 3500 2337 3530 non

1317 3557 1625 3622 respondeat.
1666 3562 1780 3608 Non
1818 3560 2022 3622 intelligi
2042 3571 2230 3622 potest,
2258 3565 2339 3609 «si

1318 3637 1523 3685 Catilina
1551 3653 1649 3683 non
1668 3638 1986 3685 absolvatur»
2008 3652 2022 3685 :
2048 3654 2159 3686 nam
2183 3642 2339 3689 sinon

1320 3715 1676 3772 absolveretur,
1720 3715 1849 3762 haud
1896 3727 1994 3762 erat
2040 3719 2303 3766 verendum
2323 3757 2336 3776 ,

1314 3811 1376 3842 ne
1398 3810 1506 3841 eum
1527 3793 1699 3841 Cicero
1726 3795 2096 3857 competitorem
2117 3797 2331 3845 haberet.

1318 3872 1411 3920 Sed
1438 3889 1521 3919 sua
1543 3888 1650 3935 spes
1673 3872 1957 3920 Ciceronem
1986 3874 2154 3922 fefellit
2177 3890 2337 3924 :nam-

1317 3968 1411 4014 que
1440 3951 1646 3997 Catilina
1671 3965 1782 3996 cum
1820 3952 2042 3999 Antonio
2071 3955 2335 4002 coitionem

1319 4030 1451 4078 fecit.
1483 4031 1558 4075 De
1575 4028 1666 4074 hac
1690 4029 1927 4087 coitione,
1952 4031 2054 4079 vid.
2079 4039 2256 4080 Ascon.
2283 4035 2338 4079 iu

1323 4122 1424 4172 tog.
1452 4108 1592 4155 cand.
1619 4108 1731 4156 Sall.
1761 4109 1899 4157 Catil.
1934 4111 2024 4157 En.

1396 4191 1443 4237 5.
1475 4184 1904 4250 Taecosfanaefliares.
1943 4190 2018 4237 M.
2038 4190 2263 4236 Crassum
2294 4198 2344 4234 et

2002 4277 2103 4342 18.
