3023 4773
586 368 724 453 248
1377 366 1917 435 PRAEFATIO

580 506 852 558 conatus
881 504 947 555 et
969 489 1209 571 studia,
1233 485 1313 551 ad
1339 511 1584 554 sacram
1609 489 2087 576 scripturarum
2105 487 2593 577 intelligentiam
2619 492 2721 556 vel

580 600 843 679 referat,
882 597 981 661 vel
1013 598 1250 660 referre
1281 594 1516 661 debeat
1544 621 1558 659 ε
1596 619 1666 660 ea
1705 619 1883 659 nunc
1916 596 2133 660 omnia
2154 644 2172 677 ,
2216 597 2283 659 in
2318 597 2417 661 his
2450 598 2721 663 faculta-

587 706 762 769 tibus
786 703 1132 768 tractandis
1172 703 1693 791 explicandisque
1726 724 2112 767 consumere
2128 750 2146 784 ,
2172 726 2317 791 quoe
2342 703 2722 769 Christianae

580 810 909 899 religionis
934 809 1092 872 nihil
1121 808 1434 890 habeant,
1459 807 1636 872 haud
1659 830 1812 872 sane
1838 809 2136 897 probent.
2171 809 2338 873 Nam
2368 808 2544 896 quod
2577 809 2720 875 haec

582 914 849 1003 quidam
896 929 1117 979 nostra
1162 928 1600 977 contemnunt
1652 930 1837 996 ante,
1900 936 2097 1002 quam
2159 913 2407 1004 legant,
2457 931 2569 978 aut
2633 938 2718 980 ne

581 1021 800 1110 legant
836 1018 1133 1107 quidem,
1178 1034 1254 1082 ut
1300 1018 1588 1083 hominis
1627 1040 1706 1082 ex
1743 1041 1970 1085 eorum
2010 1041 2286 1083 numero
2331 1018 2715 1103 hominum,

585 1125 823 1212 quibus
856 1126 947 1189 illi
982 1124 1253 1188 fortasse
1291 1122 1663 1212 disputandi
1704 1124 2071 1188 facultatem
2107 1123 2491 1196 scholastico
2536 1148 2720 1189 more

582 1232 1017 1318 institutoque
1072 1227 1470 1312 concedant,
1522 1245 1750 1294 ornate
1794 1228 2054 1293 dicendi
2091 1229 2420 1313 auferant3
2468 1230 2722 1295 subtili-

587 1353 794 1401 tatum
818 1335 948 1401 divi
975 1337 1276 1418 Thomae,
1304 1338 1613 1423 Scotique
1629 1383 1646 1416 ,
1668 1351 1733 1400 et
1750 1335 2159 1423 ‘reliquorum
2189 1336 2403 1401 classis
2427 1335 2721 1416 ejusdem
2800 1314 2809 1333 ι

585 1445 896 1525 tribuant,
915 1459 1249 1508 oratorum
1264 1461 1734 1531 poetarumque
1753 1459 2018 1531 gustum
2037 1442 2355 1509 adimant:
2380 1466 2515 1507 non
2535 1443 2722 1508 valde

581 1572 688 1613 me
734 1550 1089 1637 perturbat.
1130 1549 1453 1638 Equidem
1503 1551 1596 1613 sic
1632 1565 1882 1631 statuo,
1922 1547 2102 1637 quod
2135 1564 2200 1613 et
2236 1549 2388 1637 ipsi,
2427 1550 2549 1613 nisi
2596 1572 2718 1614 nos

582 1656 834 1743 stipites
865 1678 939 1720 ac
970 1672 1236 1721 truncos
1265 1679 1404 1721 esse
1434 1657 1667 1738 velint,
1700 1655 2025 1719 fateantur
2043 1676 2302 1720 necesse
2327 1671 2458 1737 est,
2481 1656 2721 1719 nostris

583 1763 922 1852 ingenium
943 1786 1063 1828 nec
1082 1763 1303 1828 deesse
1320 1811 1338 1845 ,
1375 1786 1494 1828 nec
1526 1762 1806 1827 defuisse
1828 1784 2142 1849 umquam
2161 1786 2178 1843 3
2207 1759 2324 1825 sed
2346 1761 2447 1825 sui
2474 1760 2721 1825 ordinis

581 1869 877 1935 instituta
931 1868 1274 1958 studiaque
1312 1870 1633 1959 sequutis,
1680 1890 1914 1958 magna
1953 1884 2148 1954 atque
2178 1866 2509 1955 praeclara,
2559 1868 2612 1931 si
2651 1869 2721 1931 in

582 1976 712 2040 his.
730 1977 1017 2042 minores
1060 1992 1406 2065 apparent,
1445 1974 1919 2065 ignoscendum
1966 1996 2106 2038 esse
2141 1997 2157 2037 ε
2203 1972 2461 2037 dicendi
2516 1974 2723 2065 gloria

583 2082 913 2147 delectatis
933 2131 950 2164 ,
982 2104 1116 2146 non
1150 2104 1290 2146 esse
1323 2082 1773 2146 auctoritatem
1811 2078 2249 2168 abrogandam
2287 2103 2303 2142 ε
2341 2102 2462 2143 nec
2494 2102 2572 2143 ex
2603 2081 2722 2143 ali-

586 2204 875 2273 quorum
907 2187 1207 2269 infantia,
1258 2186 1341 2250 de
1378 2187 1686 2250 omnibus
1709 2183 2028 2263 judicium
2065 2182 2453 2249 faciendum.
2487 2185 2653 2249 Sane
2685 2210 2723 2249 e

587 2292 825 2355 familia
848 2308 1104 2373 nostra,
1131 2307 1206 2355 ut
1235 2290 1320 2356 de
1346 2291 1611 2378 reliquis
1639 2307 1915 2365 taceam,
1946 2290 2013 2352 in
2040 2312 2162 2354 suo
2187 2290 2558 2378 quibusque
2588 2307 2726 2355 stu·
2814 2369 2825 2373 „

585 2397 696 2462 dio
743 2399 1187 2480 nobilissimis,
1221 2420 1430 2463 unum
1475 2414 1672 2486 atque
1718 2392 1991 2461 alterum
2032 2398 2273 2484 possim
2317 2397 2583 2482 afferre,
2636 2421 2723 2462 ne

583 2503 801 2592 plures
832 2504 1076 2586 dicam,
1123 2527 1274 2570 cum
1305 2504 1643 2593 quibusvis
1692 2503 1891 2567 aetatis
1938 2502 2131 2581 hujus
2180 2504 2722 2591 eloquentissimis

586 2611 968 2675 hominibus
993 2610 1429 2677 conferendos
1448 2635 1464 2676 ε
1480 2612 1597 2700 qui
1619 2611 1672 2675 si
1700 2611 1833 2675 huc
1852 2632 1920 2674 se
1943 2610 2331 2689 rejecissent,
2354 2610 2514 2674 nihil
2533 2627 2722 2692 esset,

586 2716 782 2782 curii
819 2733 1119 2781 nostrum
1156 2740 1360 2807 genus
1406 2733 1745 2806 tantopere
1778 2715 2139 2780 fastidirent
2175 2739 2191 2779 :
2238 2714 2354 2780 sed
2400 2717 2590 2780 altius
2628 2717 2721 2782 illi

588 2825 948 2907 intuentur,
1005 2825 1245 2906 majora
1276 2817 1729 2912 divinioraque
1763 2838 2057 2910 spectant
2080 2870 2097 2903 ,
2154 2845 2299 2910 quae
2351 2845 2565 2910 neque
2600 2846 2720 2888 nos

588 2952 901 3018 umquam
932 2931 1351 3019 negleximus,
1381 2928 1581 3017 idque
1613 2950 1735 2992 nos
1755 2926 2104 3016 aliquando
2126 2925 2558 2998 declaraturos
2582 2952 2723 3017 spe-

586 3058 838 3119 ramus3
874 3034 988 3099 sed
1034 3036 1154 3100 alia
1194 3034 1490 3125 quaedam
1525 3035 1723 3117 ratiO,
1772 3057 1906 3099 non
1950 3034 2188 3114 injusta
2234 3033 2537 3120 quidem,
2596 3035 2723 3099 alio

586 3164 707 3207 nos
732 3140 1051 3205 traduxit:
1088 3164 1282 3229 quam
1304 3141 1357 3204 si
1390 3141 1509 3218 tibi
1542 3141 1821 3230 probare
1847 3138 2070 3221 velim,
2099 3138 2373 3203 candide
2404 3140 2622 3222 lector,
2645 3157 2720 3204 ut

585 3246 854 3313 honoris
888 3247 1013 3312 mei
1048 3268 1239 3311 causa
1271 3269 1424 3311 sane
1455 3248 1689 3335 cupio,
1722 3246 2036 3311 vetustior
2069 3246 2229 3309 mihi
2269 3247 2578 3310 memoria
2612 3268 2719 3308 re-

590 3353 868 3441 petenda
916 3368 1030 3419 est.
1066 3354 1370 3442 Namque
1402 3353 1640 3418 abhinc
1670 3375 1877 3417 annos
1910 3352 2129 3440 paullo
2160 3352 2306 3440 plus
2343 3335 2722 3431 duodecim,

589 3482 794 3547 quum
825 3460 1148 3548 optimum
1183 3477 1249 3525 et
1283 3459 1708 3525 clarissimum
1745 3459 1955 3523 virum
1991 3458 2335 3523 Nicolaum
2365 3455 2725 3521 Rodulfum

590 3565 977 3631 cardinalem
1008 3581 1359 3654 patronum
1381 3589 1603 3630 meum
1626 3614 1642 3642 ,
1680 3565 1879 3631 decus
1898 3581 1963 3629 et
1986 3579 2450 3628 ornamentum
2476 3563 2726 3628 ordinis

591 3668 799 3747 illius,
843 3671 1236 3736 Balneariam
1271 3687 1590 3758 sequutus
1627 3691 1868 3749 essem,
1910 3692 2042 3756 quo
2084 3691 2153 3732 se
2193 3669 2299 3732 ille
2343 3669 2729 3756 quotannis,

589 3775 851 3864 prolatis
907 3778 1102 3842 rebus
1147 3776 1549 3858 conferebat,
1607 3797 1742 3839 non
1795 3773 2027 3855 modo,
2067 3790 2145 3838 ut
2189 3775 2439 3840 aestivos
2484 3775 2730 3839 calores

587 3905 869 3948 romanae
904 3884 1081 3948 urbis
1117 3883 1465 3949 declinaret
1528 3881 1666 3969 (est
1698 3881 1871 3944 enim
1906 3882 2087 3946 locus
2125 3882 2228 3945 ille
2275 3880 2627 3945 umbrosus
2665 3898 2732 3945 et

577 3989 871 4070 salubris,
893 3986 1298 4078 fluentesque
1328 4006 1395 4054 et
1427 3987 1668 4078 gelidas
1692 3987 1889 4051 habet
1909 4002 2359 4074 aquas,·atque
2390 4009 2496 4050 eas
2527 3986 2731 4050 uber-

577 4098 802 4179 rimas,
839 4094 1010 4180 illius
1045 4118 1239 4182 opera
1262 4144 1279 4176 ,
1318 4097 1385 4159 in
1420 4096 1801 4161 latissimum
1833 4093 2144 4158 vivarium
2182 4093 2467 4180 primum
2504 4094 2724 4157 exciso
