3023 4773
624 408 649 453 1
678 409 754 462 ¹2
1260 384 1357 450 M.
1410 382 1488 448 T.
1546 377 2108 449 CICERONIS

611 567 2077 594 mmmmmmmmmmmm
2082 549 2692 587 “U-mmmm„
2699 569 2766 587 Q·

1278 757 1864 837 EPISTOLA
1917 756 2104 836 XV.

619 925 936 1004 Consilium
993 922 1068 981 de
1112 923 1233 981 filio
1284 920 1357 980 ad
1419 925 1706 980 Caesarem
1768 919 2058 980 mittendo
2108 933 2396 979 mutatum
2453 920 2755 999 significat.

988 1018 1339 1100 (Brundisii,
1370 1039 1525 1077 anno
1549 1023 1622 1079 U.
1651 1024 1717 1079 C.
1744 1021 1890 1093 706,
1936 1038 2134 1077 mense
2162 1017 2383 1095 junio.)

1007 1192 1099 1255 M.
1128 1194 1203 1257 T.
1243 1194 1316 1257 C.
1347 1192 1815 1257 TERENTIAE
1861 1191 2053 1258 SUAE
2104 1194 2168 1258 S.
2203 1193 2273 1258 P.
2306 1196 2386 1259 D.

723 1334 799 1400 S1
831 1328 1060 1417 vales,
1098 1328 1287 1400 bene
1327 1345 1456 1401 est.
1498 1332 2162 1419 Constitueramus,
2198 1345 2281 1401 ut
2322 1329 2411 1401 ad
2444 1345 2517 1403 te
2554 1345 2766 1403 antea

628 1444 1053 1538 scripseram
1082 1494 1101 1528 ‚
1148 1439 1437 1510 obviam
1494 1442 1921 1512 Ciceronem
1967 1445 2220 1512 Caesari
2274 1444 2596 1530 mittere3
2640 1441 2775 1514 sed

627 1541 1066 1622 mutavimus
1112 1551 1493 1622 consilium
1516 1574 1567 1638 1,
1620 1553 1794 1648 quia
1848 1549 1937 1623 de
1979 1552 2169 1623 illius
2218 1552 2536 1624 adventu
2589 1552 2774 1623 nihil

630 1659 1124 1733 audiebamus.
1181 1666 1290 1732 De
1347 1662 1601 1732 ceteris
1651 1660 1907 1746 rebus,
1949 1665 2081 1732 etsi
2133 1661 2316 1732 nihil
2361 1676 2512 1733 erat
2554 1662 2769 1748 novi,

629 1787 873 1843 tamen
914 1771 1095 1868 quid
1140 1771 1481 1859 velimus,
1539 1785 1612 1841 et
1647 1769 1828 1867 quid
1879 1770 2023 1842 hoc
2061 1787 2390 1869 tempore
2431 1787 2776 1869 putemus

629 1907 815 1980 opus
846 1906 1000 1953 esse
1018 1937 1036 1970 ,
1072 1906 1162 1953 ex
1191 1885 1346 1951 Sica
1369 1890 1397 1921 ²
1425 1884 1700 1978 poteris
1722 1905 2179 1977 cognoscere.
2200 1881 2501 1951 Tulliam
2534 1881 2777 1952 adhuc

628 2018 918 2064 mecum
941 1983 1179 2063 tenen.
1202 1989 1694 2064 Valitudinem
1715 2006 1914 2080 tuam
1941 2017 2110 2064 cura
2139 1992 2543 2091 diligenter.
2567 1993 2772 2064 Vale.

631 2127 736 2173 111
772 2101 1114 2174 kalendas
1157 2101 1444 2198 quintil.

711 2297 755 2329 1.
800 2280 1097 2329 mutavimus
1139 2280 1415 2329 consilium.
1456 2279 1663 2329 Philoti-
1822 2298 1874 2331 α.
1907 2281 2040 2330 δὶσα.
2078 2281 2318 2330 Familiari
2358 2282 2626 2332 Ciceronis.
2645 2282 2782 2332 Vide

634 2376 785 2420 mum,
802 2362 1042 2410 Terentiae
1064 2360 1292 2409 libertum
1310 2397 1325 2421 ‚
1355 2360 1502 2409 misit.
1532 2364 1624 2411 En.
1748 2377 1856 2427 sup.
1874 2378 1952 2426 ep.
1973 2371 2022 2420 4.
2046 2363 2138 2411 En.

635 2560 2581 2583 mmmmmmeQQmw-mmmmmmmmm
2591 2564 2780 2583 mm

1254 2694 1863 2832 EPISTOLA
1917 2754 2148 2833 XVI.

640 2919 722 2970 De
751 2906 961 2980 literiS,
996 2905 1068 2966 de
1089 2909 1436 2980 Volumnia,
1477 2905 1552 2965 de
1596 2926 1704 2965 suo
1750 2906 1970 2966 dolore.
2014 2907 2363 2985 (Brundisii,
2414 2928 2567 2967 anno
2598 2913 2672 2969 U.
2712 2913 2789 2968 C.

1352 3005 1487 3080 705,
1520 3025 1716 3064 mense
1745 3004 2084 3079 decembri.)

1017 3181 1108 3244 M.
1136 3180 1212 3243 T.
1252 3179 1322 3242 C.
1362 3176 1829 3241 TERENTIAE
1873 3178 2065 3244 SUAE
2116 3180 2179 3244 S.
2218 3178 2288 3244 P.
2328 3181 2406 3244 D.
2529 3124 2543 3158 l

743 3335 816 3401 S1
861 3325 1090 3408 vales»,
1131 3320 1321 3392 bene
1360 3335 1468 3392 est
1510 3348 1527 3390 ε
1575 3320 1799 3393 valeo.
1849 3326 1994 3393 Etsi
2049 3324 2401 3419 ejusmodi
2456 3339 2795 3424 tempora

648 3454 895 3511 nostra
920 3446 1124 3518 sunt,
1146 3446 1231 3501 ut
1258 3429 1438 3500 nihil
1463 3429 1800 3518 habeam,
1820 3429 2020 3529 quod
2045 3446 2171 3503 aut
2196 3457 2238 3503 a
2261 3447 2333 3504 te
2367 3433 2737 3505 literarum
2765 3448 2788 3481 ¹

648 3561 1055 3644 exspectem
1072 3597 1092 3631 ‚
1120 3555 1241 3613 aut
1265 3544 1423 3638 ipse
1450 3540 1542 3612 ad
1572 3556 1644 3613 te
1671 3540 1981 3613 scribam
2012 3568 2027 3610 ε
2058 3556 2301 3615 tamen
2328 3548 2577 3616 nescio
2605 3570 2802 3642 quo-

649 3658 868 3730 modo
922 3671 995 3728 et
1038 3657 1192 3754 ipse
1230 3669 1498 3726 vestras
1551 3654 1789 3726 literas
1836 3669 2215 3751 exspect0‚
2273 3670 2345 3729 et
2398 3655 2636 3728 scribo
2695 3655 2804 3727 ad

648 3793 813 3856 vos,
857 3790 1086 3862 quum
1123 3764 1392 3848 habeo,
1432 3767 1560 3861 qui
1597 3763 1799 3836 ferat.
1834 3766 2272 3836 Volumnia²
2313 3765 2569 3838 debuit
2606 3770 2682 3837 in
2719 3783 2805 3840 te

728 3992 770 4023 1.
816 3971 1037 4021 Verbum
1094 3983 1372 4036 suspectum
1429 3973 1671 4021 Emestio.
1763 3983 1851 4020 est.
1873 3972 2081 4020 Videtur
2106 3973 2361 4037 pecuniam
2374 3973 2614 4022 Terentioe
2641 3973 2807 4023 credi-

647 4058 701 4105 J.
729 4056 792 4103 V.
834 4055 887 4101 1..
1763 4051 1910 4111 disse,
1935 4064 1982 4099 et
2011 4054 2212 4100 nimiam
2241 4053 2570 4118 pertinaciter,
2601 4065 2658 4103 ut
2692 4054 2802 4103 sol·

723 4152 775 4184 a.
802 4128 1086 4181 Volumnia.
1104 4130 1226 4193 Quoe
1248 4131 1414 4192 suerit,
1430 4132 1669 4181 incertum
1766 4142 1968 4192 veretur,
1997 4131 2283 4197 postulasse.
2305 4133 2398 4182 En.
2513 4166 2518 4171 ·
