3023 4773
497 386 1004 459 EPISTOLAE
1052 388 1184 456 AD
1234 387 1723 471 ΑΤΤῙΟΠΜ,
1773 388 1926 470 111,
1985 411 2090 455 ω.
2212 385 2354 478 439

243 508 619 596 afflictem3
648 532 877 604 quum
910 508 1007 576 ita
1047 507 1175 576 sim
1214 503 1521 576 afflictus
1544 558 1563 591 ‚
1598 519 1681 574 ut
1717 507 1933 575 nemo
1972 527 2351 599 umquam:

244 617 440 716 quod
484 633 636 689 tute
680 615 1029 713 intelligia
1083 620 1296 713 Spem
1342 613 1660 687 ostendis
1700 614 2099 684 secundum
2133 614 2354 684 comi-

244 732 362 800 tia.
408 730 585 818 Quae
618 731 753 800 ista
789 742 931 814 est,
972 727 1226 798 eodem
1263 726 1562 798 tribuno
1600 723 1830 823 plebis
1848 729 1907 811 ⁴,
1944 739 2017 796 et
2060 725 2350 795 inimico

239 839 539 912 ,consule
582 838 950 936 designato
974 833 1049 905 ⁵?

339 949 746 1020 Percussisti
795 961 1034 1017 autem
1072 969 1189 1016 me
1232 945 1442 1017 etiam
1480 941 1571 1014 de
1617 944 1942 1013 oratione
1989 940 2354 1040 prolata⁶z

239 1062 358 1129 cui
388 1057 705 1144 vulneri,
744 1071 823 1127 ut
845 1053 1099 1127 scribis
1117 1108 1138 1142 ‚
1164 1055 1451 1126 medere
1470 1108 1490 1141 ,
1526 1056 1586 1124 si
1620 1051 1798 1149 quid
1827 1066 2054 1149 potes.
2094 1055 2353 1149 Scripsi

240 1166 579 1262 equidem
620 1166 788 1236 olim
828 1166 1088 1251 iratu5‚
1121 1162 1321 1261 quod
1369 1163 1487 1234 ille
1527 1164 1729 1260 prior
1764 1164 2174 1259 scripserat3
2227 1161 2353 1231 sed

240 1277 336 1345 ita
363 1299 919 1374 compresseram
938 1329 958 1362 ,
988 1290 1066 1345 ut
1097 1293 1498 1370 numquam
1528 1287 1974 1344 manaturam
2002 1285 2349 1370 putarem.

239 1386 404 1474 Quo
436 1385 655 1457 modo
682 1385 1066 1471 exciderit,
1101 1387 1365 1455 nesci0.
1410 1382 1554 1455 Sed
1590 1384 1759 1479 quia
1800 1406 2197 1478 numquam
2237 1405 2352 1451 ac-

238 1495 445 1581 cidit,
507 1511 589 1567 ut
641 1520 807 1566 cum
863 1520 951 1565 eo
1004 1493 1227 1566 verbo
1282 1518 1429 1564 uno
1479 1506 2004 1576 concertarem,
2057 1505 2131 1560 et
2184 1492 2353 1586 quia

236 1608 495 1701 scripta
520 1604 694 1673 mihi
735 1603 1020 1674 videtur
1050 1603 1564 1712 negligentium,
1599 1625 1818 1698 quam
1845 1615 2130 1686 ceterae,
2169 1614 2351 1696 puto

236 1737 445 1809 posse
484 1713 806 1812 probari,
842 1738 996 1784 non
1026 1738 1178 1784 esse
1215 1737 1470 1782 meam.
1499 1709 1584 1782 Id
1605 1765 1625 1798 ,
1668 1712 1725 1782 si
1758 1723 1967 1806 putas
1995 1733 2111 1778 me
2143 1731 2351 1804 posse

232 1824 536 1910 sanariv,
566 1846 771 1893 cures
805 1823 1059 1907 velim3
1102 1823 1215 1892 sin
1251 1821 1462 1917 plane
1505 1821 1719 1918 perii,
1753 1822 1991 1888 minus
2029 1815 2301 1888 laboro,

329 1934 480 2026 Ego
517 1934 730 2000 etiam
758 1954 953 2000 nunc
981 1930 1235 2001 eodem
1264 1932 1337 1999 in
1381 1929 1543 2000 loco
1562 1930 1767 2022 jaceo
1790 1983 1809 2017 ‚
1835 1931 1988 1999 sine
2017 1950 2349 1997 sermone

230 2038 421 2124 ulle,
469 2042 622 2110 sine
672 2040 1104 2136 cogitatione
1154 2036 1319 2108 ulla.
1359 2039 1560 2107 Licet
1592 2037 1764 2124 tibi,
1808 2052 1888 2107 ut·
1922 2035 2212 2119 scribis,
2251 2038 2343 2105 si-

228 2147 667 2245 gnificarim,
706 2164 788 2220 ut
822 2146 912 2219 ad
952 2173 1065 2219 me
1100 2149 1377 2219 venires
1416 2140 1808 2233 Dodona83
1858 2160 2097 2217 tamen
2137 2146 2344 2216 intel·

227 2349 348 2402 dici.
389 2352 487 2400 Pro
535 2352 703 2401 siletur
740 2353 1010 2416 Malaipinn
1046 2351 1248 2414 conjicit
1328 2296 1720 2416 :scriptoremque
1752 2349 1986 2415 pra-buit,
2015 2349 2230 2417 deposita
2258 2353 2353 2400 ini-

228 2432 378 2481 n'len'.
405 2435 592 2482 Ernest.
621 2445 757 2497 putat
785 2433 926 2480 verba
956 2433 1086 2491 haec,
1115 2454 1139 2473 «ι
1158 2432 1245 2479 ita·

229 2527 325 2574 que
350 2511 522 2560 siletur
534 2534 577 2571 ι,
601 2512 850 2561 Ciceronis
873 2528 1002 2572 esse,
1026 2512 1245 2560 Atticum

230 2589 491 2638 irridentis.
517 2592 566 2638 J.
586 2593 650 2640 V.
678 2592 732 2638 1..

302 2676 350 2723 4.
384 2669 569 2717 Eodem
606 2671 797 2718 tribuno
821 2668 995 2734 plebis.
1024 2669 1243 2731 Augura-

228 2747 371 2796 batur
396 2749 570 2799 cicero
603 2749 835 2800 Clodium
862 2748 1110 2796 bimninm
1137 2748 1241 2794 fore

227 2826 476 2876 tribunum
520 2828 675 2891 plebis
689 2861 708 2888 ‚
754 2844 905 2892 quum
945 2827 1087 2875 sciret
1130 2842 1240 2874 enm

226 2903 516 2968 adepturum
533 2923 633 2954 esse
650 2923 677 2954 a
695 2905 881 2970 populo
899 2921 1099 2953 romano
1117 2904 1240 2952 alios

223 2982 437 3030 honore·
458 2985 511 3032 in
536 3001 713 3033 annum
739 2996 1033 3048 sequentem.
1060 2983 1240 3033 Scribit

224 3062 357 3109 enim
381 3064 634 3127 Appianas
656 3063 781 3130 (lib.
805 3065 827 3109 1
853 3062 915 3110 de
936 3064 1072 3111 Bello
1092 3060 1237 3127 civ.)

223 3140 331 3203 lege
359 3142 566 3204 quadam
596 3144 835 3190 sancitum
866 3141 1034 3199 fuisse,
1063 3152 1117 3188 nt
1143 3141 1236 3188 nisi

224 3218 408 3266 tribuni
434 3220 616 3284 plebis,
643 3220 729 3285 qni
756 3218 1002 3267 tribunatu
1025 3219 1238 3278 abirent,

223 3300 383 3347 statim
395 3299 461 3346 nd
475 3300 595 3348 aiios
607 3301 818 3349 honore·
827 3300 995 3348 vocari
1013 3310 1211 3363 possent
1221 3333 1237 3358 ,

223 3394 391 3426 eornm
407 3378 460 3425 in
472 3379 642 3443 primis
655 3379 779 3427 rado
797 3378 1054 3428 haberetur
1069 3380 1235 3445 proxi-

221 3458 312 3504 mis
336 3458 549 3504 comitiis
572 3458 752 3506 tribnn.
779 3460 892 3506 Bos.

291 3536 343 3583 5.
362 3535 471 3584 Cos.
489 3536 756 3601 designato.
782 3540 847 3599 Q.
864 3536 1066 3584 Metello
1076 3537 1241 3600 'Nepo-

222 3625 297 3674 te,
325 3632 439 3662 cnm
465 3632 565 3679 quo
588 3616 785 3663 tribuno
805 3615 960 3679 plebis
983 3616 1237 3663 acerrimas

220 3696 565 3743 contentiones
579 3694 745 3742 habuit
758 3729 772 3753 ‚
791 3710 909 3756 quas
926 3695 1069 3742 refert
1086 3711 1165 3758 ep.
1187 3710 1236 3754 2,

220 3772 307 3820 lib.
328 3777 394 3834 V,
416 3774 479 3822 ad
498 3773 772 3823 Metellum.
797 3773 1138 3838 Augur-abatur
1157 3789 1240 3821 au-

220 3865 320 3901 tem
347 3853 561 3902 futurum
585 3865 641 3901 nt
664 3853 888 3902 Metellus
914 3853 1081 3901 consul
1111 3853 1236 3900 desi-

217 3942 475 3995 gna-etun
499 3932 632 3996 qnod
658 3930 725 3979 ita
751 3932 943 3980 accidit.
970 3932 1079 3980 Fuit
1106 3932 1235 3981 enim

221 4026 329 4058 coe.
356 4027 464 4058 enm
485 4015 538 4061 P.
562 4011 798 4070 Lentu103
821 4012 901 4059 cui
922 4011 1147 4059 referenti
1175 4011 1235 4060 de

220 4090 460 4141 Cicerone
478 4090 803 4153 restituendo,
824 4102 1069 4141 auctorem
1088 4107 1138 4141 ne
1154 4091 1239 4140 ad·

1334 2430 1447 2477 mici
1463 2446 1687 2494 persona.
1714 2430 1840 2477 Vide
1858 2440 1982 2479 ortt.
2009 2443 2122 2494 post
2142 2431 2348 2480 reditum

1330 2509 1576 2557 insenatn.
1586 2510 1678 2574 Ep.
1692 2508 1838 2566 Adii).
1852 2509 1985 2568 v,ad
1996 2511 2311 2559 DivJ’orn.

1402 2586 1457 2637 6.
1490 2587 1725 2636 Oratione
1742 2588 1962 2653 prolata.
1993 2589 2109 2636 Non
2134 2601 2255 2652 puto
2282 2592 2350 2639 ei·

1330 2668 1547 2731 gnificat-i
1565 2670 1830 2716 orationem
1850 2669 1900 2715 in
1915 2664 2164 2716 Metellum
2182 2671 2349 2733 Nepo-

1330 2758 1426 2796 tem
1444 2748 1702 2811 scriptam,
1725 2747 1810 2795 sed
1835 2749 2000 2811 potins
2017 2749 2068 2794 in
2091 2748 2146 2796 C.
2169 2750 2347 2799 Curio·-

1328 2844 1454 2877 nem.
1508 2827 1634 2874 Nam
1682 2827 1883 2875 Metello
1928 2825 2151 2889 pluribus
2187 2827 2346 2874 verbis

1330 2907 1502 2955 Cicero
1521 2905 1822 2954 concertavit
1836 2940 1850 2962 ,
1868 2916 1920 2951 ut
1937 2905 1988 2951 in
2009 2922 2088 2967 ep.
2109 2921 2157 2963 η,
2175 2905 2260 2953 lib.
2280 2907 2345 2968 V,

1323 2985 1388 3034 ad
1404 2986 1521 3034 mv.
1540 2996 1590 3033 at
1607 2986 1691 3032 hie
1713 3000 1764 3031 se
1781 2999 2043 3046 numquam
2068 3000 2170 3031 nno
2191 2982 2345 3031 verbo

1324 3075 1625 3115 concertasse
1648 3062 1787 3112 dicit.
1811 3062 1844 3108 J
1853 3065 1931 3109 Ν.
1952 3063 2010 3110 L.
2026 3060 2077 3107 in
2098 3064 2228 3108 notis
2243 3078 2343 3109 non

1323 3143 1515 3193 dubitat
1536 3144 1656 3208 quin
1673 3154 1844 3206 agatur
1872 3140 1933 3188 de
1961 3157 2034 3189 or.
2057 3140 2107 3186 in
2127 3140 2180 3188 P.
2199 3139 2345 3188 Clod.
2403 3186 2416 3193 ,

1326 3233 1374 3270 et
1396 3224 1656 3272 Curionem
1669 3255 1684 3280 ,
1704 3223 1843 3283 an’n·
1859 3230 2194 3284 argumentum
2214 3220 2344 3267 vide-

1324 3318 1432 3350 mns
1455 3318 1629 3366 snpra,
1648 3305 1697 3360 1,
1723 3302 1810 3359 16,
1836 3311 1889 3349 et
1920 3301 2057 3360 cuins
2081 3300 2343 3361 fragmenta

1324 3380 1522 3429 edemus
1535 3394 1648 3445 post
1662 3381 1793 3429 doct.
1805 3380 1893 3427 vir.
1908 3380 2145 3443 Angelum
2156 3379 2343 3426 Maium

1324 3471 1373 3508 et
1424 3460 1597 3509 Amed.
1646 3462 1855 3524 Peyron.
1902 3461 2013 3507 Jam
2064 3458 2167 3504 haec
2220 3473 2341 3503 con-

1318 3539 1405 3599 jici
1423 3548 1650 3604 poterant
1676 3555 1739 3586 ex
1754 3538 1830 3584 hi·
1852 3553 1960 3600 qnae
1983 3538 2211 3599 leguntur
2229 3536 2345 3583 infr.

1323 3633 1404 3681 ep.
1452 3615 1542 3665 15:
1576 3640 1600 3658 a
1621 3617 1716 3665 Sed
1749 3617 1867 3680 quid
1900 3616 2089 3663 Curio?
2117 3631 2179 3661 an
2210 3614 2340 3661 illam

1326 3696 1592 3745 orationem
1622 3712 1721 3743 non
1752 3695 1930 3757 legit».
1961 3697 2077 3741 Haec
2104 3704 2265 3741 antem
2293 3694 2342 3740 in

1324 3762 1491 3823 senatu
1518 3782 1702 3823 tantum
1728 3773 1890 3821 habita
1911 3784 1999 3819 est.
2027 3774 2123 3821 En.

1398 3872 1448 3915 7.
1474 3853 1668 3901 Sanari.
1694 3853 1948 3900 Revocari.
1975 3854 2137 3900 Coun.

1396 3934 1444 3981 8.
1460 3932 1692 3979 Dodona.
1712 3934 1836 3981 Casu
1851 3931 2126 3989 accusandi,
2139 3947 2165 3979 a
2186 3946 2343 3994 graeco

1324 4011 1534 4074 Dodon,
1572 4011 1718 4059 latine
1754 4009 1992 4069 Dodona
2029 4011 2147 4058 urbs
2180 4022 2252 4057 est
2293 4010 2343 4056 in

1324 4090 1497 4157 Episo.
1538 4091 1820 4141 PonuJ—
1846 4093 2009 4155 Quum
2034 4091 2103 4140 sit
2135 4090 2189 4138 in
2218 4088 2344 4139 MSS
