3023 4773
812 439 1397 524 EPISTOLAE‚
1447 439 1717 556 XV‚6.
2204 446 2329 528 ¹4¹

202 646 658 668 mmm

939 646 1953 670 mmmmmmmmm
1959 652 2050 669 m
2056 652 2240 672 “sm
2254 653 2347 673 m

874 851 1459 932 EPISTOLA
1515 853 1667 931 vl.

202 1020 493 1088 Quantam
525 1033 599 1072 ex
626 1015 862 1074 Catonis
906 1016 1239 1076 laudatione
1281 1018 1645 1097 voluptatem
1695 1018 1944 1097 ceperit,
1991 1038 2123 1077 cum
2159 1020 2338 1098 ipsius

274 1112 453 1169 laude
484 1111 695 1169 eximia
721 1113 994 1190 exponit,
1041 1114 1333 1193 petitque,
1389 1116 1438 1172 si
1485 1115 1683 1173 favere
1725 1116 2017 1187 noluerit,
2066 1117 2343 1196 inadipi-

272 1207 496 1265 scendo
526 1209 859 1287 triumpho,
900 1211 1102 1268 saltem
1122 1254 1140 1283 ‚
1168 1212 1216 1268 si
1244 1210 1621 1289 adipiscatur,
1649 1211 1916 1289 gaudeat.
1960 1211 2081 1292 (Ex
2112 1215 2340 1286 Cilicia,

274 1324 435 1362 anno
460 1309 533 1364 U.
555 1309 620 1364 C.
648 1307 783 1379 703,
812 1324 1007 1364 mense
1030 1304 1266 1383 sextili.)

695 1500 786 1565 M.
816 1499 895 1566 T.
938 1503 1012 1566 C.
1048 1499 1142 1566 M.
1184 1499 1519 1566 CATONI
1568 1495 1632 1566 S.
1671 1494 1743 1565 P.
1781 1498 1860 1566 D.

298 1648 614 1714 «Lmns
664 1666 825 1714 sum
878 1641 1152 1713 laudari
1207 1652 1399 1729 me¹,
1450 1642 1695 1738 inquit
1742 1648 2035 1734 Hector,
2082 1650 2348 1746 opinor

204 1786 236 1820 ιι
258 1753 460 1852 apud
489 1757 554 1823 N
558 1756 815 1823 aevium
831 1763 889 1838 ²,
919 1749 1047 1823 abs
1075 1766 1169 1839 te,
1200 1765 1427 1850 pater,
1456 1776 1497 1821 a
1529 1750 1823 1823 laudato
1852 1753 2031 1825 viro.
2056 1786 2090 1820 >2
2114 1762 2215 1826 Ea
2239 1774 2346 1832 est

205 1867 398 1935 enim
434 1861 783 1963 profecto,
801 1860 1124 1957 jucunda
1161 1861 1373 1960 laus„
1403 1885 1565 1959 quae
1603 1859 1694 1932 ab
1732 1863 1817 1932 iis
1846 1863 2349 1961 proficiscitur,

203 1977 332 2072 qui
371 1976 515 2072 ipsi
549 1975 629 2045 in
664 1971 878 2043 laude
914 1972 1273 2042 vixerunt.
1310 1976 1462 2068 Ego
1491 1996 1666 2043 vero
1710 1972 1826 2043 vel
1869 1974 2351 2069 gratulatione

202 2085 572 2157 literarum
627 2098 951 2167 tuarum,
1017 2081 1133 2152 vel
1181 2082 1615 2154 testimoniis
1670 2085 2044 2155 sententiae
2098 2086 2348 2176 dictae,

202 2195 385 2265 nihil
433 2209 577 2280 est,
633 2192 835 2289 quod
882 2216 997 2262 me
1037 2216 1188 2262 non
1241 2207 1714 2288 assequutum
1762 2206 2040 2289 putem.
2111 2195 2347 2296 quue
2407 2235 2412 2242 ·

204 2304 380 2374 mihi
424 2326 659 2401 quum
695 2301 1216 2400 amplissimum
1242 2352 1261 2391 ‚
1325 2316 1483 2371 tum
1527 2301 2013 2399 gratissimum
2058 2320 2168 2377 est
2196 2360 2217 2395 ‚
2277 2323 2350 2381 te

201 2414 518 2485 libenter
541 2413 863 2484 amicitiae
889 2410 1208 2500 dedisse,
1242 2410 1445 2507 quod
1480 2411 1759 2509 liquido
1796 2417 2078 2486 veritati
2115 2416 2347 2492 dares.

200 2532 320 2616 Et,
365 2528 427 2597 si
461 2549 618 2594 non
646 2522 868 2593 modo
892 2547 1144 2593 omnes
1160 2520 1215 2610 ³,
1243 2546 1497 2593 verum
1542 2524 1757 2595 etiam
1791 2525 2002 2596 multi
2038 2531 2349 2602 Catones

204 2649 442 2706 essent
472 2634 553 2703 in
590 2633 876 2711 civitate
915 2647 1200 2720 nostra,
1235 2633 1313 2703 in
1361 2657 1507 2729 qua
1543 2657 1774 2704 unum
1819 2639 2172 2710 exstitisse
2208 2642 2346 2711 mi-

201 2743 429 2815 rabile
485 2757 595 2814 est
635 2768 652 2811 ε
707 2766 929 2838 quem
981 2766 1117 2839 ego
1178 2766 1469 2823 currum
1490 2744 1547 2830 ⁴,
1593 2757 1716 2814 aut
1768 2770 1989 2841 quam
2032 2748 2350 2821 lauream

205 2878 372 2925 cum
410 2868 541 2924 tua
576 2852 993 2923 laudatione
1032 2851 1485 2924 conferrem?
1531 2855 1717 2924 Nam
1756 2853 1848 2925 ad
1893 2882 2137 2929 meum
2187 2885 2350 2933 sen-

206 2991 367 3035 sum
387 3018 406 3050 ‚
446 2978 523 3035 et
555 2962 648 3033 ad
685 2948 862 3033 illud
896 2963 1258 3034 sincerum
1296 2989 1377 3035 ac
1415 2961 1682 3034 subtile
1711 2963 2062 3059 judicium
2085 2966 2136 3057 ⁵,
2167 2971 2349 3042 nihil

204 3090 453 3172 potest
489 3098 644 3145 esse
688 3066 1152 3164 laudabilius,
1188 3099 1405 3170 quarn
1441 3099 1526 3146 ea
1570 3088 1697 3145 tua
1734 3076 2002 3165 oratio,
2045 3102 2207 3173 quae
2244 3095 2352 3153 est

274 3325 324 3357 1.
356 3311 522 3356 Lanu
554 3321 663 3354 sum
689 3304 891 3353 laudari
913 3322 1005 3355 me.
1033 3307 1234 3355 Tuscul.
1322 3307 1575 3371 ligendnm
1611 3323 1729 3357 vero
1749 3343 1764 3367 ,
1813 3311 1952 3372 qnasi
1990 3321 2116 3358 esset
2135 3345 2150 3370 ,
2204 3334 2230 3355 α
2247 3329 2352 3363 non

204 3390 287 3447 JV,
317 3390 402 3437 31.
1324 3386 1438 3435 dico
1465 3404 1692 3437 omnes».
1710 3390 1841 3437 J.V.
1873 3390 2009 3436 1..--
2027 3391 2131 3438 Nec
2158 3407 2352 3443 necesso

267 3485 315 3514 2.
354 3466 596 3514 Naevium.
631 3466 906 3512 Romanum
944 3476 1145 3529 poetam
1182 3467 1235 3512 in
1323 3475 1417 3527 est,
1436 3477 1491 3513 nt
1515 3466 1686 3513 suadet
1709 3466 1929 3525 Pre'vose,
1960 3490 1985 3509 ι-
2002 3468 2043 3515 si
2070 3484 2173 3517 non
2199 3474 2350 3522 modo

201 3546 473 3610 Campania
499 3556 688 3592 natum.
708 3545 770 3590 A.
790 3543 917 3592 Gell.
938 3546 988 3601 1,
1019 3552 1102 3598 24.
1122 3545 1238 3592 Nae-
1324 3545 1493 3605 multi,
1539 3563 1712 3594 verum
1757 3547 1903 3594 etiam
1942 3563 2111 3597 omnes
2129 3570 2152 3592 ι
2167 3585 2183 3612 ,
2211 3555 2351 3617 qnod

202 3627 309 3674 vim
354 3642 533 3691 poema
572 3626 633 3673 de
667 3625 827 3689 primo
869 3624 1003 3672 bello
1048 3627 1236 3675 Punico
1327 3634 1495 3672 contra
1523 3642 1734 3673 sensnm.
1756 3627 1849 3672 En.

202 3708 494 3770 tuipsa-u,
521 3716 571 3753 et
600 3705 766 3771 plnres
798 3704 1090 3764 comoedias,
1116 3722 1236 3769 qua·
1397 3712 1445 3760 4.
1481 3706 1658 3768 Quem.
1675 3740 1689 3753 .
1705 3720 1946 3761 ,cm-rum,
1968 3716 2057 3753 aue
2075 3724 2227 3771 quam
2246 3711 2349 3760 lau.

203 3803 312 3833 nun
346 3788 611 3851 fragment·
637 3797 686 3834 et
716 3787 920 3849 vestigia
956 3785 1089 3850 apud
1107 3789 1234 3832 Var-
1323 3799 1475 3832 ream.
1513 3785 1558 3832 1.
1587 3800 1634 3832 e.
1655 3798 1800 3847 quem
1823 3782 2143 3848 triumphum.
2163 3790 2347 3840 Currus

201 3882 401 3925 rouen,
436 3869 659 3925 Festum,
684 3866 903 3916 Nonium
931 3876 983 3913 et
1006 3865 1128 3914 alios
1160 3881 1236 3912 re·
1324 3874 1374 3911 et
1403 3863 1566 3910 laurea
1606 3877 1789 3910 corona
1826 3863 2147 3916 instrumenta
2177 3871 2350 3918 trium-

203 3945 484 4015 peu-innuu-
511 3947 607 3994 En.
1322 3943 1596 4008 phantium.
1623 3944 1717 3990 En.

279 4026 334 4073 3.
353 4024 604 4088 Legebant
634 4023 785 4081 olim,
814 4025 897 4070 «si
942 4039 1047 4071 non
1082 4021 1232 4070 modo
1397 4023 1445 4069 5.
1476 4021 1563 4068 Ad
1607 4020 1745 4068 illum
1783 4020 2026 4071 sincerum
2073 4042 2136 4073 ae
2177 4027 2352 4076 subtile

202 4120 393 4150 unns».
435 4102 729 4155 Gulielmius
772 4102 1066 4163 conjiciebat
1082 4137 1097 4161 ‚
1146 4124 1171 4142 ν
1192 4101 1237 4149 si
1314 4100 1577 4167 judicium.
1599 4100 1755 4162 Quasi
1772 4117 1876 4149 non
1894 4102 2082 4151 sincere
2095 4138 2111 4165 ,
2129 4121 2218 4152 nee
2235 4107 2349 4154 sub-
2418 4157 2427 4165 ‚

204 4182 361 4230 modo
378 4199 580 4244 omnes,
598 4183 677 4231 vel
699 4182 845 4231 etiam
863 4181 1061 4231 multi».
1089 4180 1237 4230 Intel-
1327 4180 1479 4228 tiliter
1508 4179 1736 4241 judicent
1755 4216 1772 4244 ,
1812 4182 1898 4246 qni
1938 4182 2080 4230 aliter
2121 4186 2351 4232 sentiunt.
