3023 4773
437 486 532 553 M.
563 485 642 552 T.
683 483 872 554 Cle.
919 484 1227 550 EPIST.
1282 484 1407 549 AD
1467 484 1968 568 ATTICUM,
2008 488 2118 567 11,
2167 507 2221 551 ι.
2272 482 2409 552 355

295 604 557 675 librum
600 610 680 675 L.
731 605 1056 674 Cossinio
1092 601 1183 673 ad
1216 617 1283 672 te
1318 602 1823 700 perferendum
1853 604 2150 675 dedisse.
2193 609 2406 687 Nam,

293 716 350 782 si
391 738 528 810 ego
579 728 788 783 tuum
829 727 994 782 ante
1039 713 1399 807 legissem,
1433 711 1751 783 furatum
1796 737 1908 782 me
1945 713 2072 784 abs
2116 730 2186 786 te
2225 740 2411 795 esse,

296 823 589 895 diceres.
633 827 1089 919 Quamquam
1123 836 1244 892 tua
1278 823 1396 891 illa
1427 821 1606 917 (legi
1643 824 1833 891 enim
1874 820 2218 913 libenter)
2255 823 2416 893 hor-

294 932 530 1002 ridula
555 932 731 1001 mihi
752 947 968 1028 atque
992 934 1355 1029 incompta
1386 934 1533 1002 visa
1557 948 1728 1001 sunt
1757 959 1772 1001 ε
1803 932 1926 1003 sed
1947 948 2185 1004 tamen
2216 948 2420 1004 erant.

296 1057 550 1112 ornata
587 1042 725 1113 hoc
759 1044 916 1139 ipso
937 1095 955 1127 ,
980 1041 1179 1137 quod
1213 1056 1639 1112 ornamenta
1665 1039 2167 1137 neglexerant3
2200 1056 2309 1127 et,
2341 1057 2421 1112 ut

296 1152 701 1236 mulieres²,
738 1150 900 1220 ideo
943 1150 1133 1222 bene
1170 1150 1400 1236 olere,
1440 1152 1610 1246 quia
1651 1150 1829 1220 nihil
1857 1149 2184 1231 olebant,
2222 1151 2417 1222 vide-

298 1257 585 1328 bantur.
625 1260 828 1328 Meus
861 1254 1322 1327 autem'liber
1359 1270 1593 1326 totum
1634 1253 1973 1327 Isocrati³
1998 1251 2418 1352 μυροθῆκιον4,

299 1383 518 1463 atque
559 1391 811 1437 omnes
849 1366 1006 1459 ejus
1038 1361 1606 1462 discipulorum⁵
1635 1363 1940 1451 arculaS,
1975 1389 2056 1435 ac
2090 1365 2423 1436 nonnihil

301 1479 512 1547 etiam
534 1473 981 1548 Aristotelia6
1008 1477 1370 1573 pigmenta
1397 1475 1883 1572 consumpsit:
1907 1498 2122 1570 quem
2148 1489 2222 1544 tu
2253 1481 2424 1547 Cor·

303 1610 520 1683 cyrae,
549 1601 628 1656 ut
656 1587 834 1656 mihi
862 1585 1011 1657 aliis
1038 1586 1262 1656 literis
1288 1585 1680 1681 significaS,
1714 1585 2052 1654 strictim7
2094 1587 2381 1681 attigisti
2407 1613 2425 1672 ;

309 1712 473 1792 post
507 1712 745 1767 autem
768 1750 786 1781 ,
826 1710 905 1766 ut
944 1692 1289 1780 arbitror,
1341 1719 1378 1764 a
1428 1695 1755 1765 Cossinio
1799 1696 2172 1790 accepisti3
2210 1718 2427 1790 quem

307 1806 436 1876 tibi
476 1830 613 1903 ego
656 1830 803 1875 non
845 1829 1070 1875 essem
1110 1830 1325 1875 ausus
1366 1807 1691 1890 mittere,
1732 1806 1869 1875 nisi
1911 1829 2077 1873 eum
2115 1803 2307 1874 lente
2350 1830 2430 1873 ac

304 1910 706 1985 fastidiose8
739 1912 1244 2009 probavissem.
1290 1914 1747 2011 Quamquam
1789 1913 1878 1985 ad
1915 1938 2031 1984 me
2070 1915 2431 2011 rescripsit

300 2020 449 2113 jam
485 2016 745 2088 Rhodo
785 2015 1275 2102 Posidonius9,
1316 2041 1430 2104 se,
1460 2035 1786 2089 nostrum
1818 2019 1989 2090 illud
2022 2024 2433 2115 ὑπόμνημαῐο

304 2152 540 2225 quum
579 2127 892 2223 legeret,
930 2124 1125 2220 quod
1174 2150 1309 2223 ego
1348 2126 1436 2197 ad
1482 2150 1690 2213 eum,
1723 2143 1801 2197 ut
1839 2131 2160 2199 ornatius
2192 2129 2282 2199 de
2326 2130 2438 2199 iis-

308 2238 477 2308 dem
517 2235 737 2307 rebus
776 2233 1158 2321 scriberet,
1203 2240 1569 2325 miseram,
1608 2261 1757 2306 nou
1797 2236 2014 2306 modo
2052 2240 2437 2335 excitatum

274 2356 470 2418 ‘esse
526 2344 615 2415 ad
676 2340 1174 2428 scribendum,
1239 2345 1361 2418 sed
1419 2349 1633 2418 etiam
1692 2345 1903 2443 plane
1959 2350 2439 2445 perterritum.

315 2453 510 2545 Quid
546 2455 859 2550 quaeris?
889 2453 1313 2526 conturbavi
1343 2479 1640 2551 graecam
1668 2458 2057 2527 nationem.
2095 2464 2195 2529 lta
2223 2461 2441 2557 vulgo

317 2567 446 2663 qui
496 2563 902 2649 instabant,
957 2581 1038 2636 ut
1091 2565 1333 2636 (larem
1393 2566 1568 2652 sibi,
1623 2567 1819 2663 quod
1871 2584 2248 2650 ornarent,
2297 2572 2443 2663 jam

323 2672 664 2746 exhibere
708 2674 882 2743 mihi
923 2674 1319 2746 molestiam
1359 2675 1809 2746 destiterunt.
1851 2681 1996 2765 Tu,
2034 2680 2090 2746 si
2134 2677 2263 2748 tibi
2297 2679 2443 2775 pla-

319 2788 551 2858 cuerit
596 2784 821 2872 liber,
868 2785 1189 2869 curabis,
1235 2801 1315 2856 ut
1357 2800 1428 2857 et
1467 2784 1765 2856 Athenis
1805 2788 1933 2872 sit,
1970 2802 2039 2858 et
2081 2790 2151 2857 in
2193 2790 2448 2858 ceteris

324 2895 611 2993 oppidis
654 2896 954 2965 Graeciae.
997 2893 1301 2965 Videtur
1360 2896 1552 2965 enim
1612 2918 1818 2991 posse
1866 2896 2135 2992 aliquid
2187 2900 2450 2967 nostris

397 3117 444 3147 α.
467 3099 709 3147 Mulier-es.
731 3101 884 3145 Vetus
907 3097 1027 3146 illud
1047 3100 1097 3145 in
1123 3100 1341 3149 mulieres
1503 3119 1553 3164 7.
1573 3101 1781 3150 Strictim
1808 3099 2029 3165 aetzkisti.
2051 3100 2238 3149 Cursim
2265 3100 2447 3163 legisti,

325 3173 542 3227 odoratis
556 3178 814 3242 unguentis
833 3188 932 3224 non
952 3188 1160 3226 utentes:
1183 3202 1207 3220 u·
1224 3180 1342 3227 Ideo
1431 3171 1627 3228 missum
1663 3173 1888 3228 videlicet
1924 3168 1985 3226 ab
2022 3169 2129 3226 aliis
2158 3179 2282 3243 (jam
2321 3181 2450 3226 enim

325 3258 448 3306 bene
465 3259 623 3319 olem,
639 3260 751 3321 quia
771 3256 894 3303 nibil
917 3256 1104 3304 olerent
1123 3279 1162 3305 a.
1192 3259 1341 3319 Quod
1431 3259 1707 3321 divulgatus
1738 3270 1869 3314 erat:
1902 3251 2139 3322 siquidem
2167 3270 2216 3305 et
2248 3258 2451 3307 Posido·

329 3346 398 3383 est
416 3336 547 3400 apud
568 3336 789 3383 Plautum
818 3336 869 3382 in
898 3335 1210 3385 Mostellaria.
1236 3337 1344 3382 MA—
1436 3337 1545 3385 niue
1559 3354 1669 3385 eum
1683 3337 2065 3400 Rhodilegerat‚
2078 3348 2133 3385 ut
2151 3338 2272 3384 infra
2288 3338 2451 3400 proxi-

333 3431 458 3463 πυτ.
1436 3417 1579 3479 me):
1611 3428 1720 3479 post
1746 3428 1905 3464 autem
1936 3431 2045 3464 eum
2062 3451 2076 3473 ‚
2103 3416 2300 3479 opinor,
2319 3431 2453 3462 acce·

401 3495 446 3543 3.
477 3495 555 3542 Sic
576 3493 700 3542 MSS
721 3493 876 3552 multi,
898 3508 999 3539 non
1024 3515 1048 3532 «-
1063 3493 1289 3539 Isocratis
1306 3515 1346 3540 n.
1437 3495 1551 3558 pisti
1566 3531 1580 3553 ‚
1596 3507 1738 3557 quem
1767 3505 1858 3558 ego
1882 3497 1930 3542 L.
1962 3496 2183 3544 Cossinio
2210 3493 2451 3541 dederam.

330 3575 451 3621 LV.
489 3576 540 3622 1..
1436 3572 1649 3618 Mum-r.

401 3660 448 3706 4.
484 3648 788 3718 Μυροθίυιιον.
827 3650 1205 3712 Unguentariam
1247 3650 1349 3696 the·
1509 3653 1557 3697 8.
1593 3651 1868 3698 Fastidiose.
1911 3652 2075 3712 Quum
2113 3651 2273 3698 omnia
2308 3653 2356 3699 in
2393 3670 2450 3700 eo

330 3745 452 3778 cam.
469 3760 535 3770 --
551 3727 783 3794 Intelligit
803 3734 1040 3777 Isocraten
1064 3728 1124 3776 de
1151 3730 1347 3776 consor-
1437 3729 1799 3792 diligentissime
1818 3731 2157 3779 examinassem
2174 3766 2186 3789 ,
2214 3747 2365 3795 nsque
2390 3735 2452 3781 ad

332 3809 506 3857 mande
528 3811 750 3858 oratione
777 3819 1033 3874 praecepta.
1059 3810 1149 3856 En.
1439 3808 1697 3855 fastidium.
1721 3813 1870 3856 luxu.

405 3890 451 3936 5.
469 3887 1177 3952 Discipedomm.Theopompi,
1193 3887 1350 3951 Epho·
1509 3904 1562 3950 9.
1620 3888 1915 3934 Posidonius.
1957 3890 2183 3953 Apameae
2222 3891 2270 3937 in
2314 3893 2451 3955 Syria

332 3968 376 4012 ri
394 4001 406 4022 ,
430 3977 524 4013 ete.
1440 3979 1580 4014 natus
1598 4001 1610 4021 ,
1636 3970 1719 4030 qui
1752 3965 1979 4013 Rhodum
2010 3971 2138 4017 venit
2162 3981 2215 4017 ut
2239 3971 2455 4033 philoso-

409 4046 460 4092 6.
495 4046 770 4092 Aristotelia
792 4047 1057 4110 pigmenta.
1090 4047 1213 4106 Quae
1241 4060 1354 4107 prae·
1440 4045 1570 4109 phire
1589 4045 1677 4092 sub
1699 4047 1911 4092 Panaetio
1931 4047 2165 4100 studeret.
2189 4051 2328 4112 eique
2349 4066 2455 4097 suc-

335 4123 458 4186 cipit
491 4124 799 4183 Aristoteles,
835 4126 885 4172 in
919 4124 1060 4171 tertio
1095 4124 1358 4185 praesertim¹
1444 4124 1725 4172 ‹·essit.‘Eo.

339 4202 428 4250 lib.
454 4203 655 4251 Rhetor.
1522 4220 1538 4248 1
1550 4219 1596 4250 o.
1622 4191 1898 4269 Ῠπόμνημα.
1920 4203 2348 4251 Commentarium.

2107 4287 2216 4354 23.
