3023 4773
629 340 1140 427 EPISTOLAE
1190 363 1321 428 AD
1375 362 1867 446 ΑΤΤιουΜ,
1910 368 1963 447 1,
2018 389 2073 432 1.
2276 368 2412 461 273

291 483 554 549 Verum
585 475 725 546 hoc
755 475 1138 547 ridiculum
1175 494 1280 550 est
1300 534 1319 567 ‚
1347 480 1436 553 de
1467 483 1804 576 magistro
1828 480 1892 537 ³9
1920 507 2116 557 nunc
2148 510 2415 582 cogno-

291 609 504 661 scere.
547 588 849 680 Rogavit
900 609 1016 655 me
1060 588 1429 676 Caecilius,
1487 603 1568 659 ut
1618 589 1935 671 adessem
1984 608 2232 667 contra
2286 600 2410 667 Sa-

289 698 601 769 trium40.
630 697 798 769 Dies
831 693 979 766 sere
1005 696 1248 767 nullus
1274 713 1402 785 est,
1424 700 1605 793 quin
1627 698 1796 768 hinc
1824 703 2090 772 Satrius
2112 703 2410 779 domum

285 829 518 875 meam
554 807 879 879 ventitet.
919 804 1267 876 Observat
1294 812 1375 877 L.
1403 809 1887 878 Domitium4¹
1925 813 2413 898 maxime3-me

281 913 503 986 habet
547 918 977 1010 proximum.
1024 916 1183 986 Fuit
1227 931 1299 986 et
1359 917 1571 1002 mihi,
1609 932 1682 988 et
1732 920 1820 1006 Q.
1857 917 2091 1006 fratri,
2144 946 2412 1018 magno

284 1029 444 1099 usui
503 1026 580 1093 in
623 1026 883 1097 nostris
939 1025 1436 1120 petitionibu&
1492 1028 1675 1096 Sane
1720 1051 1878 1096 sum
1916 1028 2412 1123 perturbatus,

281 1156 514 1229 quum
550 1134 771 1229 ipsius
805 1134 1014 1202 Satrii
1050 1131 1522 1205 familiaritate
1545 1190 1564 1222 ‚
1587 1150 1745 1207 turn
1780 1137 2118 1224 Domitii,
2148 1139 2219 1206 in
2260 1163 2410 1235 quo

282 1269 431 1313 uno
472 1243 776 1312 maxime
812 1241 1110 1317 ambitio
1138 1259 1381 1315 nostra
1413 1245 1684 1324 nititur.
1722 1248 2223 1316 Demonstravi
2261 1247 2411 1318 haeo

279 1356 590 1429 Caecilio:
609 1355 820 1425 simul
842 1371 914 1426 et
934 1356 1109 1427 illud
1136 1358 1443 1444 ostendi,
1465 1360 1523 1428 si
1551 1360 1701 1454 ipse
1723 1383 1910 1428 unus
1929 1383 2095 1428 cum
2116 1360 2239 1431 illo
2258 1387 2407 1432 uno

281 1463 788 1551 contenderet,
812 1489 929 1533 me
956 1467 1019 1535 ei
1048 1465 1575 1538 satisfacturum
1603 1465 1853 1554 fnisse3
1875 1492 2072 1539 nunc
2095 1470 2165 1547 in
2199 1496 2410 1545 causa

282 1577 792 1645 universorum
848 1572 1331 1663 creditorum,
1386 1576 1765 1647 hominum
1810 1581 2203 1673 praesertim
2256 1605 2407 1650 am-

279 1684 767 1781 plissimorum
795 1736 813 1768 ‚
852 1686 977 1780 qui
1020 1686 1173 1755 sine
1220 1711 1308 1756 eo
1332 1741 1349 1774 ‚
1400 1711 1617 1783 quem
1664 1686 1983 1756 Caecilius
2003 1689 2066 1736 ⁴²
2106 1713 2237 1759 suo
2275 1715 2409 1760 no-

278 1796 479 1871 mine
508 1792 922 1891 perhiberet
941 1792 1032 1883 4³,
1059 1794 1260 1867 facile
1287 1820 1571 1866 causam
1606 1820 2064 1866 communem
2101 1801 2409 1869 sustiue-

275 1920 439 1975 rent
459 1958 478 1992 ‚
504 1929 791 2000 aequum
826 1929 1010 1990 esse,
1051 1930 1219 1976 eum
1250 1921 1321 1976 et
1352 1905 1667 1977 officio⁶4
1692 1929 1854 1975 meo
1883 1906 2294 1994 consulere,
2339 1924 2410 1979 et

276 2012 694 2111 tempori⁴⁵.
737 2015 1005 2085 Durius
1049 2019 1368 2112 accipere
1402 2014 1544 2086 hoc
1578 2014 1755 2083 mihi
1787 2015 1979 2085 visus
2013 2030 2160 2102 est,
2190 2042 2406 2113 quam

273 2124 534 2196 vellem
558 2178 576 2207 ‚
638 2139 708 2195 et
768 2149 986 2221 quam
1038 2124 1370 2195 homines
1431 2124 1604 2219 belli
1661 2122 1893 2193 solent
1923 2150 1941 2208 ς
2017 2138 2089 2193 et
2154 2141 2405 2222 postea

274 2258 577 2331 prorsus
634 2232 724 2303 ab
778 2236 1107 2304 instituta
1149 2249 1395 2305 nostra
1436 2254 1831 2331 paucorum
1893 2230 2172 2304 dierum
2220 2261 2399 2308 con·
2503 2323 2507 2328 ,

275 2343 660 2417 suetudine
693 2344 905 2442 longe
933 2343 1213 2441 refugit.

369 2454 523 2525 Abs
551 2469 620 2525 te
653 2469 861 2551 peto,
899 2470 980 2525 ut
1011 2455 1185 2524 mihi
1225 2455 1363 2524 hoc
1396 2456 1756 2550 ignoscaS‚
1795 2466 1867 2524 et
1893 2478 2010 2525 me
2040 2458 2399 2529 existimes

271 2565 716 2636 humanitate
739 2589 889 2635 esse
919 2564 1398 2662 prohibitum,
1427 2589 1519 2633 ne
1544 2578 1794 2633 contra
1817 2566 2023 2634 amici
2047 2557 2400 2637 summam

274 2676 878 2746 existimationem
902 2672 966 2726 4⁶
1022 2675 1424 2746 miserrimo
1462 2674 1614 2766 ejus
1655 2687 1980 2769 tempore
2035 2678 2401 2764 venirem,-

346 2880 431 2941 39.
450 2877 723 2925 Ridiculum
741 2888 812 2923 ese
827 2876 890 2923 de
914 2877 1160 2941 magistro.
1177 2877 1292 2924 Sen-

273 2975 355 3005 ms
370 2958 519 3018 hujus
542 2956 640 3003 loci
663 2957 744 3003 hic
762 2955 956 3004 videtur
987 2973 1088 3004 esse
1111 2968 1124 3002 τ
1153 2955 1294 3003 Ridi-

272 3037 438 3084 culum
464 3043 540 3083 est
577 3050 707 3081 nunc
747 3034 885 3097 loqui
928 3047 977 3082 et
1002 3050 1199 3082 censere
1231 3034 1293 3081 de

271 3117 503 3178 magistro
521 3149 535 3173 ‚
561 3113 714 3177 'quum
731 3114 968 3161 incertum
992 3114 1055 3159 sit
1072 3113 1215 3175 plane
1228 3128 1290 3158 an

270 3196 475 3241 Varium
527 3193 798 3240 damnaturi
846 3193 944 3239 sint
985 3191 1174 3251 judices
1189 3226 1203 3250 ‚
1242 3201 1292 3238 et

268 3274 374 3332 eina
397 3273 533 3320 bona
553 3272 817 3331 subjecturi
838 3272 1008 3329 bestat,
1028 3271 1108 3317 cni
1126 3272 1292 3334 praesit

272 3352 515 3415 magister.
529 3354 706 3400 (ὗμιν.

345 3440 431 3486 40.
486 3431 549 3476 Ut
589 3428 806 3476 adessem
844 3438 1015 3475 contra
1061 3427 1287 3475 Satrium.

272 3509 462 3573 Nempe
488 3519 546 3556 ut
573 3518 832 3571 patronus,
856 3507 955 3553 aive
975 3516 1161 3555 orator.
1177 3509 1287 3555 Cn.

345 3598 372 3644 4
387 3604 405 3637 ι
421 3623 433 3635 .
456 3592 507 3636 L.
525 3585 806 3634 Domitium.
830 3587 926 3635 Hic
945 3596 1017 3632 est
1045 3586 1096 3634 L.
1117 3587 1288 3633 Domi-

274 3670 371 3716 tius
394 3666 773 3723 Ahenobarbus,
811 3665 1067 3728 singularis
1096 3665 1293 3713 Cicero-

273 3750 350 3795 nis
366 3749 579 3815 unicus:
597 3746 732 3808 qnod
750 3761 800 3792 re
816 3744 1093 3803 declaravit,
1112 3757 1295 3809 praetor

275 3845 425 3892 quum
453 3837 602 3883 esset,
630 3825 877 3873 exsulante
898 3825 1148 3873 Cicerone.
1168 3828 1245 3872 In.

349 3917 429 3962 μ.
458 3905 556 3969 Qui
578 3903 682 3951 sine
708 3920 793 3960 eo,
825 3919 965 3967 quem
988 3903 1219 3952 Cei-cilius.
1237 3903 1294 3951 ld

276 3997 346 4032 est
363 4022 378 4046 ,
415 3985 541 4049 aqui
571 3985 675 4029 sine
702 3999 756 4030 ea
783 3998 989 4047 persona
1019 4000 1162 4047 qnam
1190 3984 1294 4048 ipae

277 4065 499 4113 Caeeiline
519 4078 613 4126 pro
647 4078 721 4119 ae,
754 4072 804 4108 et
833 4062 1039 4125 propt-lo
1068 4063 1263 4110 nomint·
1282 4091 1296 4115 ‚

485 4152 572 4217 ῙῙ.
632 4163 727 4211 Cic.
749 4179 861 4229 pars
888 4173 1070 4230 quat-ea.

1380 2889 1553 2937 magna
1581 2889 1692 2920 cnm
1715 2872 1859 2920 lande
1888 2876 2064 2936 cuique
2090 2887 2270 2937 gratnm
2305 2876 2399 2922 fer·

1380 2965 1454 3002 ret
1470 2977 1513 3001 a.
1542 2955 1661 3001 Haec
1677 2955 1730 3002 in
1742 2954 1954 3014 margine
1973 2956 2103 3000 Bosii
2120 2954 2366 3002 Baluziani
2384 2989 2398 3011 ,

1382 3034 1441 3081 de
1474 3049 1574 3098 quo
1613 3034 1664 3079 in
1705 3031 1989 3093 praefatione
2030 3031 2255 3081 diximus.
2293 3034 2398 3080 Noa

1376 3112 1508 3160 hune
1534 3129 1635 3160 esse
1652 3126 1844 3159 sensum
1863 3109 2175 3156 arbitramur:
2196 3111 2397 3158 Etiamsi

1377 3192 1538 3239 nullus
1556 3190 1904 3255 perhiberetur,
1917 3189 2002 3252 qni
2023 3200 2181 3250 ageret
2200 3190 2397 3238 nomine

1377 3270 1559 3318 Caecilii
1576 3305 1590 3324 .
1611 3272 1713 3317 fore
1734 3281 1889 3317 tamen
1915 3269 2030 3317 satie
2048 3267 2251 3336 multos,
2274 3271 2396 3331 aqui

1377 3348 1480 3395 sine
1500 3365 1558 3395 eo
1581 3348 1720 3396 facile
1741 3364 1929 3396 causam
1957 3361 2262 3396 communem
2290 3364 2392 3395 sus-

1377 3427 1586 3475 tinerent
1597 3450 1635 3474 u.
1656 3431 1808 3476 Ouv.

1448 3507 1510 3560 43
1520 3540 1531 3550 .
1548 3507 1831 3554 Perhibent.
1844 3503 2131 3552 Exhiberet:
2160 3505 2253 3552 nisi
2270 3507 2394 3554 sorte

1375 3583 1630 3647 legendum
1654 3585 1746 3641 sit,
1781 3582 2096 3646 «praeberet».
2125 3584 2354 3633 Conna.

1452 3672 1536 3719 44.
1568 3661 1762 3728 Officio.
1794 3662 1871 3708 Ne
1909 3676 2053 3722 cogar
2083 3674 2250 3710 contra
2284 3662 2392 3711 offi-

1381 3742 1510 3790 cinm
1529 3756 1755 3789 accusare
1773 3738 1835 3787 de
1856 3755 1931 3787 me
1963 3739 2144 3802 optime
2171 3742 2392 3789 meritum

1381 3823 1539 3870 virum
1566 3820 1791 3870 Satrium.
1811 3820 2023 3867 Cuma.

1455 3901 1539 3954 45.
1575 3897 1809 3962 Tempori.
1838 3897 2109 3950 petitionis.
2138 3926 2207 3934 --
2242 3900 2391 3957 Belli,

1383 3981 1413 4027 i.
1441 3996 1489 4028 e.
1511 3993 1698 4035 eomes,
1719 3977 1917 4028 hnmani
1931 4011 1946 4035 ‚
1970 3978 2160 4026 urbani.
2176 3981 2271 4026 En.

1457 4059 1539 4115 46.
1560 4060 1804 4106 Summam
1832 4057 2251 4107 existimationem.
2265 4058 2403 4102 Smn-

2134 4140 2216 4206 18
