3023 4773
526 400 1066 468 EPISTOLAE
1119 401 1251 467 AD
1305 401 1803 487 ΑΤΤῙουΜ,
1853 409 1926 488 1,
1988 406 2096 477 ι6.
2230 408 2369 507 319

249 547 411 593 nam
457 545 656 592 suam
703 521 1164 591 severitatem.
1194 524 1560 609 revocavi,
1592 538 1809 621 atque
1846 525 2205 623 abjectum
2249 557 2370 603 ex-

247 634 491 713 citavi;
552 628 888 700 Clodium
940 646 1364 726 praesentem
1428 628 1607 728 fregi
1662 634 1736 703 in
1794 653 2087 727 senatu,
2139 666 2367 737 quum

245 743 569 811 oratione
614 753 1002 838 perpetua,
1045 737 1455 835 plenissima
1497 746 1899 837 gravitatiS‚
1950 762 2104 817 tum
2159 750 2371 822 alter-

242 853 523 922 catione
569 849 959 945 ejusmodi,
1001 874 1088 920 ex
1125 874 1270 946 qua
1309 850 1476 921 licet
1523 874 1748 947 pauca
1784 851 2140 950 degustes.
2186 862 2368 930 Nam

241 973 478 1030 cetera
507 984 658 1029 non
686 974 988 1056 possunt
1015 958 1283 1030 habere
1309 984 1552 1058 neque
1581 965 1755 1047 vim,
1785 987 2025 1060 neque
2050 983 2372 1038 venusta-

245 1079 424 1151 tem,
460 1077 742 1135 remoto
777 1064 900 1136 illo
937 1063 1181 1135 studio
1216 1067 1811 1155 contentionis47,
1838 1094 2058 1166 quem
2081 1076 2287 1170 ἀγῶνα
2304 1062 2369 1114 ⁴⁸

240 1199 366 1245 vos
392 1175 786 1272 appellatis,

335 1286 553 1369 Nam,
575 1298 654 1353 ut
679 1282 854 1354 idib.
888 1286 1053 1353 maii
1084 1285 1159 1354 in
1190 1299 1518 1355 senatum
1549 1289 2053 1375 convenimus,
2081 1307 2370 1389 rogatus

240 1418 373 1491 ego
406 1395 878 1481 sententiam,
915 1396 1139 1465 multa
1175 1395 1322 1465 dixi
1359 1395 1449 1466 de
1490 1419 1770 1467 summa
1810 1398 2226 1494 republica,
2273 1419 2369 1474 at-

240 1529 384 1600 que
418 1504 534 1574 ille
571 1503 774 1575 locus
808 1505 1147 1577 inductus
1183 1531 1223 1576 a
1260 1530 1378 1577 me
1413 1520 1523 1577 est
1557 1504 1902 1577 divinitus
1925 1511 2026 1578 ⁴9:
2063 1535 2193 1598 ne,
2228 1533 2370 1586 una

240 1615 444 1711 plaga
473 1630 763 1714 accepta
784 1669 804 1698 ,
834 1630 1072 1713 patres
1104 1618 1496 1714 conscripti
1535 1615 2037 1705 conciderent,
2070 1646 2165 1692 ne
2198 1621 2372 1695 defl-

238 1740 516 1814 cerent;
547 1726 809 1796 vulnus
845 1751 998 1798 esse
1061 1727 1447 1821 ejusmodi,
1496 1726 1695 1823 quod
1752 1725 1930 1795 mihi
1992 1753 2128 1800 nec
2172 1731 2389 1804 dissi?

239 1835 694 1922 mulandum,
738 1859 872 1905 nec
920 1836 1578 1932 pertimescendum
1638 1834 2042 1924 videretur3
2100 1836 2192 1910 ne
2243 1858 2369 1913 aut

237 1945 634 2015 metuendo
673 1944 1129 2039 ignavissimi,
1161 1960 1286 2014 aut
1323 1934 1724 2040 ignorando
1751 1945 2143 2018 stultissimi
2176 1949 2368 2043 judi-

234 2078 603 2139 caremur3
645 2052 756 2123 bis
787 2050 1198 2123 absolutum
1238 2077 1392 2124 esse
1420 2056 1811 2126 Lentulum
1849 2052 1936 2143 ⁵⁰,
1978 2057 2092 2130 bis
2121 2063 2366 2133 Catili-

231 2160 526 2251 nam⁵¹;
568 2161 764 2234 hunc
801 2164 1093 2237 tertium
1123 2162 1272 2259 jam
1308 2186 1460 2236 esse
1494 2188 1536 2237 a
1567 2163 1932 2259 judicibus
1966 2168 2042 2237 in
2079 2192 2368 2268 rempu-

232 2395 630 2443 constituebatu‘r.
658 2396 741 2443 Sic
766 2394 1028 2455 Gabinius,
1060 2394 1145 2458 qui
1166 2394 1250 2442 Ci-

233 2490 457 2521 ceronem
483 2473 673 2538 expulit
690 2510 706 2534 ,
738 2475 929 2539 Syriam
949 2474 1253 2538 provinciam

233 2570 319 2617 per
342 2553 570 2602 Clodium
599 2553 847 2601 tribunum
878 2564 952 2602 est
981 2569 1253 2617 consequu-

237 2644 323 2681 tus.
351 2631 570 2682 Cusus.
912 2620 918 2624 ”

306 2722 387 2774 47.
416 2714 609 2760 Remoto
631 2710 716 2759 mo
733 2709 896 2758 studio
908 2710 1246 2759 contentionis.

235 2795 375 2840 Forte
398 2791 656 2855 legendum
680 2790 859 2838 stadio.
886 2789 1033 2854 Quod
1057 2789 1251 2838 videtur

235 2872 472 2935 requirere
490 2887 591 2919 vox
610 2887 843 2934 sequens,
863 2868 1011 2939 ἀγών.
1028 2872 1246 2920 Gustu„

303 2952 386 3007 48.
428 2938 617 3020 Ᾰγῶνα.
661 2950 935 2999 Certamen.

301 3036 386 3091 ⁴9.
409 3028 662 3078 Divinitas.
692 3031 821 3078 Cave
848 3029 1121 3076 confundas
1137 3045 1250 3076 cum

231 3109 394 3156 multis
433 3108 591 3156 divine
623 3119 672 3155 et
698 3109 941 3157 divinitus.
981 3109 1079 3170 Qui
1102 3110 1170 3155 ait
1198 3124 1250 3156 se

228 3188 414 3251 aliquid
441 3187 817 3253 divinefecisse,
843 3186 1013 3236 tribuit
1038 3187 1130 3234 sibi
1147 3186 1249 3233 lau·

231 3268 338 3314 dem
367 3266 668 3328 'mirificam‚
704 3279 754 3316 et
791 3283 901 3332 quae
942 3267 1023 3315 vix
1061 3266 1248 3314 homini

228 3349 510 3406 conveniat,
552 3346 641 3394 etsi
674 3348 920 3395 abutimur
963 3361 1055 3393 nos
1100 3344 1247 3408 vulgo

229 3426 324 3473 isto
341 3426 579 3489 loquendi
597 3443 786 3491 genere.
807 3428 909 3490 Qui
930 3427 1052 3475 dicit
1076 3424 1246 3472 divini-

228 3518 298 3553 tus
325 3525 377 3554 se
396 3506 591 3570 aliquid
609 3508 783 3571 egisse,
825 3507 1017 3554 laudem
1045 3505 1140 3552 deo
1166 3505 1251 3552 tri-

228 3586 355 3646 buit,
369 3603 470 3633 non
491 3586 601 3636 sibi.
620 3589 703 3635 Est
722 3588 848 3634 enim
868 3586 1094 3633 divinitus
1112 3583 1247 3647 quod

227 3666 471 3714 Homerus
490 3666 649 3713 (ficere
677 3666 799 3713 solet
818 3701 834 3723 ,
862 3665 945 3714 σῦκ
967 3661 1114 3724 ἀθεεὶ,
1150 3665 1247 3712 hoc

226 3757 323 3802 est,
343 3747 439 3792 deo
461 3755 661 3792 auctore
677 3755 725 3792 et
739 3744 1064 3808 compulsore.
1084 3746 1247 3807 Quare

225 3824 285 3870 de
310 3824 439 3872 malo
469 3823 564 3870 dici
583 3823 729 3882 solet,
749 3835 804 3871 ut
835 3840 985 3887 quum
1014 3824 1242 3883 dicimus,

225 3901 461 3952 divinitus
469 3903 665 3960 accidit,
677 3913 730 3950 ut
739 3903 819 3951 ille
831 3903 966 3951 illum
982 3903 1242 3951 occideret.

224 3983 284 4027 Et
312 3983 414 4031 Cic.
440 3984 491 4030 in
511 3985 650 4029 Verr.
673 3985 787 4029 «An
825 3984 875 4029 in
900 3973 1002 4030 eam
1027 3983 1244 4030 fraudem

227 4061 343 4107 mihi
401 4061 595 4109 videtur
649 4060 883 4109 divinitus
945 4061 1169 4109 incidisse
1203 4083 1244 4108 a.

223 4142 443 4188 Cusus.

1416 2395 1499 2442 50.
1518 2396 1789 2444 Lentulum.
1808 2397 1903 2444 Hic
1927 2407 1998 2444 est
2011 2397 2230 2449 catilinae
2249 2418 2365 2451 eon-

1337 2475 1597 2536 jurationis
1621 2476 1886 2541 particeps,
1919 2489 2100 2542 praetor
2125 2497 2275 2544 quum
2294 2500 2365 2530 es-

1341 2564 1430 2602 set.
1463 2555 1537 2600 De
1570 2554 1661 2601 hac
1683 2554 1869 2619 duplici
1895 2559 2229 2618 accusatione,
2259 2562 2360 2610 vid.

1342 2633 1588 2681 Plutarch.
1624 2634 1675 2681 iu
1698 2635 1962 2694 Cicerone,
2003 2654 2112 2702 cap.
2147 2654 2242 2699 ¹73
2282 2657 2358 2691 or.

1344 2712 1405 2760 de
1447 2712 1688 2761 Petitione
1729 2715 2035 2778 consulatus3
2076 2719 2260 2767 Ancon.
2310 2722 2361 2769 in

1339 2802 1462 2840 orat.
1511 2790 1565 2838 in
1601 2801 1763 2855 togam
1796 2794 2094 2852 candidam3
2147 2798 2357 2864 Dionys.

1339 2869 1430 2920 tib.
1454 2871 1701 2920 XXXVI.
1726 2873 1818 2918 En.

1413 2949 1495 2996 51.
1525 2949 1607 2995 Bis
1635 2947 1913 2998 Catilinam.
1951 2952 2056 3014 Ego
2095 2961 2251 3002 tamen
2290 2966 2363 3004 ter

1336 3027 1614 3076 absolutum
1625 3027 1882 3077 Catilinam
1896 3029 2094 3078 invenio
2107 3045 2121 3078 ε
2133 3035 2341 3095 primum
2352 3070 2367 3092 ‚

1338 3106 1399 3154 de
1425 3107 1617 3155 incestu
1634 3142 1648 3165 ‚
1688 3106 1825 3171 quod
1867 3108 2088 3167 Fabiam,
2122 3111 2357 3175 virginem

1336 3187 1563 3234 vestalem
1575 3223 1589 3244 ,
1604 3197 1868 3253 stuprasset
1878 3221 1892 3244 ,
1907 3189 2172 3238 Hortensio
2187 3202 2236 3238 et
2250 3194 2360 3240 Me·

1336 3265 1453 3313 tello
1486 3283 1611 3314 coss.
1638 3266 1785 3331 idque
1812 3268 2038 3326 Orosius,
2066 3269 2157 3318 lib.
2189 3272 2277 3330 IV,
2309 3285 2359 3320 et

1337 3344 1589 3393 Paedianus
1634 3349 1688 3394 in
1746 3348 2094 3395 commentario
2150 3349 2355 3399 rationis

1339 3436 1508 3473 contra
1529 3429 1897 3491 competitores,
1922 3427 2238 3477 tradiderunt.
2263 3434 2355 3478 Ite·

1338 3519 1473 3560 rum,
1491 3507 1691 3553 crimine
1715 3508 1844 3552 inter
1865 3506 2062 3552 sicarios
2074 3539 2087 3559 ‚
2106 3506 2173 3553 ob
2187 3524 2356 3558 necem

1333 3586 1408 3632 M.
1424 3586 1571 3632 Marii
1590 3585 1892 3642 Gratidiani,
1913 3585 2097 3638 Caesare
2118 3597 2167 3634 et
2186 3589 2357 3652 Figulo

1337 3679 1460 3711 coss.
1490 3664 1625 3727 quod
1646 3663 1777 3729 apud
1800 3664 2009 3710 Dionem
2026 3698 2040 3720 ‚
2064 3664 2096 3712 l.
2113 3667 2354 3728 XXXVI,

1335 3744 1570 3809 scriptum
1593 3753 1682 3790 est.
1711 3742 1770 3789 Id
1796 3743 1940 3789 etiam
1967 3742 2139 3790 Cicero
2163 3747 2352 3809 signifi.

1335 3834 1410 3871 cat
1436 3822 1488 3869 in
1517 3822 1738 3870 oratione
1765 3838 1857 3885 pro
1885 3821 2041 3884 Sulla,
2066 3840 2216 3888 quum
2246 3829 2350 3878 sit:

1341 3924 1362 3945 ι
1377 3907 1440 3949 At
1461 3901 1588 3949 idem
1617 3916 1716 3948 non
1737 3899 1893 3948 abfuit
1915 3900 2014 3948 alio
2040 3904 2089 3949 in
2108 3905 2298 3964 Jndicio
2310 3931 2350 3957 n.

1334 3981 1503 4028 Tertio
1515 4016 1529 4039 ,
1542 3979 1916 4045 repetundarum
1932 3998 1992 4027 ex
2010 3982 2191 4043 Africa,
2211 3985 2355 4034 Cotta

1334 4070 1382 4107 et
1406 4062 1658 4123 Torquato
1677 4075 1799 4108 coss.
1820 4071 1875 4108 ut
1894 4060 2162 4123 Ciceronis,
2179 4065 2353 4126 Quinti

1336 4139 1492 4186 fratris
1513 4139 1561 4186 in
1589 4138 1755 4187 libello
1781 4138 1842 4187 de
1862 4141 2102 4188 Petitione
2131 4144 2353 4189 consula·
