3023 4773
533 403 665 473 190
1149 377 1247 444 M.
1299 376 1375 442 T.
1431 375 1991 456 CICERONIS

522 500 692 571 hinc
733 495 1075 596 perendie
1130 520 1341 566 mane
1386 500 1646 595 cogito.
1707 495 2047 567 Valitudo
2114 512 2235 569 tua
2286 523 2404 569 me
2442 500 2653 571 valde

522 610 856 682 sollicitat
890 634 905 676 :
949 604 1074 678 sed
1113 608 1416 692 inservi,
1463 621 1536 677 et
1574 605 1689 678 fac
1723 611 1990 678 omnia.
2034 612 2215 678 Tum
2254 623 2324 680 te
2360 635 2648 681 mecum

523 744 708 803 esse,
743 731 898 788 tum
931 715 1108 786 mihi
1144 717 1708 789 cumulatissime
1744 715 2148 790 satisfacere
2190 735 2464 817 putato.
2503 725 2650 791 Cu-

519 832 677 928 spio
719 825 920 925 quod
964 851 1258 924 operam
1316 825 1613 916 dedisti,
1676 828 1854 898 mihi
1906 843 2190 926 gratum
2238 847 2365 901 est.
2423 830 2650 902 Valde

519 940 713 1010 enim
753 937 908 1032 ejus
943 961 1155 1007 causa
1186 937 1374 1007 volo.
1417 938 1610 1010 Vale.

515 1154 789 1174 mm
792 1152 1067 1173 mmm
1070 1152 1250 1172 mm

1078 1342 1689 1424 EPISTOLA
1753 1343 2097 1424 XVIII.

513 1510 752 1571 Liberto
779 1508 983 1569 Tironi
1034 1507 1384 1588 respondet,
1425 1509 1663 1585 patroni
1702 1509 1936 1567 nomina
1976 1529 2050 1568 ne
2094 1509 2372 1569 invidiam
2424 1511 2650 1584 serant,

596 1607 949 1685 deprecanti.
980 1609 1071 1664 De
1098 1604 1420 1674 valitudine
1440 1605 1785 1682 gratulatur,
1814 1606 1910 1664 cui
1938 1626 2045 1665 cur
2074 1605 2403 1686 indulgeat,
2431 1621 2651 1668 monet.

600 1704 903 1768 Admiscet
930 1703 1061 1763 alia.
1093 1708 1287 1776 (Anno
1314 1707 1388 1762 U.
1416 1705 1483 1761 C.
1515 1701 1678 1780 7⁰7·)

1055 1885 1417 1954 TULLIUS
1463 1883 1774 1948 TIRONI
1820 1884 1884 1949 S.
1921 1884 1995 1949 P.
2026 1886 2104 1948 D.

613 2027 811 2114 Qum
830 2022 1092 2120 igitur?
1118 2046 1269 2092 non
1300 2024 1403 2092 sic
1429 2032 1758 2119 oportet¹
1784 2022 1812 2092 ἱ)
1834 2022 2190 2119 Equidem
2220 2048 2481 2097 censeo
2510 2025 2651 2096 sic:

511 2132 927 2206 addendum
960 2132 1173 2204 etiam
1194 2186 1215 2220 ,
1240 2156 1389 2202 suo.
1428 2131 1602 2219 Sed,
1636 2135 1689 2202 si
1722 2130 1956 2230 placet
1972 2143 2027 2219 ²,
2048 2133 2316 2205 invidia
2343 2137 2651 2214 vitetur:

517 2265 735 2338 quam
774 2238 1068 2338 quidem
1113 2262 1249 2334 ego
1299 2261 1485 2334 saepe
1538 2239 1967 2335 contempsi.
2014 2238 2176 2308 Tibi
2240 2234 2653 2338 διαφόρησινῗ·

511 2348 792 2449 gaudeo
812 2347 1192 2449 profuisse.
1214 2347 1286 2418 Si
1306 2370 1476 2417 vero
1496 2348 1714 2418 etiam
1740 2347 2229 2420 Tusculanum
2249 2403 2269 2438 ,
2299 2348 2397 2421 dii
2425 2347 2646 2423 boni!

515 2475 789 2557 quanto
831 2457 1010 2531 mihi
1060 2456 1241 2528 illud
1286 2458 1419 2528 erit
1468 2457 1897 2533 amabilius!
1954 2458 2137 2544 Sed,
2176 2463 2232 2530 si
2291 2486 2408 2533 me
2457 2487 2657 2536 amas

511 2568 761 2668 (quod
798 2567 1096 2667 quidem
1130 2581 1254 2638 aut
1285 2565 1494 2656 faciS,
1540 2584 1665 2640 aut
1700 2568 2021 2668 perbelle
2063 2569 2397 2658 simulaS,
2450 2572 2656 2669 quod

514 2696 754 2753 tamen
800 2683 876 2749 in
934 2676 1235 2749 modum
1298 2679 1764 2776 procedit4),
1806 2679 1935 2752 sed
1988 2694 2071 2751 ut
2116 2695 2223 2751 est
2242 2676 2296 2769 ⁵,
2354 2681 2654 2779 indulge

513 2789 892 2862 valitudini
929 2802 1070 2859 tuae
1106 2817 1122 2858 :
1162 2790 1279 2858 cui
1317 2787 1614 2885 quidem
1662 2805 1743 2860 tu
1777 2789 2059 2879 adhue,
2099 2790 2275 2869 dum
2314 2791 2491 2871 mihi
2529 2790 2656 2864 de-

512 2902 764 2985 serviS,
792 2901 1068 2971 servisti
1097 2923 1246 2969 non
1268 2902 1457 2969 satis.
1476 2904 1577 2969 Ea
1591 2899 1770 2997 quid
1791 2902 2133 3000 postulet,
2151 2926 2301 2972 non
2324 2905 2611 2999 ignoras
2633 2932 2652 2975 ε

514 2996 788 3101 πέψινὸ,
855 3007 1116 3076 ἀκοπίαν
1142 3060 1160 3093 ,
1210 3007 1548 3100 περίπατον
1607 3012 1990 3105 σύμμετρον,
2044 3007 2257 3106 τέρψιν
2283 3064 2299 3092 ,
2374 3011 2650 3080 εὐλυσίαν

589 3242 633 3271 1.
662 3224 777 3272 Non
802 3222 873 3270 sic
894 3230 1099 3286 oportet.
1127 3220 1337 3269 Inscribi
1358 3220 1539 3285 episto-

513 3304 585 3352 las
605 3318 754 3351 meas.
1322 3358 1325 3363 ‚

587 3399 636 3430 a.
671 3381 725 3429 Si
758 3381 943 3446 placet.
984 3378 1399 3442 Quandoquidem
1444 3379 1538 3428 tibi

513 3462 690 3526 placet,
703 3462 983 3509 omittamus
1002 3460 1129 3508 hanc
1146 3459 1537 3523 inscriptionem,

512 3553 568 3590 ut
587 3541 764 3588 vitetur
781 3540 983 3602 invidia,
1000 3557 1146 3605 quam
1167 3539 1263 3588 tibi
1281 3540 1406 3588 forte
1426 3556 1540 3587 cou-

518 3620 714 3669 citaret.

588 3700 637 3746 3.
656 3696 1261 3764 Atoeepo'pnchocabulum
1279 3697 1540 3756 medicum,

513 3776 653 3843 quod
673 3774 916 3840 significat
932 3778 1389 3842 «transpirationem
1400 3812 1413 3836 ,
1429 3794 1541 3842 quae

517 3857 578 3906 fit
595 3871 685 3921 per
699 3855 926 3907 sudorem
944 3873 996 3914 »ς
1025 3856 1157 3906 unde
1180 3880 1205 3899 ιι
1219 3852 1542 3924 dampnant&

513 3935 705 4005 ἰάματα
725 3970 741 4001 ,
787 3934 1133 3985 medicamenta
1193 3937 1258 3985 ad
1312 3937 1543 3985 sudorem

513 4013 823 4064 efficiendum
856 4016 1220 4065 accommodata
1263 4027 1312 4064 et
1347 4033 1543 4082 compa·
1582 4023 1585 4025 ’

514 4106 617 4147 rata
640 4118 683 4143 a.
720 4095 936 4143 Eunu.
964 4121 1033 4130 --
1061 4096 1229 4144 Latine
1250 4112 1447 4161 quoque
1467 4108 1539 4145 est

1626 3223 1849 3289 digestio.
1875 3225 2045 3273 Galen.
2064 3224 2365 3290 Therapeut.
2383 3226 2472 3275 lib.
2491 3228 2658 3284 xvn.

1698 3312 1749 3361 4.
1789 3304 1904 3353 Sch.
1932 3303 2189 3369 legendum
2226 3316 2399 3370 putat,
2435 3316 2563 3354 «aut
2591 3307 2658 3354 si-

1624 3380 1809 3444 mulas,
1834 3383 1969 3446 quod
1994 3383 2264 3448 pet-bellum
2289 3395 2450 3436 tamen
2467 3384 2522 3432 in
2549 3400 2660 3434 mo·

1626 3461 1746 3510 dum
1770 3463 1996 3527 procedit
2008 3485 2050 3513 n.
2074 3466 2106 3512 J
2112 3467 2201 3514 V
2225 3466 2282 3514 L.

1698 3542 1749 3591 5.
1792 3545 1856 3591 Ue
1879 3554 1967 3593 est.
2000 3546 2097 3593 Pro
2142 3556 2198 3592 ue
2239 3555 2296 3591 ue
2309 3576 2327 3607 ,
2370 3542 2656 3608 quomodo·

1627 3637 1851 3684 eumque.
1863 3622 2061 3669 Terent.
2083 3618 2348 3681 Phorm.V,
2369 3631 2429 3678 4:
2454 3645 2479 3665 α
2494 3624 2657 3671 Laetnt

1626 3716 1763 3759 sum,
1792 3711 1849 3748 ut
1879 3718 1997 3749 meae
2027 3718 2103 3749 res
2129 3719 2230 3752 sete
2255 3702 2439 3763 habent
2460 3739 2476 3765 ,
2515 3702 2660 3753 fratri

1628 3779 1859 3843 obtigisse
1891 3780 2027 3845 quod
2063 3782 2169 3841 vult
2182 3804 2225 3831 a.
2250 3783 2361 3830 Hoc
2388 3792 2492 3842 est,
2530 3799 2659 3847 quo·

1627 3858 1986 3924 modocnmque
2030 3877 2150 3910 meae
2185 3877 2261 3917 res
2305 3878 2406 3910 sese
2448 3861 2655 3912 habent.

1632 3938 1799 3991 Gnou.
1821 3939 2027 3993 observ.
2048 3942 2124 3995 111
2141 3975 2157 4001 ,
2194 3957 2302 4006 cap.
2331 3941 2381 3991 6.
2420 3968 2493 3978 --
2513 3942 2622 3993 Alii
2640 3980 2659 4008 ,

1631 4028 1724 4067 ..ut
1749 4029 1803 4065 ut
1829 4029 1956 4069 est..
1990 4022 2115 4069 J.V.
2137 4024 2191 4071 1..

1701 4098 1753 4146 6.
1783 4093 1944 4163 Πὲψιν.
1971 4099 2387 4149 Concoctionem:
2420 4097 2662 4167 ἀκακίαν,
