3023 4773
694 416 833 499 5¹4

1323 402 1422 469 M.
1472 399 1554 464 T.
1599 387 2159 462 CICERONIS

690 536 993 640 pserim;
1030 520 1329 608 deinde,
1359 513 1791 613 Antiphonti
1826 533 2142 607 operam.
2177 509 2244 576 Is
2272 516 2424 574 erat
2452 515 2622 572 ante
2653 523 2806 571 ma-

1071 634 1136 680 23

691 648 1053 721 numissus
1144 691 1163 723 ‚
1225 652 1444 730 quam

1493 623 1916 724 productus.
1969 621 2079 689 Ne
2132 615 2401 686 diutius
2454 609 2808 708 pendeam,

690 758 999 860 palmam
1030 747 1216 819 tulit.
1262 739 1400 813 Sed
1445 732 1625 806 nihil
1658 747 1805 802 tam
1834 726 2175 827 pusillum
2201 777 2220 810 ‚
2260 720 2444 792 nihil
2473 735 2623 788 tam
2650 721 2811 788 sine

687 891 905 950 voce,
955 856 1135 930 nihil
1188 867 1333 923 tam
1369 868 1624 918 verum
1642 845 1733 911 ²4.
1779 844 1942 909 Haec
1979 851 2060 907 tu
2098 848 2334 904 tecum
2382 827 2667 899 habeto,
2717 832 2810 896 In

690 967 1191 1053 Andromacha
1223 976 1464 1032 tamen
1498 954 1732 1048 major
1763 949 1940 1034 fuit,
1975 967 2194 1042 quam
2223 945 2580 1036 Astyanax
2596 935 2692 1024 ²⁵3
2727 938 2812 1006 in

688 1087 940 1164 ceteris
972 1087 1215 1180 parem
1231 1067 1298 1116 ²⁶
1346 1065 1602 1139 habuit
1658 1061 2044 1134 neminem.
2084 1051 2361 1143 Quaeris
2384 1059 2448 1104 ²⁷
2488 1071 2682 1119 nunc
2715 1043 2814 1116 de

691 1358 804 1424 quia
836 1366 1013 1415 magno
1058 1360 1144 1409 per
1172 1358 1222 1390 se
1268 1353 1369 1387 non
1419 1331 1710 1383 referebatur

692 1438 753 1486 sd
787 1432 996 1482 laudem.
1039 1426 1164 1473 Nam
1200 1430 1250 1468 et
1278 1418 1474 1482 plausus
1509 1425 1710 1474 magnus

694 1519 837 1566 datur
863 1507 1048 1560 odiosis
1072 1499 1374 1554 hominibus,
1399 1491 1484 1542 sed
1515 1490 1709 1538 minime

691 1591 941 1659 oequabilis
957 1624 973 1648 ,
1010 1579 1329 1634 clamoribus,
1364 1572 1547 1627 sibilis,
1573 1568 1708 1616 omni

695 1673 901 1737 strepitu
919 1665 1187 1732 permixtus
1207 1674 1218 1703 ε
1241 1667 1465 1716 maguus,
1484 1660 1532 1697 et
1552 1662 1708 1710 aequa-

692 1754 806 1801 bilis
825 1752 905 1806 iis,
928 1744 1013 1809 qui
1033 1740 1317 1801 diliguntur.
1341 1731 1484 1778 Marc.

766 1833 851 1879 23.
878 1819 1212 1874 Hannemimu.
1240 1814 1528 1860 Decreverat
1550 1802 1713 1851 domi-

696 1929 786 1961 nus
822 1897 1139 1966 Antiphontis
1156 1927 1172 1952 ,
1208 1890 1294 1954 qui
1322 1887 1471 1936 *ludos
1506 1881 1712 1939 edebat,

694 1992 833 2039 illum
867 1981 1041 2032 merito
1070 1967 1417 2021 velimmerito
1448 1964 1630 2011 donare
1655 1961 1714 2008 li-

695 2070 892 2116 bertate.
923 2058 1045 2108 Ideo
1067 2051 1235 2101 scribit
1257 2047 1429 2096 Cicero
1453 2043 1593 2091 illum
1614 2057 1710 2088 ma-

698 2145 964 2194 numissum
1012 2134 1149 2201 prius
1191 2128 1336 2176 fuisse
1351 2161 1366 2186 ‚
1408 2137 1554 2186 quam
1593 2135 1711 2183 pro·

698 2227 926 2277 ductnm;
947 2213 1087 2281 quod
1103 2212 1205 2258 sive
1221 2206 1443 2260 vicisset,
1465 2202 1567 2248 sive
1587 2214 1687 2245 non
1699 2232 1714 2255 ‚

699 2314 882 2352 eertum
926 2304 1050 2344 esset
1091 2304 1204 2339 eum
1249 2283 1594 2332 manumissum
1637 2278 1715 2323 iri.

698 2380 932 2431 Victoria
950 2371 1201 2440 praemium
1218 2367 1270 2413 in
1295 2361 1444 2411 servis
1469 2357 1717 2408 histrioni-

701 2463 907 2510 buserat
925 2448 1253 2502 manumissio.
1276 2445 1471 2490 Rosms.

773 2548 862 2595 24.
894 2532 1028 2583 Nihil
1041 2542 1166 2576 eam.
1191 2561 1203 2572 .
1225 2556 1237 2569 .
1272 2525 1463 2569 Verum.
1485 2516 1565 2565 Sic
1585 2513 1720 2562 dedit

706 2623 903 2670 Gruter.
929 2614 992 2660 Et
1017 2617 1145 2656 recte
1163 2601 1360 2667 quidem
1382 2596 1555 2645 Rosius
1571 2595 1722 2642 suim-

707 2696 916 2749 advertit
932 2727 948 2752 ,
980 2679 983 2683 ’
1006 2696 1283 2750 suspensam
1334 2680 1458 2726 hanc
1519 2675 1723 2722 locutio·

707 2794 818 2826 nem
826 2792 882 2822 ac
892 2765 1176 2819 senteutiam
1189 2759 1404 2825 apprime
1418 2756 1494 2802 his
1507 2753 1724 2817 epistolis

707 2868 851 2920 atque
896 2852 1013 2899 huic
1047 2846 1161 2892 loco
1207 2836 1483 2887 convenire.
1534 2832 1726 2879 Malunt

708 2936 822 2983 alii:
842 2928 1005 2979 «nihil
1024 2937 1122 2973 tam
1140 2935 1326 2968 verum.
1350 2918 1470 2963 Hac
1492 2924 1545 2961 tu
1567 2922 1725 2959 tecum

708 3013 888 3061 habeto
902 3032 944 3058 n.
964 3002 1114 3069 Quod
1132 3001 1202 3049 sie
1223 2997 1436 3061 explicat
1453 2990 1723 3041 Corradus:

711 3095 879 3154 Quum
893 3088 1093 3136 alienam
1103 3096 1242 3144 agere
1249 3087 1503 3141 personam
1515 3069 1728 3126 deberet,

713 3184 916 3223 veram,
949 3166 1043 3212 hoc
1067 3171 1166 3219 est,
1192 3170 1326 3204 suam
1352 3150 1523 3214 agebat
1539 3183 1553 3206 ,
1577 3148 1646 3194 ita
1673 3158 1730 3194 ut

713 3248 838 3297 nihil
856 3244 1139 3292 imitaretur.
1159 3233 1350 3283 Etenim
1369 3229 1423 3275 id
1440 3228 1482 3273 si
1499 3226 1730 3273 voluisset

714 3323 921 3386 intelligi
947 3321 1119 3369 Cicero
1136 3349 1150 3374 ,
1186 3326 1289 3360 non
1315 3307 1582 3370 scripsisset
1611 3303 1736 3352 nihil

716 3418 820 3454 tam
857 3413 1067 3453 ver-unm
1113 3391 1226 3450 sed,
1271 3387 1396 3437 nihil
1434 3395 1538 3433 tam
1575 3399 1731 3430 suum.

715 3481 907 3532 Deinde
949 3479 1004 3525 in
1050 3486 1214 3522 actore
1256 3467 1450 3516 scenico
1499 3463 1550 3510 id
1589 3462 1732 3526 ‘quod

716 3559 1014 3627 significatur
1067 3567 1190 3601 voce
1235 3548 1327 3596 hac
1373 3559 1548 3592 verum
1566 3578 1582 3601 ,
1630 3557 1732 3588 non

716 3637 1119 3704 vituperationem
1145 3629 1393 3682 continet,
1422 3621 1507 3670 sed
1540 3619 1730 3669 laudem

717 3966 998 4015 morumque
1049 3942 1309 4009 exemplari
1359 3954 1503 3988 voces
1558 3936 1732 3983 ducere

713 4026 1159 4097 (quemadmodum
1196 4024 1340 4072 docet
1368 4018 1632 4073 Horatius,
1669 4013 1729 4064 de

714 4117 834 4161 Arte
853 4110 986 4157 poet.
1016 4107 1114 4153 316
1133 4102 1183 4168 ),
1214 4102 1283 4148 sic
1328 4097 1573 4162 precipue
1598 4104 1728 4140 acto-

1797 1328 1862 1375 ris
1887 1322 2250 1374 commendatio
2289 1331 2392 1379 est,
2427 1321 2470 1366 si
2495 1319 2560 1365 ita
2589 1327 2697 1381 agat
2713 1352 2729 1375 ‚
2753 1329 2821 1365 ut

1792 1407 1854 1454 ad
1871 1420 2036 1453 verum
2050 1420 2108 1452 ac
2125 1413 2345 1451 naturam
2360 1398 2582 1463 proxime
2597 1396 2821 1444 secedat.

1791 1487 1859 1533 Ea
1884 1484 2069 1531 scilicet
2093 1481 2299 1529 maxime
2321 1475 2574 1541 probanda
2601 1475 2818 1522 imitstio

1792 1574 1888 1620 est,
1905 1579 2014 1626 quae
2035 1561 2228 1608 minime
2243 1566 2443 1621 apparet
2467 1553 2693 1601 imitatio.
2711 1553 2820 1616 Qui

1791 1660 1820 1690 a
1859 1641 2097 1688 Simeonis
2142 1637 2276 1684 Bosii
2314 1633 2500 1695 judicio
2546 1632 2784 1680 dissident
2802 1663 2822 1689 ‚

1793 1720 2061 1784 Malaspina
2078 1752 2092 1777 ‚
2119 1715 2400 1765 Gronovius
2415 1746 2431 1770 ,
2455 1710 2569 1771 alii,
2588 1709 2825 1758 videntur

1792 1800 1912 1847 mihi
1948 1813 2137 1846 scurras
2179 1794 2331 1857 magis
2367 1801 2637 1860 spectasse,
2672 1805 2824 1853 qmm

1793 1890 1996 1926 actores.
2035 1877 2150 1938 Legi
2186 1882 2350 1937 potest
2390 1887 2443 1918 ea
2475 1868 2679 1926 fabella,
2709 1885 2825 1931 que

1793 1957 1998 2004 habetur
2039 1953 2259 2010 Phaedri,
2285 1953 2350 2009 V,
2385 1951 2434 1997 5.
2483 1946 2681 1996 Addam
2721 1947 2827 1994 hoe

1794 2050 1990 2099 quoque
2006 2069 2021 2093 ,
2043 2032 2182 2096 quod
2205 2028 2493 2077 Plutarchus
2513 2036 2698 2073 narrat.
2719 2026 2829 2072 m-

1795 2131 1873 2162 ma
1896 2112 2115 2177 quaedam
2138 2111 2244 2157 Seia
2271 2122 2423 2171 quum
2441 2104 2826 2153 Andromachen

1795 2203 1957 2257 ageret
1980 2193 2032 2238 in
2053 2186 2360 2253 Astyanactis
2377 2196 2533 2233 morte
2555 2184 2828 2247 lugentem,

1796 2272 1874 2321 sui
1911 2271 2064 2335 ipsius
2111 2267 2204 2315 filii
2253 2266 2438 2312 cineres
2483 2265 2727 2312 scenicam
2775 2263 2826 2309 iu

1799 2367 1969 2401 urnam
2020 2347 2261 2409 conjecit,
2307 2356 2363 2393 ut
2415 2343 2547 2391 amris
2591 2341 2827 2406 lacrymis

1800 2432 2007 2480 alienum
2035 2428 2258 2476 dolorem
2286 2424 2575 2482 inniteretur.
2614 2420 2827 2469 Volebat

1801 2511 1883 2559 illa
1916 2508 2038 2566 dici,
2072 2529 2097 2548 α
2122 2504 2260 2554 Nihil
2299 2512 2412 2557 tam,
2434 2516 2608 2548 verum
2634 2522 2676 2546 ιο.
2711 2504 2825 2558 An,

1804 2604 1954 2652 quum
1981 2586 2220 2633 diceretur
2236 2616 2250 2639 ,
2277 2581 2544 2645 vituperari
2578 2595 2630 2627 se
2656 2580 2827 2627 existi-

1803 2667 2003 2715 mabat?
2029 2665 2180 2711 Omv.
2199 2688 2268 2698 --
2295 2662 2484 2708 Ernest.
2507 2659 2632 2706 nihil
2659 2657 2831 2705 melius

1805 2746 1926 2801 scit,
1963 2759 2108 2807 quam
2133 2738 2268 2803 quod
2300 2738 2570 2801 Malaspina
2600 2739 2830 2798 conjicit,

1807 2826 2009 2872 vietum.
2034 2821 2137 2869 Etsi
2161 2835 2252 2866 uec
2279 2818 2375 2865 hoc
2402 2817 2521 2865 satis
2547 2816 2621 2864 illi
2647 2815 2829 2879 placet.

1808 2900 2172 2964 Schiitx.putat,
2191 2897 2338 2945 fuisse
2356 2907 2486 2944 certe
2505 2895 2707 2959 aliquod
2727 2911 2835 2942 ver·

1808 2990 1926 3037 bum
1949 2986 2163 3049 ejusdem
2191 2981 2575 3046 significationis.
2599 2984 2652 3032 J.
2668 2984 2734 3029 V.
2751 2985 2806 3030 t..

1882 3068 1967 3116 25.
2005 3068 2164 3129 Quam
2200 3067 2484 3123 Astyanax.
2526 3062 2684 3122 Quam
2731 3070 2835 3107 tra-

1811 3145 1982 3210 goedus
2000 3179 2015 3204 ,
2055 3145 2141 3207 qui
2179 3141 2305 3189 hanc
2343 3154 2603 3203 personam
2640 3137 2835 3201 agebst.

1813 3227 2096 3273 Monam.

1888 3306 1971 3351 26.
1990 3305 2176 3349 Pan-m.
2197 3300 2330 3361 Ergo
2349 3297 2624 3360 superiores
2640 3310 2840 3354 omnes,

1815 3394 1870 3431 ut
1891 3383 1954 3430 sit
1966 3383 2109 3443 ,iocus
2126 3394 2187 3427 ex
2204 3377 2451 3441 ambiguo.
2477 3377 2640 3424 Conn-

1891 3478 1975 3522 27·
2023 3457 2208 3521 Quoeris
2253 3471 2387 3503 nunc
2437 3454 2499 3502 de
2542 3452 2842 3502 Arbuscula.

1819 3543 1969 3588 Fuere
2013 3537 2182 3586 eodem
2223 3545 2442 3597 tempore
2485 3545 2583 3581 tres
2625 3533 2842 3595 insigues

1820 3619 2118 3674 meretrices,
2167 3614 2443 3677 &demque
2498 3613 2658 3659 mima
2676 3645 2693 3670 ,
2744 3612 2841 3658 Ar-

1819 3695 2017 3744 buscula
2040 3729 2054 3754 ,
2102 3692 2328 3757 Cytheris
2355 3726 2372 3753 ‚
2423 3691 2595 3754 Origo·
2645 3689 2842 3738 Servius

1820 3776 1926 3822 Ecl.
1953 3776 2017 3821 X.
2053 3771 2374 3821 Arbusculam
2408 3779 2458 3817 et
2496 3770 2726 3817 Horatius
2748 3783 2840 3815 no-

1816 3854 1970 3900 minat
1997 3854 2097 3899 Set.
2126 3850 2321 3907 ultima,
2351 3848 2441 3898 lib.
2471 3850 2495 3894 1
2523 3862 2536 3895 ε
2566 3870 2595 3890 α
2624 3848 2741 3895 satis
2770 3857 2843 3894 est

1816 3933 2027 3996 equitem
2069 3930 2189 3977 mihi
2230 3929 2488 3992 plaudere,
2537 3938 2593 3975 ut
2647 3925 2810 3973 audax
2826 3960 2841 3984 ‚

1818 4010 2120 4073 Contemptis
2160 4008 2266 4056 aliis
2285 4043 2300 4071 ,
2328 4006 2528 4070 explosa
2561 4003 2838 4054 Arbuscula

1816 4090 1997 4139 dixit».
2023 4090 2167 4137 Mur.
