3023 4773
542 629 1119 734 PETRUS
1159 630 2044 738 'VICTORIUS

1009 853 1576 937 LEcToRL
2140 836 2147 845 ’

220 1198 494 1348 Quum
533 1251 687 1314 olim
729 1250 934 1317 fidelis
974 1253 1138 1318 liber
1180 1253 1614 1342 Epistularum
1660 1256 1753 1320 M.
1790 1258 1863 1322 Τ.
1903 1257 2229 1321 Ciceronis
2271 1259 2357 1323 ad

213 1358 515 1422 Atticum
561 1355 642 1420 ad
687 1379 920 1422 manus
972 1382 1146 1424 meas
1193 1364 1624 1448 pervenisset,
1686 1385 1875 1427 causa
1932 1363 2038 1427 isse
2092 1362 2377 1451 quidem*

213 1463 377 1526 mihi
407 1463 538 1527 fuit
563 1463 920 1527 multorum
948 1464 1245 1528 laborum
1270 1489 1286 1530 :
1316 1466 1625 1531 studiosis
1648 1484 1864 1532 autem
1892 1468 2360 1532 humaniorum

215 1569 556 1632 literarum
602 1591 735 1632 non
785 1592 997 1657 parvae
1034 1570 1371 1637 utilitatis:
1418 1566 1708 1638 adhibita
1748 1574 1925 1637 enim
1968 1573 2171 1637 multa
2206 1596 2362 1638 cura

214 1697 292 1737 ac
335 1672 704 1763 diligentia,
750 1676 999 1739 contuli
1037 1699 1188 1740 cum
1231 1679 1372 1766 ipso
1413 1680 1670 1768 vulgata
1709 1680 2090 1767 exemplaria
2138 1701 2360 1742 earum

212 1779 702 1866 Epistolarum:
750 1782 1113 1869 sustulique
1163 1782 1318 1847 inde
1374 1783 1704 1848 infinitum
1767 1807 1953 1873 paene
2007 1806 2358 1861 numerum

215 1883 714 1948 foedissimarum
754 1887 1171 1951 macularum.
1215 1889 1543 1977 Praecipue
1579 1909 1795 1955 autem
1846 1890 2165 1979 egregiam
2201 1911 2359 1976 ope-

212 2013 354 2054 ram
390 1991 618 2055 navavi
654 2013 779 2080 ope
815 1991 982 2056 illius
1015 1994 1425 2083 exemplaris,
1462 1996 1531 2058 in
1571 1997 1792 2085 graecis
1827 1995 2131 2075 vocibus,
2172 1994 2375 2058 totis-¹

211 2121 346 2186 que
377 2099 718 2163 sententiis
752 2099 888 2179 ejus
920 2103 1235 2166 sermonis
1264 2102 1717 2167 restituendis:
1750 2124 2029 2190 quarum
2061 2101 2359 2190 pulcher-

211 2205 534 2268 rimarum
601 2205 1248 2295 gravissimarumque
1316 2207 1584 2294 plenum
1661 2207 1788 2270 hoc
1851 2205 2159 2270 volumen
2235 2222 2352 2270 est.

210 2312 438 2395 Quam
478 2312 700 2375 multae
742 2328 957 2376 autem
1001 2313 1244 2377 lacunae
1293 2315 1473 2401 prius
1526 2313 1654 2377 illic
1707 2328 1954 2395 essent,
2008 2328 2122 2375 aut
2164 2299 2358 2376 verba

210 2440 424 2506 graeoe
478 2439 716 2505 parum
766 2433 913 2505 apte
955 2441 1289 2506 expressa,
1331 2417 1516 2482 facile
1565 2440 1793 2482 omnes
1846 2416 2355 2483 animadvertere

207 2539 612 2612 potuerunt,
648 2523 759 2611 qui
792 2525 1186 2612 sumpserint
1216 2525 1281 2587 in
1318 2546 1550 2588 manus
1580 2523 1897 2612 Epistolas
1936 2523 2082 2604 has,
2112 2539 2261 2587 ante
2292 2522 2362 2586 id

207 2646 475 2719 tempus
521 2651 804 2692 excusas.
854 2630 1126 2694 Praestiti
1183 2630 1383 2716 igitur
1430 2628 1614 2718 quod
1662 2631 1848 2717 potui
1899 2645 2059 2693 tunc
2104 2651 2357 2693 summa

205 2759 364 2799 cum
414 2734 548 2798 fide
591 2757 664 2798 ac
709 2733 977 2798 studio
961 2758 1026 2797 in
1062 2734 1191 2798 hoc
1228 2756 1425 2822 opere
1472 2733 1897 2821 expoliendo,
1943 2750 2021 2798 ut
2062 2734 2356 2798 omittam

205 2843 503 2923 labores,
540 2864 705 2929 quos
756 2841 945 2904 etiam
993 2841 1272 2904 sustinui
1313 2840 1627 2904 maximos
1670 2842 1739 2903 in
1782 2841 2009 2905 ceteris
2055 2839 2362 2928 operibus

203 2947 586 3038 politissimi
648 2947 1013 3035 scriptoris,
1072 2945 1474 3010 orationibus
1528 2945 1808 3033 exceptis
1832 2992 1850 3026 ,
1915 2943 2357 3008 emendandis.

201 3054 539 3118 Exstitere
584 3068 807 3140 postea
844 3052 980 3133 alii,
1026 3050 1264 3115 eruditi
1297 3067 1363 3114 et
1395 3049 1718 3139 ingeniosi
1757 3049 2096 3130 homines,
2144 3050 2259 3136 qui
2297 3066 2362 3112 et

197 3159 336 3247 ipsi
380 3180 523 3221 non
560 3179 792 3244 parum
837 3179 1047 3244 operae
1089 3173 1456 3244 posuerunt
1497 3157 1565 3219 in
1616 3154 1843 3219 iisdem
1898 3154 2001 3217 his
2052 3153 2358 3242 Epistolis

196 3261 623 3353 corrigendis
641 3311 659 3343 ,
686 3261 906 3325 multis
939 3260 1233 3348 undique
1261 3262 1504 3325 calamo
1534 3262 1800 3327 exaratis
1824 3260 2004 3325 libris
2041 3259 2360 3324 collectis:

191 3370 296 3434 illi
341 3385 566 3433 tamen
610 3368 697 3431 ita
741 3368 1067 3455 integrum
1103 3366 1424 3457 fideleque
1457 3370 1802 3457 exemplar,
1846 3366 1944 3431 uti
1978 3389 2197 3429 meum
2235 3381 2363 3447 est,

192 3476 400 3540 nullo
425 3497 553 3540 suo
577 3475 799 3538 labore
820 3523 838 3556 ,
871 3474 1166 3552 ‚invenire
1193 3490 1591 3561 potuerunt:
1629 3474 1971 3562 inquibus
1998 3473 2188 3536 etiam
2215 3473 2363 3557 fuit,

189 3583 330 3672 qui
367 3583 503 3645 hoc
537 3605 570 3644 a
606 3603 712 3643 me
750 3602 884 3643 non
920 3581 1061 3644 sine
1090 3602 1279 3644 causa
1316 3596 1652 3668 tantopere
1685 3579 2040 3659 laudatum,
2057 3578 2365 3642 Ferrariae

185 3687 413 3770 vidjt‚
465 3702 662 3774 atque
708 3686 1032 3773 optimum
1089 3708 1356 3773 quoque
1401 3707 1659 3773 semper
1705 3683 2118 3764 existimavit,
2158 3707 2366 3773 quum
2470 3771 2473 3774 Δ

182 3796 438 3883 ipsum
487 3789 839 3855 Benedicto
884 3790 1151 3854 Accolto
1202 3788 1537 3870 cardinali,
1580 3787 1823 3852 diserto
1869 3788 2012 3852 viro
2059 3811 2134 3852 ac
2181 3789 2367 3854 valde

179 3897 523 3964 studioso
592 3895 981 3984 eloquentiae
1043 3896 1508 3975 Ciceronianae,
1577 3892 2132 3976 commodassem‚
2192 3894 2370 3983 apud

178 4025 426 4094 quem
461 4018 622 4066 tunc
663 4018 800 4066 erat
842 4000 1145 4067 Octavius
1189 4000 1662 4090 Pantagathus,
1694 3998 1793 4063 vir
1821 4000 2069 4088 probus
2111 4017 2175 4064 et
2217 4001 2367 4063 satis

181 4124 458 4177 acutus
514 4108 582 4170 in
636 4108 891 4195 scriptis
936 4124 1230 4173 veterum
1276 4123 1618 4198 auctorum
1663 4105 2139 4187 examinandis:
2190 4103 2372 4192 quod
