3023 4773
537 372 1080 443 EPISTOLAE
1129 373 1270 440 AD
1319 371 1831 457 AMICUM,
1878 373 1948 456 1,
2010 396 2114 468 ¹9·
2255 368 2392 457 345

271 517 491 593 quam
525 493 706 564 mihi
742 517 907 565 cum
941 494 1321 584 Pompeio,
1373 504 1462 563 ex
1507 516 1753 563 rerum
1799 492 2079 564 illarum
2122 493 2393 565 dissen-

272 609 476 676 sione
492 603 1033 675 arbitrarentur.
1064 605 1248 673 Cum
1269 602 1409 673 hoc
1425 626 1560 698 ego
1580 626 1696 672 me
1713 617 1910 673 tanta
1925 600 2397 676 familiaritate

272 716 617 811 'conjunxi
637 769 657 801 ‚
683 728 766 785 ut
787 729 1092 810 uterque
1117 727 1447 784 nostrum
1471 714 1548 783 in
1570 737 1699 791 sua
1715 716 1996 789 ratione
2013 716 2395 803 munitior,

273 841 347 897 et
385 828 462 895 in
508 823 874 923 republica
914 823 1191 895 firmior
1225 823 1360 894 hac
1396 824 1914 918 conjunctione
1961 846 2112 894 esse
2150 827 2395 921 possit.

272 933 455 1005 Odia
492 948 732 1004 autem
758 933 876 1002 illa
908 931 1303 1003 libidinosae
1331 946 1405 1003 et
1428 931 1741 1003 delicatae
1773 933 2207 1027 juventutis,
2240 959 2400 1031 quae

274 1057 480 1115 erant
497 1045 573 1112 in
594 1066 708 1113 me
732 1042 1022 1113 incitata
1038 1096 1058 1128 ‚
1092 1044 1193 1113 sic
1208 1043 1526 1139 mitigata
1546 1057 1715 1113 sunt
1732 1044 2070 1114 comitate
2089 1043 2401 1140 quadam

273 1177 470 1238 mea,
509 1177 624 1223 me
668 1175 895 1222 unum
923 1166 1006 1222 ut
1042 1173 1295 1222 omnes
1331 1151 1433 1221 illi
1472 1151 1734 1222 colant.
1780 1151 1971 1222 Nihil
2000 1152 2151 1246 jam
2197 1151 2403 1222 deni·
2486 1192 2493 1195 v

276 1287 417 1359 que
455 1287 496 1333 a
535 1287 649 1333 me
685 1286 1019 1360 asperum
1054 1263 1131 1331 in
1174 1285 1617 1359 quemquam
1637 1260 1895 1347 fit,nec
1930 1276 2170 1333 tamen
2201 1260 2405 1358 quid-

277 1395 495 1467 quam
528 1372 879 1469 populare
909 1396 992 1442 ac
1022 1370 1450 1443 dissolutum
1481 1398 1502 1439 .·
1533 1369 1660 1442 sed
1696 1372 1794 1442 ita
1830 1386 2223 1469 temperata
2253 1386 2407 1443 tota

277 1483 459 1552 ratio
492 1495 599 1552 est
615 1535 634 1568 ,
669 1496 754 1552 ut
777 1479 1188 1578 reipublicae
1212 1481 1690 1553 constantiam
1712 1494 2081 1579 praestem;
2114 1481 2408 1579 privatis

276 1590 495 1663 rebus
525 1595 738 1680 meiS‚
775 1606 1073 1689 propter
1105 1590 1595 1663 infirmitatem
1628 1588 2031 1676 bonorum,
2073 1591 2407 1686 iniquita·

279 1716 426 1772 tem
461 1700 998 1787 malivolorum,
1051 1702 1299 1773 odium
1351 1703 1427 1771 in
1469 1726 1586 1772 me
1629 1700 2165 1799 improborum,
2210 1699 2410 1771 adhi-

277 1809 488 1882 beam
524 1809 914 1908 quamdam
958 1813 1366 1881 cautionem
1405 1826 1476 1881 et
1511 1811 1981 1910 diligentiam.
2031 1815 2271 1907 Atque
2312 1811 2410 1880 ita

277 1936 523 1991 tamen
566 1921 652 1989 iis
698 1920 905 1989 novis
948 1921 1273 1991 amicitiis
1308 1920 1658 2017 implicati
1700 1946 1985 2008 sumus,
2033 1933 2116 1990 ut
2153 1917 2410 1990 crebro

279 2030 461 2100 mihi
501 2027 695 2099 vafer
730 2027 847 2100 ille
888 2029 1168 2099 Siculus
1206 2030 1610 2100 insusurret
1644 2026 2190 2126 Epicharmus³⁴
2243 2053 2408 2100 can-

278 2137 579 2207 tilenam
613 2137 806 2207 illam
842 2161 1084 2207 suam:

482 2271 623 2339 Νᾶφι
638 2308 654 2335 ,
679 2268 763 2323 καὶ
790 2271 1006 2341 ‘simae’
1025 2270 1251 2323 ἀπιστεῖν
1263 2262 1313 2303 ³⁵
1329 2292 1341 2305 ·
1372 2270 1525 2341 ἄρθρα
1546 2275 1711 2322 ταῦτα
1733 2276 1831 2322 τῶν
1859 2254 2054 2340 ppos-En.

280 2410 384 2487 Ac
424 2418 686 2475 nostrae
729 2404 1024 2502 quidem
1081 2407 1378 2506 rationis
1422 2432 1505 2478 ac
1558 2409 1717 2477 vitae
1763 2407 1967 2503 quasi
2023 2407 2407 2504 quamdam

284 2512 626 2603 formam,
669 2531 753 2586 ut
792 2519 1085 2613 opinor,
1135 2515 1356 2589 vides.

377 2627 486 2694 De
530 2638 658 2694 tuo
709 2640 952 2696 autem
1007 2624 1379 2724 negotio³⁶
1421 2650 1609 2724 saepe
1655 2626 1743 2698 ad
1796 2652 1912 2698 me
1955 2627 2246 2715 scribis;
2293 2630 2409 2699 cui

287 2732 793 2806 mederi-nunc
830 2760 981 2806 non
1020 2759 1425 2832 possumus.
1471 2741 1597 2807 Est
1638 2737 1833 2806 enim
1871 2736 2051 2807 illud
2088 2749 2408 2808 senatus-

285 2843 696 2929 consultum
747 2868 1026 2915 summa
1078 2845 1544 2943 pedariorum
1560 2842 1621 2901 ³⁷
1680 2845 2087 2932 voluntate,
2141 2844 2411 2915 nullius

357 3053 442 3106 34.
463 3050 746 3116 Epicharmi.
761 3052 907 3100 Poeta
921 3053 1311 3117 comicns,qnem
1399 3054 1582 3102 saltum
1620 3054 1802 3101 liberos
1841 3051 2054 3116 populos
2071 3085 2087 3111 ,
2128 3054 2255 3100 inter
2292 3069 2415 3116 qnos

285 3128 384 3177 sibi
446 3132 706 3196 proposuit
764 3130 1040 3193 exemplum
1093 3131 1308 3179 Plautus.
1397 3145 1536 3182 erant
1557 3133 1800 3198 Sicyonii,
1823 3132 2128 3196 excipiebat,
2154 3131 2412 3179 liberabat·

285 3207 516 3256 -letm
532 3208 597 3256 ad
612 3208 861 3273 exemplar
878 3209 1027 3257 Siculi
1047 3226 1308 3274 properare
1394 3228 1490 3275 qne
1515 3229 1544 3260 a
1566 3211 1918 3277 pensitatione,
1939 3210 2053 3259 ideo
2076 3210 2146 3258 illi
2183 3210 2415 3259 nolebant

289 3287 578 3351 Epicharmi.
599 3311 625 3330 ι·
651 3291 821 3337 nont.
842 3289 997 3354 Epist.
1019 3292 1084 3347 11,
1116 3305 1137 3336 1
1157 3324 1171 3346 ,
1198 3290 1279 3337 58.

355 3367 443 3415 35.
484 3359 639 3431 Νᾶφιζ
664 3365 746 3416 καὶ
762 3366 970 3434 lady-vad
995 3367 1222 3416 ἀπιστιῖν.
1240 3357 1308 3431 Q.

285 3446 458 3492 Cicero
486 3445 539 3492 in
565 3445 734 3494 libello
753 3446 814 3493 de
832 3449 1069 3511 petitione
1086 3446 1305 3495 cousula-

286 3535 365 3570 tus
391 3525 457 3572 its
484 3524 661 3583 vertit,
705 3547 727 3569 ι
744 3525 949 3574 Sobrius
989 3538 1126 3585 esto,
1159 3536 1305 3590 atque

288 3602 412 3650 illud
438 3610 634 3663 teneto,
664 3620 838 3652 nervos
853 3639 869 3662 ,
886 3617 1030 3669 atque
1055 3615 1187 3652 artus
1203 3622 1306 3652 esse

288 3682 557 3745 sapientiai,
598 3698 700 3732 non
729 3695 906 3732 temere
928 3684 1124 3732 credere
1140 3707 1182 3733 n.
1233 3686 1307 3732 De

288 3761 392 3807 l‘et.
421 3759 625 3812 Consul.
649 3777 755 3824 esp.
786 3777 860 3809 ιο.

360 3840 444 3887 36.
466 3841 544 3886 De
568 3850 652 3887 tuo
671 3852 831 3888 autem
860 3843 1079 3906 negotio.
1105 3844 1179 3890 De
1199 3859 1310 3891 exn·

288 3917 457 3964 ctione
472 3920 693 3981 pecnnia
719 3922 966 3983 vectigalis
993 3939 1019 3969 s
1042 3922 1307 3987 Sicyoniis,

289 4011 436 4057 quam
469 3999 659 4046 Atticus
692 4015 798 4055 suo,
818 4001 897 4048 vel
930 4001 1306 4065 publicanorum

291 4077 492 4124 nomine
517 4078 717 4142 urgebat
736 4093 750 4127 τ
771 4080 854 4126 sed
870 4081 981 4144 quis
1002 4093 1307 4129 senatuscon-

1393 3291 1598 3339 solvere.
1618 3291 1780 3340 Pons.

1415 3413 1420 3417 .
1463 3372 1547 3430 37.
1594 3369 1935 3418 Pedariomm.
1985 3372 2243 3418 Senatores
2260 3401 2274 3426 ,
2329 3368 2413 3431 qui

1392 3449 1583 3495 curules
1611 3450 1918 3513 magistratus
1960 3448 2239 3511 gessissent,
2268 3462 2413 3493 curru

1393 3526 1446 3573 in
1467 3527 1649 3574 curiam
1672 3528 1875 3574 honoris
1904 3527 2054 3590 gratis
2079 3524 2378 3574 vehebantur
2400 3539 2412 3572 :

1395 3605 1544 3652 ceteri
1582 3604 1788 3669 pedibus
1827 3605 1964 3653 ibant
1996 3619 2009 3652 ε
2035 3603 2167 3651 unde
2191 3603 2414 3652 Pedsrio-

1396 3700 1504 3731 rum
1534 3700 1731 3732 nomen.
1766 3683 1978 3740 Gellius,
2000 3683 2089 3732 lib.
2112 3685 2209 3743 111,
2228 3700 2335 3749 cop.
2363 3685 2412 3732 8.

1396 3764 1546 3811 Mur.
1573 3789 1643 3800 -
1670 3762 1972 3825 Mongaltius
2007 3763 2149 3810 sliam
2178 3766 2413 3812 rationem

1397 3843 1617 3906 seqnitur
1640 3857 1752 3889 cum
1764 3844 1985 3890 Varrone
2002 3854 2052 3890 et
2071 3845 2237 3901 Festo,
2261 3854 2310 3890 et
2330 3860 2414 3907 pe-

1397 3921 1559 3969 darios
1586 3931 1726 3985 putat
1753 3919 1928 3979 dictos,
1951 3923 2037 3986 qui
2079 3922 2286 3987 pedibus
2318 3934 2417 3970 tsn-

1396 4012 1497 4048 tnm
1528 4003 1577 4048 in
1612 4002 1894 4048 sententiam
1935 4001 2246 4064 ibant,quis‚
2265 4017 2417 4064 quum

1395 4081 1587 4129 curules
1632 4096 1735 4128 non
1774 4079 2006 4138 fuissent,
2034 4081 2235 4129 extremi
2280 4095 2418 4142 roga-
