3023 4773
666 401 799 483 ιω.
1284 397 1381 462 Μ.
1433 396 1511 461 Τ.
1568 394 2164 464 cmERole

1279 777 1875 859 EPISTOLA
1928 778 2183 857 VIII.

656 985 720 1040 C.
742 977 1023 1037 Marcello
1048 973 1253 1052 auguri
1276 972 1351 1030 de
1377 971 1482 1029 filii
1506 969 1630 1030 Caii
1651 969 1952 1027 consulatu
1974 968 2316 1047 gratulatur,
2351 970 2612 1047 petitque
2640 983 2702 1028 ut
2728 990 2785 1028 se

734 1075 1039 1134 absentem
1071 1069 1361 1129 defendat.
1408 1066 1521 1146 (Ex
1553 1066 1754 1124 castris
1785 1064 1858 1123 ad
1888 1065 2156 1142 Cybistra
2185 1066 2596 1145 Cappadociae,
2638 1086 2786 1124 anno

732 1179 806 1234 U.
834 1177 901 1233 C.
932 1190 1047 1248 7⁰²
1067 1212 1086 1240 ‚
1126 1187 1322 1227 mense
1349 1161 1721 1244 septembri.)

656 1353 747 1417 M.
780 1350 857 1416 T.
902 1351 976 1415 C.
1017 1346 1263 1412 PROC.
1306 1346 1377 1410 C.
1414 1340 1910 1424 MARCELLO,
1966 1339 2380 1407 COLLEGAE
2405 1349 2453 1423 ¹,
2499 1340 2563 1405 S.
2605 1340 2674 1403 P.
2712 1341 2789 1405 D.

743 1506 1216 1576 MARCELLUM
1255 1513 1465 1568 tuum
1495 1549 1515 1582 ,
1548 1493 1922 1565 consulem
1958 1491 2225 1565 factum
2246 1548 2266 1581 ‚
2311 1509 2528 1591 teque
2559 1519 2642 1565 ea
2677 1493 2790 1565 lae-

658 1615 813 1685 titia
841 1609 1182 1683 affectum
1213 1632 1366 1679 esse
1389 1662 1408 1695 ‚
1436 1630 1659 1703 quam
1701 1604 2009 1675 maxime
2048 1607 2349 1702 optasti,
2383 1604 2796 1677 mirandum

660 1726 738 1794 in
782 1721 1083 1793 modum
1128 1717 1450 1816 gaudeo;
1504 1715 1728 1812 idque
1778 1739 2009 1811 quum
2059 1716 2284 1812 ipsius
2339 1740 2587 1802 causa,
2639 1730 2801 1787 tum

659 1831 863 1932 quod
921 1845 993 1902 te
1038 1825 1384 1900 omnibus
1437 1824 1971 1897 secundissimis
2026 1824 2247 1895 rebus
2297 1823 2802 1923 dignissimum

652 1944 943 2039 judico,
998 1938 1206 2033 cujus
1245 1961 1411 2033 erga
1445 1959 1563 2005 me
1610 1933 2046 2030 singularem
2081 1933 2650 2006 benivolentiam
2682 1937 2805 2008 vel

660 2054 738 2122 in
761 2050 1016 2123 labore
1041 2074 1240 2136 meo,
1266 2047 1373 2117 vel
1406 2051 1477 2116 in
1507 2044 1793 2115 honore
1824 2046 2193 2140 perspex13
2223 2059 2446 2115 totam
2480 2044 2804 2141 denique

660 2163 961 2234 domum
980 2174 1288 2232 vestram
1307 2156 1418 2228 vel
1440 2155 1689 2227 salutis
1706 2153 1820 2224 vel
1848 2153 2214 2251 dignitatis
2242 2180 2416 2226 meae
2436 2155 2809 2227 studiosis-

657 2276 909 2344 simam
939 2269 1626 2368 cupidissimamque
1656 2268 1988 2359 cognovi.
2025 2266 2266 2353 Quare
2297 2280 2582 2362 gratum
2618 2267 2810 2337 mihi

658 2382 950 2469 feceris,
985 2381 1045 2453 si
1075 2379 1286 2451 uxori
1322 2392 1461 2447 tuae
1496 2381 1530 2447 J
1540 2379 1757 2463 uuiae,
1789 2375 2219 2472 gravissimae
2250 2392 2469 2475 atque
2507 2380 2810 2477 optimae

659 2493 941 2565 feminae
964 2546 983 2579 ,
1034 2490 1213 2561 meis
1254 2487 1493 2558 verbis
1548 2488 1688 2558 eris
1736 2485 2154 2582 gratulatus.
2208 2492 2268 2559 A
2316 2503 2390 2559 te
2439 2490 2551 2577 id,
2592 2489 2814 2586 quod

657 2608 878 2676 suesti
896 2614 952 2687 ²,
981 2616 1152 2700 peto
1173 2653 1192 2686 ,
1222 2623 1339 2671 me
1377 2597 1754 2670 absentem
1786 2594 2038 2695 diligas
2070 2612 2287 2695 atque
2327 2598 2697 2671 defendas,

736 2799 780 2831 ι.
807 2779 1038 2845 Collegae.
1066 2781 1127 2827 In
1156 2778 1427 2840 Auguratu.
1462 2778 1681 2826 Divinat.
1848 2796 1898 2826 2.
1924 2776 2054 2839 Alii,
2081 2777 2348 2837 consuesti,
2385 2776 2460 2825 vel
2494 2777 2813 2828 consuevisti.

657 2863 736 2921 11,
759 2861 840 2910 35.
1772 2861 1900 2913 LV..
1928 2860 1983 2907 L.

651 3061 925 3082 mm
939 3060 1027 3080 m
1036 3056 1687 3078 mmmmm

1966 3059 2813 3079 mmmmmmmm

1317 3241 1928 3324 EPISTOLA
1983 3247 2134 3325 IX.
2211 3289 2216 3294 ·

658 3428 745 3481 Μ.
769 3419 1044 3480 Marcello
1077 3417 1399 3497 gratulatur
1428 3418 1514 3507 de
1536 3420 1714 3480 fratre
1737 3423 1999 3501 patruele
2023 3424 2259 3483 consule
2292 3424 2445 3482 facto
2467 3445 2480 3481 z
2505 3425 2823 3504 petitque,

737 3533 805 3579 ut
834 3518 946 3577 sibi
973 3536 1149 3594 quam
1175 3515 1447 3593 primum,
1478 3536 1672 3576 annuo
1694 3519 1939 3596 imperio
1964 3520 2130 3578 finito
2148 3564 2166 3594 ‚
2192 3541 2487 3581 successor
2514 3523 2823 3583 mittatur.

737 3618 845 3696 (Ex
877 3615 1079 3674 castris
1120 3612 1194 3671 ad
1240 3611 1511 3689 Cybistra
1548 3614 1933 3694 Cappadociae
1955 3660 1974 3690 ,
2021 3637 2174 3676 anno
2210 3623 2281 3678 U.
2315 3623 2381 3680 C.
2414 3639 2561 3693 702,
2598 3641 2826 3681 mense

736 3711 1091 3791 septembri.)

800 3885 892 3950 M.
913 3886 988 3949 Τ.
1024 3885 1092 3949 C.
1128 3885 1479 3951 PROCOS.
1514 3885 1608 3951 M.
1645 3886 2105 3956 MARCELLO
2151 3892 2327 3957 COS.
2362 3894 2426 3959 S.
2460 3894 2530 3960 P.
2566 3897 2657 3963 D.

702 4101 713 4108 .
753 4042 854 4108 ΤΕ
885 4050 958 4107 et
989 4038 1272 4134 pietatis
1305 4044 1379 4110 in
1409 4056 1614 4128 ωοε,
1658 4056 1730 4112 et
1757 4044 1978 4115 animi
2014 4047 2088 4115 in
2133 4047 2666 4144 rempublicam
2687 4108 2710 4140 ‚
2743 4068 2830 4125 et

656 4148 1022 4223 clarissimi
1077 4161 1295 4244 atque
1333 4152 1591 4244 optimi
1630 4145 2088 4246 consulatus,
2133 4161 2209 4229 C.
2239 4161 2583 4233 Marcello
2623 4188 2828 4238 con-
