3023 4773
984 432 1043 500 1.
1099 434 1185 500 G.
1240 422 1657 499 GRAEvn.
2247 410 2386 531 2'59

270 542 383 616 bus
407 553 652 641 priores
683 568 948 615 auxerat
982 558 1097 615 sua
1139 574 1355 616 manu.
1391 553 1517 616 Eas
1540 553 1893 639 excerpsit,
1926 570 1992 618 et
2023 557 2183 619 mihi
2212 559 2389 621 misit

267 660 412 723 civis
445 660 612 722 Bosii
630 707 647 740 ,
674 659 1038 745 Stephanus
1070 659 1393 740 Balusius,
1428 680 1562 721 non
1603 658 1819 721 minus
1847 659 2126 726 candore
2154 681 2221 728 et
2246 663 2390 728 dili-

264 766 468 853 gentia
491 766 557 828 in
578 764 881 830 eruendis
908 765 1188 852 antiquis
1205 765 1499 829 Ecclesiae
1522 764 1901 829 Christiana:
1921 771 2385 852 monumentis,

261 892 449 957 quam
490 871 747 934 solertia
776 886 840 933 et
869 869 1164 935 doctrina
1193 871 1259 932 in
1291 871 1366 933 iis
1398 868 1791 934 illustrandis
1817 870 2065 959 ubique
2094 875 2387 961 gentium

259 976 546 1039 celebris.
581 977 825 1038 Vellem
861 977 926 1038 in
959 976 1191 1040 Balusii
1224 998 1454 1039 manus
1489 975 1869 1039 incidissent
1904 1000 2199 1065 quoque,
2245 1004 2391 1067 quae

261 1083 486 1143 Bosius
535 1082 747 1169 paucis
780 1081 1011 1145 diebus
1048 1098 1199 1145 ante
1240 1097 1518 1145 mortem
1555 1081 1616 1144 ei
1655 1103 1692 1144 a
1732 1083 2230 1148 sceleratissimis
2266 1086 2391 1149 ho-

259 1186 544 1249 minibus
575 1185 736 1250 clam
766 1188 1001 1250 illatam
1020 1186 1140 1268 ,ad
1167 1188 1449 1251 amicum
1482 1210 1677 1251 suum
1706 1187 2109 1252 Ludovicum
2144 1192 2392 1255 Carrio-

259 1316 406 1356 nem
429 1343 447 1375 ,
482 1317 550 1357 se
589 1294 763 1358 notis
798 1295 932 1358 suis
972 1294 1275 1374 adjecisse
1320 1295 1609 1382 scripsit,
1656 1311 1925 1359 testatus
1963 1319 2033 1360 se
2072 1298 2390 1386 Epistolas

258 1400 335 1462 ad
379 1401 668 1464 Atticum
715 1400 1013 1489 relegisse
1047 1409 1109 1463 et
1146 1402 1582 1481 recensuisse,
1630 1401 1834 1464 multa
1866 1401 2214 1481 addidisse,
2246 1408 2391 1491 quae

260 1505 664 1593 praeterierit,
692 1507 758 1567 in
784 1505 1025 1593 quibus
1055 1505 1190 1569 haec
1214 1505 1392 1570 haud
1415 1506 1672 1587 inscita,
1697 1505 1980 1569 necdum
2000 1529 2037 1570 a
2061 1530 2392 1595 quoquam

258 1612 405 1674 satis
447 1612 805 1693 intellecta,
845 1610 927 1675 de
972 1613 1587 1702 perscriptionibus,
1637 1612 1923 1700 plurium
1977 1615 2391 1698 nominibus,

169 1734 176 1738 ·
257 1734 320 1780 et
362 1718 627 1804 parariis
660 1740 675 1780 τ
730 1716 812 1780 de
857 1738 1190 1780 servorum
1215 1765 1232 1798 ,
1283 1718 1397 1805 qui
1438 1718 1690 1806 populo
1724 1718 2128 1808 placuerant,
2176 1737 2394 1785 coacta

259 1822 812 1886 manumissione:
853 1821 934 1885 de
976 1824 1184 1911 gentis
1218 1825 1510 1911 populis:
1557 1824 1638 1889 de
1676 1842 1956 1889 matrum
2000 1829 2395 1892 testamentis

255 1943 403 1991 ante
434 1929 554 1991 SC.
583 1928 1076 2017 Orphitianum:
1107 1927 1189 1992 de
1226 1922 1476 2019 legibus
1508 1931 1703 1994 viaria
1731 1946 1795 1994 et
1825 1931 2221 1995 alimentaria
2257 1936 2391 1998 Cu-

256 2034 489 2097 rionis:
526 2032 607 2096 de
633 2034 1153 2121 praediatoribus:
1181 2033 1262 2098 de
1285 2036 1586 2114 ἰῐροικλιιδίᾳ
1608 2036 1969 2100 Ciceronis:
1996 2037 2076 2102 de
2086 2038 2394 2103 Varronis

254 2152 447 2219 πέπλῳ·
483 2155 549 2203 et
577 2141 730 2217 alia,
767 2156 843 2204 ut
882 2162 961 2203 ex
996 2140 1133 2219 ejus
1171 2140 1370 2204 literis
1401 2139 1686 2228 prodidit
1716 2141 1936 2204 Carrio
1974 2143 2042 2205 in
2068 2143 2392 2208 Emenda-

255 2245 562 2309 tionibus.
602 2245 730 2309 Sed
764 2246 903 2309 haec
930 2246 1168 2309 frnstra
1197 2261 1516 2334 optamus:
1553 2247 1625 2308 In
1662 2245 1809 2308 libri
1846 2247 2036 2334 p'rimi
2066 2248 2391 2334 prioribus

252 2350 716 2438 septemdecim
743 2351 1044 2439 Epistolis
1065 2350 1312 2416 'videbis
1341 2375 1475 2416 non
1504 2374 1740 2440 paucas
1774 2352 2224 2418 annotationes
2251 2378 2391 2420 ma-

251 2460 359 2546 gni
399 2459 599 2521 Isaaci
628 2458 993 2522 Casauboni
1016 2506 1033 2538 ,
1070 2479 1427 2546 numquam
1477 2459 1751 2523 antehac
1790 2460 1857 2521 in
1900 2459 2165 2548 publico
2199 2462 2385 2526 visas.

253 2563 589 2651 Mompelii
617 2586 822 2650 quum
851 2563 1062 2627 literas
1085 2564 1419 2651 politiores
1443 2564 1881 2650 promitteret,
1904 2564 2162 2653 publice
2186 2567 2388 2631 inter-

252 2685 542 2756 pretatus
595 2685 691 2732 est
731 2649 1049 2757 Epistolas
1091 2668 1174 2731 ad
1203 2669 1515 2733 Atticum.
1549 2669 1857 2733 Acroases
1898 2670 2013 2733 has
2051 2671 2116 2733 in
2155 2694 2389 2758 paucas

255 2775 418 2856 illas,
461 2781 620 2862 quas
667 2773 835 2856 dixi,
879 2797 1037 2838 meae
1075 2774 1227 2838 fidei
1263 2798 1377 2862 per
1412 2774 1601 2839 CLV.
1637 2771 1948 2838 Iacobum
1982 2775 2387 2852 Gronovium

255 2881 580 2944 commisit
600 2903 735 2943 non
764 2880 983 2944 multis
1010 2898 1159 2946 ante
1187 2882 1450 2945 beatum
1476 2901 1673 2944 suum
1697 2879 2389 2946 decessum-mensibus

255 2983 420 3049 filius
467 3002 649 3074 patre
695 3000 876 3050 tanto
919 2986 1367 3075 dignissimus,
1409 2987 1700 3075 meique,
1735 2983 1941 3073 quum
1993 3004 2386 3074 superesset,

253 3092 786 3173 studiosissimus,
802 3093 1084 3156 Mericus
1109 3094 1552 3158 Casaubonus.
1585 3094 1680 3156 Ex
1703 3092 1781 3155 iis
1805 3091 2099 3174 delibavi,
2117 3115 2260 3179 quoe
2281 3115 2388 3156 ce-

252 3213 542 3262 terorum
579 3199 1010 3285 interpretum
1044 3197 1331 3261 studium
1365 3216 1430 3262 et
1466 3200 1791 3263 solertiam
1831 3197 2165 3288 fugerant.-
2187 3198 2413 3280 Quod·

250 3307 299 3369 si
335 3308 404 3369 in
442 3306 602 3369 alios
641 3306 841 3369 libros
879 3305 1395 3391 incomparabilis
1429 3288 1769 3369 viri'notas
1806 3305 1997 3369 nobis
2041 3325 2173 3367 non
2215 3306 2385 3367 invi·-

247 3411 452 3475 disset
471 3411 763 3491 fortuna,
784 3433 1014 3498 magna
1042 3411 1174 3490 lux,
1200 3432 1507 3498 magnum
1535 3425 1995 3474 ornamentum
2023 3412 2389 3474 accessisset

247 3517 406 3581 huic
439 3516 732 3580 editioni.
769 3517 936 3580 Nam
970 3538 1112 3603 quae
1151 3515 1344 3579 fuerit
1385 3515 1668 3602 capitalis
1702 3516 1873 3578 illius
1905 3515 2143 3602 ingenii
2180 3519 2388 3581 excel-

245 3622 484 3703 lentia,
533 3646 679 3710 quae
724 3620 1034 3687 doctrinae
1076 3623 1382 3689 latissime
1430 3621 1681 3684 diffusae
1722 3621 1996 3691 varietas
2044 3638 2109 3684 et
2168 3625 2385 3711 copia,

246 3749 447 3792 nemo
480 3730 739 3816 ignorat
772 3729 895 3792 nisi
931 3728 1168 3816 hospes
1202 3729 1266 3791 in
1301 3728 1535 3808 literis,
1575 3750 1769 3791 nemo
1803 3742 1995 3813 negat
2026 3725 2147 3790 nisi
2186 3729 2386 3793 livore

241 3834 542 3922 perditus
575 3858 589 3898 :
630 3834 809 3923 quod
841 3857 995 3900 vero
1030 3837 1224 3899 fuerit
1261 3836 1397 3915 ejus
1436 3835 1500 3896 in
1544 3834 1645 3896 his
1678 3833 1981 3921 Epistolis
2014 3834 2383 3899 evolvendis

242 3940 538 4004 studium
566 3991 582 4022 ‚
630 3942 789 4004 mihi
820 3941 1014 4005 fidem
1048 3942 1199 4005 fecit
1224 3939 1421 4004 editio
1446 3939 1747 4018 Bosiana,
1779 3961 1973 4026 quam
2009 3939 2380 4020 detriverat,

243 4063 314 4109 et
350 4051 538 4129 cujus
576 4050 896 4136 margines
937 4049 1229 4136 implerat
1260 4069 1474 4110 rerum
1498 4095 1515 4126 ,
1550 4067 1709 4132 quas
1748 4047 1812 4107 iu
1855 4046 1929 4108 iis
1964 4043 2129 4110 scitu
2160 4047 2384 4134 dignas

241 4153 653 4234 observarat,
697 4155 1144 4219 annotationc.·
1184 4155 1336 4234 Ejus
1371 4152 1623 4241 copiam
1659 4152 1816 4216 mihi
1854 4153 2004 4217 fecit
2034 4154 2129 4217 vir
2162 4152 2381 4213 itidem

2084 4279 2187 4349 17.
