3023 4773
660 480 799 566 564
1298 475 1395 541 M.
1447 471 1525 537 Τ.
1589 465 2140 535 CICERONIS

656 640 2033 678 *mmmmm-mmm
2055 636 2800 659 mmmm-mmmm
2857 649 2862 651 ψ

1266 826 1873 908 EPISTOLA
1939 825 2173 904 XIV.

655 989 870 1052 Scribit
894 987 968 1046 de
996 986 1201 1044 itinere
1228 999 1334 1041 suo
1362 981 1421 1037 in
1449 977 1845 1057 provinciam3
1874 959 1948 1035 de
1975 975 2191 1034 nuntiis
2217 974 2356 1034 inde
2383 975 2606 1048 allatis,
2644 987 2705 1032 et
2727 988 2792 1032 ut

737 1085 964 1146 Atticus
991 1081 1120 1152 sibi,
1145 1097 1273 1157 quae
1294 1077 1354 1134 in
1379 1095 1502 1153 rep.
1527 1086 1802 1151 gerantur
1819 1071 2066 1144 scribat,
2087 1085 2146 1130 et
2173 1071 2445 1131 mandata
2469 1091 2573 1131 sua
2595 1085 2791 1142 curet,

736 1184 898 1262 petit.
922 1176 1259 1259 (Trallibus,
1292 1191 1444 1232 anno
1466 1176 1542 1232 U.
1576 1175 1642 1231 C.
1677 1188 1790 1244 7⁰²
1812 1213 1830 1244 ,
1866 1188 2061 1229 mense
2083 1170 2356 1247 quintili.)

1334 1351 1653 1418 CICERO
1700 1350 2019 1416 ATTICO
2065 1350 2131 1414 S.

759 1497 1044 1572 Amnon
1054 1509 1160 1556 AM
1186 1484 1430 1580 aliquo
1448 1481 1610 1552 loco
1628 1477 2044 1565 consedero,
2066 1500 2305 1574 neque
2324 1476 2575 1573 longas
2590 1500 2632 1546 a
2649 1500 2790 1562 me,

665 1626 905 1699 neque
948 1618 1234 1692 semper
1280 1616 1438 1663 mea
1482 1613 1699 1658 manu
1740 1586 1978 1657 literas
2014 1584 2485 1684 exspectabis.
2542 1586 2801 1674 Quum

666 1727 907 1784 autem
963 1710 1100 1778 erit
1149 1705 1493 1802 spatium,
1540 1711 1936 1794 utrumque
1982 1696 2358 1794 praestabO.
2402 1700 2620 1767 Nunc
2671 1700 2811 1766 iter

666 1817 1225 1894 conficiebamus
1263 1824 1568 1881 aestuosa
1606 1823 1680 1879 et
1728 1806 2234 1905 pulverulenta
2267 1811 2402 1877 via.
2437 1807 2810 1879 Dederam

666 1931 954 2030 Epheso
989 1924 1256 2024 pridie3
1292 1921 1416 1991 has
1460 1917 1625 1990 dedi
1675 1917 2049 1989 Trallibus,
2106 1924 2192 1988 In
2237 1920 2612 2015 provincia
2647 1940 2815 1987 mea

666 2041 823 2112 fore
874 2062 988 2108 me
1038 2029 1383 2131 putabam
1436 2028 1581 2099 kal.
1636 2026 2034 2098 sextilibus.
2087 2032 2193 2098 Ex
2238 2052 2320 2097 ea
2363 2026 2519 2115 die,
2568 2029 2632 2098 si
2693 2050 2816 2096 me

669 2170 893 2230 amas,
924 2142 1352 2237 τιιοιροὶτινιγμοιι
1389 2139 1679 2206 ἐνιαύσιον
1720 2146 2197 2203 commovetO.
2225 2136 2495 2202 Tamen
2531 2134 2817 2203 interea

668 2257 851 2337 hacc,
889 2275 1049 2350 quae
1092 2247 1385 2334 vellem,
1419 2243 1598 2315 mihi
1634 2235 2123 2313 afferebantur
2150 2257 2175 2311 ἐ
2213 2243 2532 2339 primum
2579 2244 2819 2311 otium

670 2364 1122 2449 Parthicum,
1178 2358 1346 2429 dein
1390 2352 1734 2428 consectae
1785 2353 2155 2451 pactiones
2208 2349 2821 2449 publicanorum,

674 2490 1049 2578 postremo
1086 2468 1341 2542 seditio
1384 2465 1699 2536 militum
1744 2462 1987 2535 sedata
2031 2461 2121 2532 ab
2164 2463 2401 2559 Appio
2420 2473 2476 2550 ²,
2536 2462 2823 2559 stipen-

674 2589 1027 2681 diumque
1068 2583 1169 2652 eis
1206 2600 1439 2674 usque
1497 2572 1586 2645 ad
1639 2572 1800 2643 idus
1853 2573 2085 2669 quint.
2143 2571 2617 2669 persolutum.
2666 2573 2828 2641 Nos

680 2699 842 2768 Asia
879 2690 1152 2787 accepit
1181 2684 1708 2758 admirabiliter.
1741 2681 2111 2753 Adventus
2137 2696 2385 2752 noster
2416 2682 2698 2751 nemini
2727 2705 2829 2752 ne

680 2808 989 2879 minimo,
1012 2797 1305 2898 quidem
1339 2793 1853 2890 fuitsumptui.
1890 2795 2117 2890 Spero
2152 2816 2353 2862 meos
2389 2816 2649 2863 omnes
2678 2816 2836 2862 ser-

679 2921 830 2989 vire
859 2911 1053 2986 laudi
1083 2931 1288 2980 meae.
1324 2910 1591 2977 Tamen
1629 2927 1892 3000 magno
1931 2905 2189 2973 timore
2222 2921 2382 2972 sum
2421 2930 2437 2972 ε
2473 2901 2596 2973 sed
2629 2901 2833 2973 bene

685 3044 1077 3125 speramus.
1126 3022 1403 3089 Omnes
1436 3016 1577 3109 jam
1612 3013 1840 3083 nostri
1863 3067 1881 3098 ‚
1922 3026 2183 3109 praeter
2219 3010 2538 3083 Tullium
2576 3026 2838 3095 tuum,

687 3144 1064 3208 venerunt.
1102 3131 1272 3200 Erat
1305 3122 1485 3195 mihi
1514 3125 1589 3193 in
1617 3124 1858 3193 animo
1886 3136 2081 3193 recta
2109 3121 2473 3219 proficisci
2499 3121 2593 3193 ad
2623 3147 2845 3193 exer-

689 3251 948 3326 citum,
969 3242 1248 3310 aestivos
1270 3258 1550 3306 menses
1575 3234 1895 3331 reliquos
1914 3236 2020 3305 rei
2041 3233 2329 3304 militari
2354 3232 2549 3321 dare,
2580 3232 2841 3304 hiber-

638 3381 827 3463 ,nos
860 3347 1361 3450 jurisdictioni.
1393 3346 1538 3430 Tu,
1575 3344 1820 3432 velim,
1859 3345 1918 3414 si
1956 3368 2075 3413 me
2101 3340 2327 3414 nihilo
2355 3347 2597 3414 minus
2636 3348 2847 3414 nosti

694 3468 1061 3540 curiosum
1080 3461 1156 3527 in
1185 3452 1588 3552 republica,
1616 3478 1830 3550 quam
1857 3467 1928 3523 te
1947 3506 1962 3535 ,
1993 3452 2260 3524 scribas
2283 3452 2374 3523 ad
2396 3477 2514 3523 me
2548 3457 2852 3538 omnia,

697 3601 860 3677 quae
909 3573 1091 3657 sint,
1135 3587 1294 3664 quae
1338 3563 1582 3636 futura
1627 3564 1789 3635 sint.
1834 3563 2029 3635 Nihil
2069 3561 2245 3632 mihi
2286 3565 2555 3658 gratius
2594 3560 2850 3634 facere

779 3798 822 3830 1.
862 3773 1195 3845 Παρᾶπηγμα.
1234 3771 1361 3829 Alii,
1393 3766 1723 3838 παράγγελμα
1808 3767 1966 3830 lignea
1982 3768 2362 3830 suspensum,in
2375 3780 2476 3830 quo
2490 3768 2721 3815 Atticum
2743 3767 2862 3816 diu

704 3859 944 3911 ἐνιαύσιον.
991 3854 1284 3904 Mandatum
1335 3866 1583 3911 annuum,
1626 3850 1723 3898 hoc
1810 3847 2182 3911 proconsulatus
2211 3847 2463 3896 Ciceronis
2493 3858 2672 3895 notare
2706 3847 2866 3895 vole·

702 3952 801 3995 est,
831 3936 1112 3986 mandatum
1133 3932 1195 3981 de
1212 3948 1377 3981 annuo
1396 3947 1592 3979 munere
1610 3945 1728 3994 pro-
1813 3927 1926 3983 bat,
1963 3943 2027 3975 ne
2072 3927 2167 3975 sibi
2216 3929 2257 3975 is
2310 3928 2438 3975 forte
2474 3926 2602 3974 ultra
2658 3942 2864 3974 annum

703 4016 900 4068 vinciali
920 4031 1022 4062 non
1050 4013 1385 4079 propagando.
1417 4011 1516 4059 Sed
1544 4012 1729 4075 optime
1814 4020 2175 4071 prorogaretur.
2203 4010 2317 4057 Seu.

703 4093 1013 4166 παράπηγμα
1029 4091 1303 4139 emendavit
1326 4089 1625 4138 Tunstallus.
1647 4088 1728 4136 Ci·
1885 4102 1935 4134 2.
1982 4090 2159 4155 Appio.
2200 4088 2294 4139 Cui
2334 4085 2628 4138 succedebat
2653 4089 2874 4138 Cicero.

706 4196 820 4230 cero
848 4168 1085 4237 significat
1112 4168 1441 4216 kalendarium
1471 4170 1525 4215 in
1565 4167 1726 4215 tabula
1814 4166 1971 4216 Con.
