3023 4773
234 457 807 480 mmm·
814 459 873 478 §Q
878 460 1611 482 mmm§”mm
1615 462 1883 482 mmm
1893 462 1920 481 ὓ
1926 462 1981 481 Ἀ
1988 461 2355 481 mmmm

688 653 831 757 M.
888 654 1006 756 T.
1089 653 1900 760 CICERONIS

320 879 2288 1060 EPISTULARUM

903 1183 1061 1262 AD
1121 1186 1683 1267 ATTICUM

656 1416 1111 1522 LIBER
1198 1419 1932 1552 QUARTUS.

956 1821 1531 1903 EPISTOLA
1587 1827 1644 1905 Ι.

234 1991 427 2051 Attico
459 1999 688 2059 narrat,
715 1987 902 2065 qualis
933 1986 1153 2046 reditus
1188 2008 1326 2047 suus
1350 1989 1561 2062 fuerit3
1593 2003 1651 2049 et
1677 1993 1818 2069 quid
1846 2005 2046 2070 postea
2071 1993 2129 2049 i'n
2157 2006 2355 2050 senatu

313 2098 373 2142 et
396 2084 453 2141 in
478 2083 758 2141 concione
782 2096 1008 2155 actum3
1038 2096 1096 2141 et
1124 2085 1323 2161 quoin
1352 2097 1504 2143 statu
1530 2105 1619 2144 res
1640 2107 1757 2145 suae
1782 2089 2173 2159 sint.(Romae‚
2201 2108 2354 2146 anno

312 2184 389 2240 U.
412 2184 478 2239 C.
495 2180 641 2257 696,
667 2200 861 2239 mense
889 2179 1225 2259 decembri.)

908 2374 1219 2471 CICERQ
1258 2374 1572 2440 ATTICO
1611 2376 1675 2441 S.

237 2478 518 2633 Qutm
548 2534 861 2632 primum
882 2537 1185 2604 Romam
1214 2535 1375 2605 veni
1394 2587 1412 2617 ‚
1446 2532 1762 2630 fuitque,
1795 2536 1909 2604 cui
1941 2549 2133 2606 recte
2160 2534 2247 2605 ad
2285 2551 2355 2605 te

228 2639 467 2713 literas
525 2640 770 2714 darem
790 2697 810 2729 ‚
877 2641 1057 2713 nihil
1100 2644 1317 2740 ,prius
1370 2641 1781 2714 faciendum
1834 2644 2012 2714 mihi
2078 2647 2354 2744 putavi,

233 2776 449 2847 quam
483 2766 564 2823 ut
596 2751 725 2824 tibi
754 2750 1034 2825 absenti
1069 2752 1157 2823 de
1184 2752 1424 2824 reditu
1461 2767 1712 2824 nostro
1747 2755 2163 2849 gratularer.
2210 2760 2354 2824 Co·

229 2886 529 2958 gnoram
565 2865 758 2934 enim
794 2867 913 2946 (ut
950 2887 1117 2934 vere
1157 2859 1536 2960 scribam),
1581 2878 1652 2933 te
1695 2864 1770 2931 in
1818 2864 2130 2934 consiliis
2179 2863 2353 2933 mihi

230 2971 484 3044 dandis
534 2996 671 3043 nec
717 2970 1122 3059 fortiorem,
1165 2997 1301 3044 nec
1339 2972 1919 3071 prudentiorem,
1964 2997 2182 3067 quam
2235 2997 2349 3040 me

228 3084 464 3179 ipsum
490 3093 510 3125 ¹
535 3136 554 3169 ,
582 3105 718 3152 nec
753 3083 997 3169 etiam,
1021 3107 1156 3180 pro
1179 3086 1534 3180 praeterita
1565 3106 1725 3153 mea
1759 3085 1836 3152 in
1868 3095 1938 3151 te
1967 3080 2352 3152 observan-

227 3190 357 3278 tia,
391 3192 692 3261 nimium
726 3191 798 3260 in
837 3190 1158 3261 custodia
1188 3192 1430 3263 salutis
1459 3217 1633 3263 meae
1661 3191 2111 3289 diligentem3
2150 3216 2350 3262 eum-

228 3300 539 3399 demque
560 3311 710 3391 te²·‚
740 3301 866 3398 qui
886 3302 1135 3400 primis
1168 3299 1620 3399 temporibus
1648 3304 1911 3373 erroris
1933 3303 2193 3388 nostri,
2227 3316 2359 3372 aut*

258 3558 268 3565 ἒ
303 3496 1057 3563 1.Al.habentquemquam,·m
1070 3498 1241 3567 ipsum,
1328 3496 1541 3555 scilicet,
1576 3513 1677 3561 quo
1728 3513 1847 3562 ego,
1894 3514 2068 3569 errore·
2095 3498 2352 3555 inductus,

226 3588 279 3625 et
302 3576 454 3623 mults
475 3576 566 3625 slis
598 3576 783 3624 diversa
812 3578 863 3625 in
888 3576 985 3624 boe
1008 3586 1114 3624 toto
1136 3593 1241 3624 ver·
1328 3575 1458 3624 idem
1479 3587 1637 3624 tumen
1659 3589 1828 3642 postea
1848 3578 2065 3626 nostrum
2088 3579 2346 3626 discidium

223 3653 399 3702 borum
424 3655 628 3705 ambitu.
655 3658 706 3705 J.
729 3657 796 3705 V.
818 3658 871 3706 L.
1329 3654 1631 3702 acerbissime
1673 3657 1828 3704 serens
1847 3693 1861 3717 ,
1896 3656 1958 3704 sd
1989 3656 2196 3704 reditum
2229 3657 2348 3704 mibi

297 3750 346 3780 2.
370 3734 700 3798 Eumdemque
719 3746 779 3783 ee.
801 3736 900 3797 Qui
916 3750 1017 3782 non
1035 3734 1149 3781 satis
1168 3733 1242 3781 di·
1330 3737 1491 3781 omnia
1525 3746 1605 3783 tun
1625 3736 1783 3783 studit
1818 3736 2082 3785 contulisti.
2114 3739 2256 3787 Mn«.
2280 3765 2348 3774 -—-

222 3811 378 3875 ligens
402 3814 452 3859 in
479 3829 596 3861 meoe
621 3813 788 3861 salutis
814 3814 1034 3862 custodia
1056 3814 1243 3876 fuisses,
1330 3812 1560 3862 Schiitzio
1595 3825 1754 3862 autem
1778 3815 1884 3863 baee
1909 3816 2220 3879 exprobratio
2270 3834 2348 3864 ne·

223 3892 489 3957 primisque
516 3893 840 3958 temporibus,
878 3893 1042 3957 potius
1060 3926 1076 3951 ,
1106 3904 1163 3942 ut
1193 3893 1246 3940 iu
1333 3894 1479 3957 glecti
1500 3894 1561 3941 nb
1577 3895 1740 3942 Attico
1753 3893 1906 3942 officii
1926 3895 2122 3943 molesta
2143 3897 2351 3955 videtur,

223 3970 446 4018 exsilium
471 3970 651 4019 abirem
665 4005 680 4029 ‚
707 3987 850 4037 quam
891 3972 1080 4019 civilem
1121 3971 1246 4019 sedi·
1333 3982 1382 4019 et
1399 3988 1426 4018 a
1440 3972 1652 4035 quodam
1671 3972 1938 4036 glossatore
1953 3975 2183 4037 profecta.
2203 3978 2350 4026 Melit

142 4052 152 4063 ”
223 4051 405 4097 tionem
444 4052 728 4106 excitarem,
768 4051 1051 4099 cohortatus
1089 4067 1247 4107 esses,
1334 4051 1480 4114 igitur
1519 4052 1830 4115 «Cognoram
1854 4055 1982 4101 enim
2007 4064 2052 4101 te
2073 4055 2159 4118 qui
2183 4056 2351 4119 primis

225 4126 363 4190 quod
390 4128 440 4176 id
464 4129 583 4177 mihi
603 4129 802 4178 duceres
813 4141 1058 4193 prante,
1076 4130 1245 4178 codem
1337 4130 1637 4195 temporibus
1654 4168 1669 4194 ,
1686 4143 1780 4181 eto.
1795 4153 1820 4173 ι·
1837 4134 1928 4180 En.
