3023 4773
662 353 748 424 16

1263 356 1378 447 Μ.
1431 357 1509 423 Τ.
1561 357 2155 430 CICERONIS

652 476 844 547 enim
881 497 971 545 ex
1011 473 1264 544 ceteris
1308 474 1850 564 societatibus43
1897 493 1970 549 et
2014 503 2182 549 casu
2222 479 2569 603 permulti
2614 495 2777 552 suut

649 588 725 687 in
756 610 838 657 ea
870 584 1210 654 societate
1245 582 1449 655 valde
1485 583 1664 654 mihi
1692 584 2114 676 familiare5‚
2144 590 2218 658 in
2260 590 2658 691 primisque
2686 592 2775 678 is,

650 696 859 791 cujus
893 694 1338 791 praecipuum
1374 691 1699 765 officium
1735 699 1972 794 agitur
2000 698 2142 768 hoc
2168 711 2520 796 tempore,
2541 704 2613 770 P.
2647 705 2784 770 Ru-

652 806 900 904 pilius,
937 809 1008 875 Ρ.
1042 808 1117 873 F.
1163 801 1406 874 Men.⁵
1445 806 1576 902 qui
1624 820 1735 876 est
1776 811 2116 905 magister
2160 809 2237 880 in
2285 834 2369 881 ea
2421 811 2780 882 societate.

656 918 832 1006 Quae
874 937 1105 1011 quum
1148 915 1245 984 ita
1290 914 1465 1004 sint,
1508 915 1588 984 in
1632 916 1980 1011 majorem
2026 918 2326 992 modum
2369 945 2408 991 a
2453 936 2522 992 te
2564 935 2734 1019 peto
2760 975 2784 1009 ‚

652 1030 785 1097 Cn.
804 1025 1141 1122 Pupium,
1179 1027 1310 1121 qui
1344 1039 1452 1096 est
1490 1027 1566 1095 in
1595 1025 1876 1125 operis⁶
1914 1028 2070 1124 ejus
2110 1032 2507 1118 societatis,
2551 1034 2785 1101 omni-

651 1137 791 1210 bus
829 1139 970 1207 tuis
1010 1132 1266 1205 officiis
1302 1149 1520 1233 atquc
1564 1141 1763 1208 omni
1798 1137 2224 1213 liberalitate
2263 1157 2533 1230 tueare,
2552 1166 2792 1213 cures-

654 1271 841 1347 que,
883 1259 965 1315 ut
1006 1244 1164 1338 ejus
1207 1269 1474 1344 operae,
1505 1247 1701 1345 quod
1732 1248 1866 1319 tibi
1902 1248 2107 1323 facile
2142 1252 2341 1324 factu
2381 1268 2525 1340 est,
2571 1277 2790 1350 quam

651 1359 1063 1456 gratissima!
1093 1358 1237 1425 sint
1263 1359 1504 1461 sociis;
1532 1381 1836 1455 remque
1858 1413 1878 1446 ,
1909 1375 1982 1432 et
2010 1362 2393 1434 utilitatem
2426 1364 2797 1433 sociorum

650 1466 915 1563 (cujus
946 1469 1051 1536 rei
1078 1479 1425 1562 quantam
1460 1481 1894 1564 potestatem
1924 1487 2242 1569 quaestor
2278 1471 2543 1544 habeat
2563 1526 2582 1559 ‚
2641 1495 2826 1573 non!

656 1602 817 1649 sum
851 1579 1226 1672 ignarus),
1261 1600 1393 1674 per
1438 1590 1510 1647 te
1546 1602 1767 1674 quam
1801 1585 2112 1653 maxime
2150 1580 2521 1654 defensam
2554 1595 2627 1653 et
2668 1606 2799 1652 au-

658 1702 844 1759 ctam
880 1684 1075 1757 velis.
1140 1682 1224 1755 ld
1266 1709 1498 1782 quum
1539 1688 1721 1758 mihi
1768 1695 2251 1787 gratissimum
2299 1690 2587 1777 feceris,
2639 1706 2801 1762 tum

659 1796 841 1868 illud
890 1793 1024 1867 tibi
1083 1809 1425 1902 expertus
1481 1802 1834 1893 promitto
1893 1815 1965 1871 et
2015 1801 2380 1900 spondeO,
2438 1815 2509 1872 te
2565 1804 2804 1873 socios

662 1906 1049 2003 Bithynice,
1085 1909 1145 1976 si
1180 1909 1265 1978 iis
1299 1908 1819 2000 commodariS‚
1855 1936 2216 1988 memores
2261 1936 2414 1984 esse
2449 1927 2524 1983 et
2558 1926 2805 2009 gratos

664 2017 1148 2114 cogniturum.

667 2203 896 2252 ordinat:
918 2217 1066 2265 «quae
1090 2201 1299 2249 societas
1321 2212 1371 2249 et
1392 2201 1565 2250 ordine
1583 2203 1693 2267 ipso

668 2295 720 2331 et
733 2282 989 2330 hominum
1008 2295 1184 2343 genere
1203 2280 1358 2344 prima
1380 2291 1454 2328 est
1472 2291 1522 2329 et
1540 2283 1696 2328 maxi·

667 2378 744 2410 ma
758 2359 1003 2426 (societas)
1026 2360 1233 2408 civitatis
1259 2358 1466 2424 (nostr-ce
1494 2376 1578 2409 seu
1605 2362 1698 2409 Ilo—

668 2439 851 2503 mcmae)
870 2462 912 2489 -.
938 2442 1010 2487 Ita
1037 2450 1095 2486 ut
1121 2436 1366 2501 significet
1389 2438 1701 2504 Bithynicam

670 2520 951 2567 societatem
975 2528 1026 2565 et
1053 2516 1225 2564 ordine
1257 2516 1369 2580 ipso
1406 2517 1613 2579 primam
1651 2529 1702 2565 et

671 2598 927 2646 hominum
946 2611 1119 2660 genere
1140 2596 1399 2653 maximam
1419 2610 1545 2654 esse3
1559 2597 1703 2660 quip-

672 2694 736 2742 pe
763 2678 815 2724 in
841 2691 937 2739 qua
972 2685 1023 2723 et
1056 2674 1299 2721 maximus
1327 2674 1574 2722 sociorum
1604 2691 1694 2721 nu·

677 2771 839 2804 merus
854 2788 870 2814 ‚
908 2765 957 2802 et
981 2753 1215 2816 dignitate
1243 2754 1523 2819 principum
1546 2764 1699 2801 esset:

674 2834 813 2899 quod
829 2833 1080 2897 sequentia
1097 2831 1244 2880 verba
1262 2831 1570 2881 confirmant.
1585 2833 1701 2896 Legi

674 2916 827 2964 etiam,
862 2923 1030 2976 posset
1093 2933 1118 2952 α
1135 2922 1185 2959 et
1225 2912 1478 2960 hominnm
1522 2927 1696 2977 genere

675 3008 876 3057 prorsus
901 3001 973 3039 est
991 2992 1200 3038 maxima
1224 2993 1494 3050 civitatis»,
1524 2993 1698 3040 eodem

674 3088 845 3129 seusu;
882 3087 939 3118 ac
968 3070 1110 3118 facile
1139 3086 1231 3134 pro
1249 3071 1481 3119 adverbio
1496 3086 1698 3135 prorsus

679 3151 840 3215 potuit
866 3166 990 3214 pars
1032 3166 1059 3198 a
1103 3150 1311 3198 librariis
1362 3150 1607 3198 substitui.
1644 3154 1701 3198 In

678 3231 896 3278 oratione
918 3245 1012 3293 pro
1032 3229 1257 3285 Plancio,
1299 3244 1408 3291 cap.
1435 3230 1517 3286 13,
1562 3229 1704 3278 Plan·

681 3309 785 3356 cius
811 3308 993 3356 dicitur
1030 3329 1055 3351 σ
1072 3307 1391 3355 maximarum
1417 3310 1706 3356 societatum

682 3397 869 3446 auctor,
902 3388 1220 3452 plurimarum
1261 3387 1487 3451 magister
1503 3408 1548 3436 a.
1588 3389 1705 3449 Quo

1783 2222 1845 2253 ex
1895 2206 2010 2256 loco
2057 2218 2192 2272 patet
2212 2244 2226 2268 ,
2272 2208 2388 2257 alias
2430 2208 2812 2273 publicanorum

1785 2287 2044 2335 societates
2104 2289 2311 2350 majores
2329 2322 2345 2349 ,
2402 2290 2522 2338 alias
2596 2291 2818 2339 minores

1786 2365 1946 2414 fuisse.
1966 2368 2058 2417 En.

1861 2444 1912 2493 4.
1948 2439 2033 2483 Ea:
2074 2437 2244 2487 ceteris
2285 2440 2607 2489 societatibus.
2644 2441 2821 2502 Quum

1789 2525 1947 2563 essent
1963 2516 2131 2566 multae
2147 2518 2520 2581 publicanorum
2535 2521 2825 2579 societates,

1788 2612 1852 2643 ex
1870 2595 2096 2643 omnibus
2109 2596 2366 2661 Bithynica
2382 2600 2651 2648 constabat.
2667 2601 2825 2649 Mur.

1821 2683 1822 2686 ’
1862 2675 1910 2722 5.
1933 2676 2064 2724 Men.
2083 2676 2227 2725 Cives
2249 2679 2434 2724 romani
2452 2693 2479 2725 a
2500 2677 2629 2725 tribu
2649 2690 2828 2726 osten-

1791 2752 1842 2800 di
1869 2752 2019 2810 soliti,
2044 2770 2154 2817 quae
2179 2754 2375 2818 quidem
2409 2755 2565 2803 tribus
2598 2756 2831 2820 plerum—

1789 2847 1886 2894 que
1909 2833 1962 2880 in
1997 2834 2212 2897 antiquis
2250 2844 2299 2881 et
2329 2833 2574 2897 lapidibus
2601 2845 2649 2882 et
2672 2835 2834 2884 libris

1788 2911 1943 2975 prima
1970 2921 2159 2960 tantum
2186 2912 2371 2976 syllaba
2398 2914 2576 2977 scripta
2612 2912 2831 2977 legitur.

1788 2987 1919 3038 Hinc
1954 2992 2085 3038 Men.
2118 3003 2191 3039 est
2221 2993 2445 3041 Menenia
2490 2992 2660 3039 tribus.
2688 2994 2837 3042 vide

1785 3068 2002 3120 lib.vl11
2017 3104 2034 3130 ,
2061 3070 2202 3134 epist.
2225 3072 2272 3118 8.
2287 3072 2648 3120 Gaiam—Hoc
2666 3071 2838 3136 plane

1791 3150 2036 3214 ignorasse
2062 3149 2257 3199 Prevost
2282 3152 2316 3199 J
2321 3185 2333 3197 .
2352 3151 2414 3198 V.
2436 3151 2494 3197 L.
2524 3149 2752 3200 adnotat.

1865 3229 1915 3275 6.
1942 3231 2001 3275 In
2038 3231 2210 3293 operis.
2241 3231 2352 3277 Hoc
2377 3241 2450 3276 est
2466 3262 2481 3287 ,
2519 3230 2649 3276 inter
2674 3232 2841 3279 mini-

1793 3319 1919 3355 stros
1945 3309 2192 3355 societatis
2210 3341 2225 3366 ,
2245 3310 2330 3371 qui
2353 3310 2457 3368 ejus
2477 3326 2550 3356 res
2568 3309 2842 3371 gerebant.

1798 3389 1993 3451 Operm,
2024 3388 2230 3436 ministri
2250 3389 2547 3436 mercenarii.
2561 3390 2800 3439 Cremu.
