3023 4773
696 416 843 501 614
1330 416 1425 483 M.
1478 416 1556 481 T.
1611 411 2198 484 CICERONIS
2615 477 2642 490 -

699 537 942 608 altera.
989 537 1170 607 Mira
1218 549 1426 605 erant
1473 537 1548 604 in
1604 531 2003 604 civitatibus
2038 535 2363 631 ipsorum
2408 533 2602 607 furta
2643 541 2836 609 Grae·

699 671 953 720 corum
974 700 994 733 ‚
1032 669 1194 742 quae
1227 645 1683 740 magistratus
1708 645 1819 714 sui
1846 640 2184 713 fecerant.
2216 645 2525 732 Quaesivi
2552 646 2716 743 ipse
2747 647 2833 719 de

698 759 818 845 iis,
857 760 983 854 qui
1023 759 1230 826 annis
1265 754 1513 826 decem
1548 754 1892 853 proximis
1918 754 2408 850 magistratum
2436 774 2830 850 gesserant.

700 872 965 966 Aperte
1003 866 1435 939 fatebantur.
1481 871 1770 960 Itaque,
1810 863 1968 934 sine
2010 864 2153 934 ulla
2201 865 2648 959 ignominia,
2691 868 2833 937 suis

700 977 1021 1049 humeris
1066 979 1406 1074 pecunias
1451 973 1741 1072 populis
1784 972 2212 1044 retulerunt.
2257 975 2515 1071 Populi
2551 988 2832 1058 autem,

697 1087 903 1158 nullo
929 1088 1238 1184 gemitu,
1267 1084 1704 1182 publicanis,
1738 1082 2007 1179 quibus
2044 1083 2183 1154 hoc
2211 1086 2368 1181 ipso
2396 1084 2630 1156 lustro
2657 1087 2832 1157 nihil

698 1197 1059 1268 solverant
1082 1250 1101 1283 ‚
1141 1198 1355 1266 etiam
1394 1194 1790 1292 superioris
1827 1193 2033 1264 lustri
2057 1191 2550 1264 reddiderunt.
2579 1198 2832 1293 Itaque

698 1304 1102 1404 publicanis
1165 1307 1236 1374 in
1293 1304 1524 1375 oculis
1579 1328 1844 1375 sumus.
1907 1306 2249 1389 Gratis¹9,
2310 1304 2598 1399 inquis,
2650 1309 2833 1377 viris.

608 1425 613 1430 ’
693 1418 1080 1486 Sensimus.
1138 1420 1290 1485 Jam
1352 1429 1592 1486 cetera
1636 1412 2040 1507 jurisdictio
2089 1436 2224 1482 nec
2270 1416 2714 1511 imperitaw,
2765 1431 2836 1487 et

693 1526 1012 1597 clemens
1058 1550 1226 1597 cum
1272 1523 1675 1596 admirabili
1728 1522 2082 1593 facilitate.
2142 1522 2398 1595 Aditus
2443 1540 2692 1595 autem
2747 1525 2834 1596 ad

694 1659 813 1708 me
863 1637 1165 1706 minime
1218 1633 1799 1733 provincialesv.
1860 1632 2055 1704 Nihil
2103 1656 2236 1730 per
2279 1633 2833 1706 cubicularium.

649 1799 661 1810 .
696 1749 883 1817 Ante
920 1745 1153 1817 lucem
1205 1741 1740 1814 inambulabam
1779 1741 2010 1831 domi,
2051 1759 2131 1814 ut
2169 1744 2340 1814 olim
2379 1744 2834 1818 candidatus.

694 1859 914 1927 Grata
952 1856 1103 1926 hoec
1139 1870 1212 1926 et
1256 1878 1554 1951 magna,
1605 1851 1932 1950 mihique
1973 1852 2300 1924 nondum
2342 1853 2711 1926 laboriosa
2754 1882 2837 1928 ex

694 1967 812 2038 illa
842 1981 1083 2037 vetere
1111 1965 1363 2034 militia
1383 1975 1476 2034 ²².
1500 1965 1731 2036 Nonis
1757 1964 1920 2033 mai.
1952 1968 2024 2033 in
2049 1964 2369 2036 Ciliciam
2389 1965 2837 2062 cogitabam;

692 2075 793 2146 ibi
813 2101 1041 2173 quum
1058 2075 1350 2169 junium
1389 2098 1715 2146 mensem
1753 2078 2366 2172 consumpsissem
2391 2091 2660 2172 ,atque
2695 2082 2835 2148 uti·

690 2211 859 2257 nam
896 2188 971 2256 in
1012 2210 1185 2284 pace
1226 2187 1607 2283 (magnum
1652 2188 1843 2255 enim
1877 2183 2148 2256 bellum
2192 2184 2570 2282 impendet
2598 2212 2640 2256 a
2669 2190 2836 2257 Par·

690 2296 910 2395 this)!
948 2298 1333 2395 quintilem
1378 2298 1454 2393 in
1494 2297 1731 2366 reditu
1771 2318 2066 2393 ponere.
2111 2300 2388 2365 Annuae
2424 2299 2622 2365 enim
2656 2297 2837 2368 mihi

690 2433 930 2507 operae
956 2434 1017 2480 a.
1051 2409 1119 2480 d.
1157 2435 1235 2479 111
1265 2408 1549 2480 kalend.
1583 2432 1728 2479 sex.
1762 2403 2277 2476 emerentur-²³.
2302 2410 2564 2503 Magna
2590 2424 2833 2478 autem

596 2514 604 2523 ’
687 2524 763 2592 in
802 2547 931 2620 spe
969 2547 1168 2609 sum,
1211 2521 1391 2591 mihi
1428 2521 1607 2591 nihil
1651 2522 1998 2615 temporis
2036 2534 2507 2617 prorogatum
2542 2521 2656 2590 iri.
2693 2526 2833 2591 Ha-

686 2631 952 2704 bebam
995 2648 1147 2703 acta
1186 2631 1463 2703 urbana
1486 2655 1723 2728 nsque
1752 2630 1841 2700 ad
1873 2654 2104 2700 nonas
2139 2631 2457 2716 martias;
2490 2655 2531 2701 e
2562 2631 2834 2728 quibus

686 2739 1215 2838 intelligebam,
1255 2743 1594 2812 Curionis
1637 2742 1863 2811 nostri
1904 2741 2306 2811 constantia
2323 2743 2388 2791 ²⁴
2427 2744 2678 2811 omnia
2705 2767 2834 2840 po-

681 2855 827 2923 tius
870 2865 1109 2923 actum
1146 2853 1272 2939 iri,
1320 2876 1541 2949 quam
1594 2852 1682 2922 de
1731 2849 2141 2949 provinciis.
2178 2854 2404 2947 Erg0,
2443 2866 2528 2921 ut
2570 2875 2829 2950 spero,

682 2962 1114 3061 propediem
1156 2978 1227 3035 te
1265 2959 1554 3035 videbo.

776 3073 1012 3143 Venio
1065 3072 1154 3143 ad
1200 3078 1503 3161 Brutum
1557 3085 1807 3155 tuum,
1848 3074 1997 3140 imo
2042 3085 2371 3141 nostrum
2413 3097 2430 3140 ε
2480 3074 2585 3141 sic
2631 3075 2829 3143 enim

680 3185 927 3253 mavis.
980 3182 1335 3278 Equidem
1373 3183 1618 3251 omnia
1662 3179 1838 3267 feci,
1890 3204 2051 3276 quae
2103 3181 2309 3277 potui
2359 3194 2488 3251 aut
2537 3181 2614 3252 in
2665 3208 2828 3253 mea

756 3377 833 3425 ¹9·
865 3359 1036 3407 Gratis
1053 3394 1068 3417 ,
1099 3359 1288 3423 inquis,
1305 3358 1449 3408 viris.
1476 3363 1516 3407 1.
1536 3376 1578 3408 e.
1596 3375 1702 3423 spe-
1865 3380 1949 3431 aa.
1986 3367 2074 3413 Ex'
2098 3366 2185 3413 illa
2211 3378 2378 3414 vetere
2404 3366 2599 3414 milicia.
2633 3369 2705 3417 Ex
2733 3369 2825 3416 illo

676 3456 734 3488 ro
753 3440 1044 3505 publicanos
1062 3439 1152 3487 tibi
1171 3439 1344 3502 gratias
1357 3438 1578 3489 retulisse
1592 3473 1607 3498 ,
1629 3439 1704 3486 id·
1790 3454 2011 3508 tempore
2029 3478 2044 3502 ‚
2068 3460 2219 3508 quum
2243 3461 2319 3494 me
2345 3446 2630 3494 ambitionis
2674 3464 2824 3495 oeen-

673 3536 772 3582 (με
784 3521 958 3569 Cicero
994 3535 1145 3583 quum
1173 3518 1310 3567 addit
1337 3518 1605 3580 Sensimus,
1634 3519 1702 3567 ait
1789 3525 1927 3586 patio
1945 3557 1960 3582 ,
1977 3535 2027 3572 et
2051 3524 2312 3572 sorensium
2342 3541 2503 3573 rerum
2529 3524 2672 3574 labor
2694 3543 2827 3575 exer-

673 3613 726 3646 se
751 3611 1009 3664 expertum
1032 3616 1153 3647 esse.
1181 3601 1273 3647 En.
1789 3601 1949 3650 oebnt.
1974 3605 2065 3651 En.

745 3694 829 3727 πο.
844 3680 1035 3727 Falsum
1051 3679 1166 3738 hoe,
1187 3678 1354 3727 multis
1365 3677 1702 3751 judicantibus
1862 3687 1944 3734 23.
1965 3685 2268 3731 Emereneur.
2286 3685 2396 3731 Hoc
2414 3694 2514 3741 est,
2536 3685 2771 3749 expleam
2780 3702 2819 3732 r.

670 3756 831 3806 doctis
858 3760 999 3820 viris,
1045 3759 1401 3822 legendumque
1439 3757 1992 3822 impedita.1nferius
2016 3762 2160 3825 epist.
2192 3763 2222 3808 5
2252 3761 2394 3822 hujus
2415 3762 2556 3821 libri,
2586 3786 2611 3804 ι-
2629 3779 2818 3811 annum

669 3836 719 3883 J.
744 3837 808 3884 V.
831 3840 890 3886 1..
1782 3852 1973 3906 tempm
2090 3857 2151 3904 pe
2184 3842 2282 3901 jam
2311 3842 2567 3889 emeritum
2592 3842 2813 3891 habeba-

742 3927 827 3961 21.
854 3915 1199 3965 vainciales.
1231 3914 1491 3976 Difficiles,
1533 3915 1692 3979 quali·
1782 3937 1887 3968 mn·
1900 3942 1941 3966 ιο.
2015 3936 2184 3968 num.

668 3990 760 4039 bun
774 3992 848 4039 uti
865 3993 1024 4042 solent
1039 3995 1147 4052 alii,
1171 3997 1259 4059 qni
1280 3997 1547 4061 provinciis
1561 4013 1691 4061 prae·
1855 4009 1941 4056 αι,
1962 3998 2181 4048 Curionis
2219 4001 2374 4048 nostri
2402 4002 2706 4049 constancia.
2732 4004 2814 4048 In·

663 4082 795 4119 sunt.
828 4072 989 4121 Coun.
1017 4075 1228 4123 —Vide
1257 4078 1399 4141 epist.
1428 4095 1448 4126 x
1472 4113 1488 4138 ,
1522 4078 1609 4127 lib.
1635 4076 1691 4138 1,
1778 4079 2085 4128 temulentis.
2106 4079 2232 4127 vide
2260 4081 2400 4145 epist.
2432 4082 2522 4141 13,
2551 4080 2815 4137 lih.v111,

656 4150 719 4199 ad
739 4151 982 4215 Quintum
1000 4154 1228 4200 Fratrem.
1773 4158 1837 4206 ad
1863 4160 1978 4208 niv.
2005 4155 2168 4210 Coun.
2809 4154 2814 4157 ’
