3023 4773
487 357 624 431 332
1125 363 1221 430 M.
1274 361 1351 427 T.
1404 359 1977 428 CICERONIS

483 481 916 578 designatus.
959 481 1155 571 Quin
1190 494 1343 551 erat
1379 478 1704 559 dicturus
1731 478 1865 573 (ad
1897 502 2115 575 quem
2146 494 2446 576 propter
2478 479 2622 552 diei

484 595 905 666 brevitatem
935 609 1362 691 perventum
1391 618 1539 662 non
1572 592 1719 688 est)
1746 593 1961 673 heros
1987 592 2109 663 ille
2137 607 2386 665 noster
2412 598 2616 666 Cato,

482 710 597 780 Sic
652 733 785 805 ego
844 732 1275 780 conservans
1334 711 1690 780 rationem
1747 708 2425 804 institutionemque
2492 734 2623 779 no-

481 836 741 908 stram,
790 837 1030 908 tueor,
1061 837 1142 892 ut
1168 845 1461 918 possum
1484 815 1740 909 ,illam
1768 846 1809 891 a
1840 846 1955 892 me
1986 821 2619 916 conglutinatam¹⁵

485 932 946 1004 concordiam
980 960 995 1002 :
1038 931 1162 1003 sed
1207 946 1487 1017 tamen,
1525 934 1874 1028 quoniam
1913 932 2046 1002 ista
2088 946 2260 1003 sunt
2302 918 2618 1015 infirma,

481 1046 807 1113 munitur
858 1040 1185 1139 quaedam
1240 1039 1450 1113 nobis
1496 1040 1587 1112 ad
1642 1041 2057 1113 retinendas
2109 1065 2286 1137 opes
2337 1056 2616 1112 nostras

483 1167 675 1239 tuta,
724 1166 803 1222 ut
842 1176 1096 1249 spero,
1147 1152 1288 1236 via,
1337 1176 1558 1248 quam
1606 1151 1739 1225 tibi
1788 1152 2013 1223 literis
2057 1154 2224 1222 satis
2261 1151 2618 1247 explicare

487 1287 635 1334 non
696 1286 1037 1360 possum3
1087 1261 1608 1357 significatione
1660 1286 1881 1360 parva
1931 1261 2307 1333 ostendam
2352 1275 2617 1332 tamen.

483 1378 668 1443 Utor
716 1373 1061 1469 Pompeio
1120 1370 1686 1443 familiarissime.
1746 1372 1980 1444 Video
2008 1426 2028 1459 ‚
2081 1370 2259 1468 quid
2313 1370 2509 1442 dicas
2531 1369 2615 1438 ⁸⁶.

484 1481 808 1571 Caveb0,
850 1507 1012 1580 quae
1042 1498 1213 1554 sunt
1239 1483 1594 1570 cavenda3
1622 1507 1704 1553 ac
1732 1480 2041 1554 scribam
2080 1482 2251 1555 alias
2288 1479 2379 1551 ad
2416 1495 2487 1555 te
2528 1479 2617 1551 de
2712 1483 2716 1485 ⁴

487 1593 666 1661 meis
694 1592 1006 1663 consiliis
1033 1590 1483 1689 capessendae
1519 1591 1929 1692 reipublicae
1962 1592 2190 1689 plura.

579 1703 966 1777 Lucceium
993 1703 1174 1773 scito
1205 1702 1657 1773 consulatum
1690 1700 1960 1773 habere
1993 1705 2070 1771 iu
2096 1704 2341 1771 animo
2379 1704 2617 1771 statim

484 1825 755 1908 petere.
794 1816 960 1883 Duo
997 1814 1191 1884 enim
1228 1813 1365 1885 soli
1385 1824 1440 1867 ¹⁷
1472 1812 1817 1884 dicuutur
1843 1811 2160 1910 petituri.
2193 1815 2424 1882 Coesar
2450 1835 2615 1883 cum

483 2018 733 2078 concidit3
759 2035 820 2067 ex
846 2019 938 2066 hac
963 2020 1175 2081 primum
1198 2017 1360 2067 radic·
1386 2034 1501 2073 etna-

485 2110 589 2146 tum
607 2097 750 2145 civile
768 2097 949 2147 bellum
969 2098 1180 2147 videtur.
1191 2101 1355 2161 Quum
1373 2098 1502 2144 enim

482 2177 599 2224 urbs
633 2181 789 2226 Roma
824 2194 885 2225 ex
922 2176 1079 2225 tribus
1115 2176 1402 2236 ordinibus,
1428 2192 1505 2224 se·

483 2267 629 2316 natu,
657 2257 929 2319 equitibus,
957 2267 1006 2305 et
1039 2256 1186 2320 plebe
1216 2265 1459 2311 constant
1487 2270 1501 2303 :

484 2334 677 2383 duobus
691 2335 947 2383 ordinibus
957 2335 1227 2383 libertatem
1237 2333 1504 2393 tuentibus,

482 2415 607 2463 nulli
648 2432 878 2479 nmquam
913 2416 1141 2481 improbo
1163 2415 1259 2463 civi
1285 2416 1400 2464 satis
1422 2414 1505 2463 fir·

483 2511 576 2544 mae
601 2495 728 2542 vires
753 2495 815 2550 ad
844 2494 1216 2559 opprimendum
1244 2494 1502 2558 rempubli-

483 2591 588 2634 cam
605 2575 828 2623 fuissent.
849 2577 1020 2637 Itaque
1039 2575 1091 2622 in
1114 2575 1337 2628 oratione
1359 2575 1430 2624 IV
1450 2575 1502 2620 in

483 2653 737 2703 catilinam
756 2688 771 2712 ,
791 2676 816 2694 α
834 2654 973 2700 Hanc
989 2688 1004 2710 ,
1024 2655 1183 2717 inquit
1196 2688 1210 2712 ,
1229 2670 1342 2700 cum
1364 2654 1501 2717 equi·

483 2732 614 2780 tibus
649 2733 861 2779 romanis
901 2733 1297 2794 coniunctionem
1330 2733 1370 2780 si
1397 2748 1504 2797 pei»

479 2824 676 2876 petuam
696 2814 747 2859 iu
766 2812 1014 2876 republica
1033 2814 1349 2873 tenuerimus3
1375 2829 1499 2861 con·

480 2891 626 2940 firmo
650 2893 789 2940 vobis
812 2927 827 2952 ,
853 2904 965 2955 post
990 2893 1096 2940 haec
1120 2891 1298 2940 malum
1332 2892 1499 2952 civile,

484 2986 542 3017 uc
570 2970 889 3019 domesticum
910 2969 973 3017 nd
1004 2971 1187 3019 nullam
1222 2970 1500 3035 reipublicae

479 3065 583 3097 esse
607 3061 868 3100 venturum
895 3061 1078 3114 purtem
1096 3073 1139 3101 ··.
1164 3054 1271 3100 Hoc
1293 3051 1369 3096 vir
1389 3065 1500 3113 pru-

481 3126 788 3178 dentissimus
807 3146 913 3179 non
933 3129 1058 3177 vidit
1071 3132 1219 3179 Cato:
1235 3130 1319 3193 qui
1335 3127 1500 3175 animo

483 3210 704 3273 optimo,
742 3222 792 3259 et
830 3225 1015 3257 summa
1047 3207 1145 3257 fide
1180 3218 1348 3264 utens,
1382 3205 1498 3253 dum

481 3291 702 3337 aerarinm
739 3290 881 3338 nimis
911 3287 1221 3352 pertinaciter
1250 3284 1497 3344 defendit,

482 3369 667 3431 equites
692 3385 720 3416 a
748 3379 917 3415 senatu
949 3365 1194 3414 alienavit.
1232 3366 1335 3423 Ita,
1377 3363 1501 3413 duo-

482 3463 590 3494 rum
644 3448 873 3498 ordinum
921 3446 1163 3507 disjuncta
1206 3445 1499 3503 concordia,

483 3541 703 3574 eversum
739 3538 813 3574 est
840 3525 975 3590 quod
1009 3536 1112 3573 erat
1140 3540 1380 3572 summum
1409 3525 1501 3572 rei-

478 3604 692 3669 publicae
716 3603 1090 3653 firmamentum.
1111 3606 1177 3652 At
1199 3604 1362 3662 Cesar
1375 3637 1391 3659 ,
1415 3604 1499 3667 qni

479 3684 786 3750 tyrannidem
818 3697 1085 3749 spectaret,
1113 3685 1255 3733 avide
1282 3685 1496 3733 occasio-

477 3764 659 3810 nemin
682 3765 933 3814 consulatu
952 3764 1233 3829 amplexus,
1254 3766 1495 3828 equitum,

480 3841 566 3905 qni
583 3857 610 3888 ι
634 3852 800 3888 senatu
828 3844 949 3892 nihil
971 3844 1131 3892 adbuc
1153 3843 1497 3909 impetrabant,

477 3936 670 3969 causam
695 3923 909 3985 suscepit
928 3956 943 3981 ,
971 3924 1259 3987 effecitque,
1277 3934 1334 3979 ut
1354 3923 1492 3970 tertia

475 4000 656 4048 debitae
683 4001 901 4064 pecuniae
921 4013 1054 4066 parte
1076 4002 1495 4051 senatusconsulto

479 4079 783 4140 levarentur,
810 4096 911 4145 quo
947 4082 1072 4128 sacto
1109 4092 1380 4144 equestrem
1417 4097 1494 4127 or·

1595 2016 1757 2065 dinem
1775 2017 1869 2068 sibi
1885 2016 2117 2090 'adjunxit
2136 2016 2155 2079 (
2175 2027 2226 2064 et
2240 2019 2338 2077 jum
2364 2028 2503 2065 antes
2522 2015 2619 2081 ple-

1592 2097 1703 2145 bem
1723 2096 1973 2162 tenebat),
1987 2096 2119 2144 unde
2137 2095 2404 2144 imminuta!
2422 2107 2619 2143 senatus

1592 2193 1711 2241 opes
1734 2212 1749 2237 ,
1785 2188 1833 2225 et
1866 2193 1943 2224 res
1983 2175 2145 2224 omnis
2184 2176 2381 2240 publica
2418 2175 2481 2222 sd
2520 2186 2618 2222 tues

1592 2256 1723 2305 viros
1734 2292 1749 2315 ,
1766 2257 2019 2313 euntem,
2037 2255 2326 2319 Pompeium
2338 2289 2353 2315 ,
2368 2256 2618 2307 Crassum-

1591 2352 1686 2400 que
1706 2336 1949 2384 translntn.
1964 2335 2062 2382 Ubi
2080 2345 2211 2395 sunt,
2230 2335 2333 2398 qui,
2346 2351 2499 2399 quum
2518 2326 2627 2383 eio-⁴

1595 2416 1841 2480 quentiam
1886 2416 1939 2463 iu
1972 2415 2209 2464 Cicerone
2247 2413 2535 2470 iuudsruut,
2565 2426 2618 2462 ut

1592 2495 1983 2559 imprudentem,
2024 2506 2172 2558 atque
2216 2493 2361 2543 etiam
2379 2530 2394 2552 ‚
2441 2495 2499 2546 si
2527 2495 2621 2542 diis

1591 2574 1784 2639 placet,
1812 2587 1865 2623 ut
1890 2576 2216 2639 perniciosum
2256 2575 2427 2638 patrie
2461 2575 2639 2623 civem'

1591 2654 1896 2702 insimulant?
1904 2653 2090 2701 scilicet
2106 2670 2180 2714 ea,
2194 2670 2305 2717 quae
2317 2663 2616 2716 consequuta

1590 2743 1734 2790 sunt,
1764 2749 1867 2782 non
1892 2733 2020 2781 vidit
2048 2747 2061 2780 ε
2083 2733 2185 2780 imo
2210 2749 2356 2790 vero,
2384 2744 2433 2781 et
2461 2733 2587 2781 vidit
2604 2770 2619 2789 ,

1590 2823 1641 2859 et
1658 2848 1674 2872 ,
1730 2829 1792 2860 ne
1840 2811 2115 2861 acciderent
2135 2848 2150 2872 ,
2193 2814 2340 2861 etism
2384 2811 2615 2876 providit.

1589 2893 1733 2939 Mur.
1756 2918 1822 2926 —
1843 2894 1967 2958 Ego.
1987 2895 2178 2942 Ernest.
2197 2892 2459 2953 conjicieb.
2484 2909 2614 2957 ergo.

1589 2973 1638 3018 J.
1655 2971 1717 3018 V.
1747 2973 1801 3018 1..

1666 3053 1751 3099 15.
1776 3051 2195 3116 Gxnfflutineuam.
2212 3053 2403 3117 Nempe
2426 3052 2477 3098 in
2497 3066 2616 3099 con·

1590 3130 1751 3177 sulatn
1777 3147 1908 3179 meo.
1931 3132 2021 3178 En.

1668 3207 1744 3257 16.
1764 3212 1811 3254 V
1808 3208 1935 3266 ideo,
1957 3210 2081 3274 qm‘d
2094 3211 2250 3259 dicas.
2276 3209 2426 3266 Dicis,
2441 3224 2605 3256 caven-

1590 3286 1706 3336 dum
1733 3288 1853 3336 mihi
1894 3305 1999 3337 esse
2017 3322 2034 3349 ,
2059 3306 2123 3337 ne
2146 3290 2367 3354 Pompeii
2387 3302 2526 3342 causa
2548 3286 2608 3333 ds

1588 3368 1818 3416 instituto
1856 3369 2104 3416 actionum
2142 3369 2434 3432 optimarum
2462 3381 2609 3414 cursu

1590 3446 1855 3494 deflectam.
1871 3447 1966 3495 Sed
1994 3447 2098 3496 noli
2124 3447 2345 3504 laborare
2370 3442 2608 3504 secubo,

1589 3541 1700 3588 qnae
1737 3535 1851 3574 sunt
1887 3526 2120 3574 cavenda.
2156 3531 2301 3578 Mu«.
2322 3553 2390 3563 —-
2426 3526 2611 3574 Caven-

1589 3605 1704 3653 dum
1728 3621 1829 3653 esse
1853 3604 1915 3651 ab
1942 3621 2003 3653 eo
2021 3639 2035 3665 ,
2067 3606 2153 3669 qui
2189 3605 2430 3654 invideat.
2451 3604 2611 3658 Coun.

1666 3701 1685 3731 1
1699 3701 1743 3744 7.
1766 3685 1877 3732 Duo
1896 3683 2024 3736 enim
2050 3684 2158 3732 soli.
2184 3686 2334 3734 Ratio
2351 3719 2368 3742 ‚
2390 3701 2480 3736 cm·
2494 3686 2616 3732 Luc·

1586 3764 1717 3810 ceius
1735 3796 1751 3821 ,
1777 3779 1927 3826 quum
1954 3763 2151 3811 differre
2180 3763 2466 3811 consulatus
2494 3764 2616 3827 peti·

1586 3842 1771 3889 tionem
1806 3852 1946 3889 antea
1982 3842 2273 3904 cogitasset,
2299 3853 2501 3906 postea,
2521 3853 2617 3889 sta-

1589 3922 1672 3969 tim
1711 3931 1901 3984 petere‚
1943 3921 2159 3967 animum
2199 3919 2418 3974 induxit.
2449 3921 2576 3967 Nam
2603 3955 2616 3972 ,

1586 4016 1735 4063 quum
1781 4000 1904 4048 duos
1934 3999 2083 4046 modo
2121 3999 2216 4046 sibi
2246 4001 2354 4047 fore
2384 4000 2616 4063 competi-

1588 4091 1717 4128 tores
1745 4079 1930 4132 videret
1951 4113 1965 4138 ,
1993 4080 2068 4128 M.
2107 4078 2427 4142 Calpurnium
2469 4077 2615 4126 Bibu-
