3023 4773
641 421 776 501 402
1284 416 1378 481 Μ.
1429 415 1505 481 Τ.
1561 414 2113 483 CICERONIS

637 537 975 619 deducta,
1020 559 1181 633 spes
1222 548 1303 603 ut
1339 533 1535 604 nulla
1581 536 1708 620 sit,
1751 532 2142 629 aliquando
2175 555 2325 603 non
2357 532 2584 605 modo
2613 538 2760 633 pri·

640 661 871 734 vatos,
908 668 1155 716 verum
1197 647 1409 714 etiam
1454 645 1904 738 magistratus
1942 641 2210 714 liberos
2252 640 2430 714 fore.
2477 649 2624 716 Hac
2664 661 2763 717 ta-

638 780 806 826 men
856 761 932 824 in
977 755 1482 852 oppressione,
1535 776 1807 839 serm0‚
1849 754 1926 822 in
1969 752 2253 823 circulis
2297 750 2645 823 duntaxat
2690 769 2763 825 et

641 866 1011 952 conviviis,
1038 877 1146 933 est
1174 860 1499 947 liberior,
1525 886 1742 957 quam
1761 860 1918 933 fuit.
1941 865 2247 933 Vincere
2276 864 2528 960 incipit
2555 865 2763 935 timo-

638 999 787 1045 rem
833 974 1083 1060 dolor,
1124 970 1248 1043 sed
1294 974 1423 1055 ita,
1480 986 1562 1040 ut
1599 976 1841 1041 omnia
1880 973 2024 1042 sint
2056 972 2467 1068 plenissima
2501 970 2759 1069 despe-

635 1084 948 1154 rationis.
978 1079 1213 1152 Habet
1236 1083 1450 1152 etiam
1488 1084 1850 1178 Campana
1894 1081 2052 1152 lexv
2093 1083 2647 1152 exsecrationem
2680 1084 2758 1152 in

636 1185 992 1264 coitione⁸
1029 1189 1576 1262 candidatorum
1600 1244 1619 1276 ‚
1657 1193 1714 1260 si
1752 1192 2198 1261 mentionem
2239 1187 2571 1277 fecerint,
2606 1215 2760 1286 quo

633 1304 842 1374 aliter
868 1326 1033 1400 ager
1061 1298 1510 1398 possideatur
1528 1353 1546 1385 ‚
1574 1313 1792 1396 atque
1822 1313 1902 1369 ut
1927 1323 2012 1370 ex
2038 1296 2315 1396 legibus
2341 1303 2378 1368 J
2386 1298 2563 1368 uliis.
2593 1302 2760 1370 Non

636 1413 969 1484 dubitant
986 1412 1228 1507 jurare
1252 1410 1468 1481 ceteri
1495 1436 1510 1476 :
1541 1409 1990 1479 Laterensis9
2014 1410 2462 1480 existimatur
2481 1418 2544 1451 ¹⁰
2568 1408 2758 1479 laute

633 1522 887 1595 fecisse
905 1577 924 1609 ‚
952 1521 1155 1619 quod
1175 1520 1627 1592 tribunatum
1656 1518 1888 1616 plebis
1914 1533 2162 1616 petere
2181 1518 2486 1606 destitit,
2523 1543 2616 1589 ne
2639 1518 2758 1611 ju-

636 1647 849 1703 raret.
2564 1630 2576 1645 “

732 1742 870 1812 Sed
906 1740 996 1811 de
1024 1737 1393 1835 republica
1430 1764 1580 1811 non
1609 1737 1782 1809 libet
1806 1739 2010 1837 plura
2036 1737 2369 1809 scribere.
2398 1737 2758 1834 Displiceo

637 1852 844 1935 mibi,
889 1876 1021 1922 nec
1066 1852 1218 1920 sine
1263 1875 1547 1920 summo
1599 1848 1838 1920 scribo
1881 1848 2154 1919 dolore.
2213 1852 2331 1918 Me
2381 1862 2624 1935 tueor,
2675 1863 2759 1919 ut

636 1964 995 2060 oppressis
1039 1957 1415 2046 omnibuS,
1458 1985 1611 2030 non
1649 1958 1990 2046 demisse3
2023 1973 2104 2028 ut
2141 1960 2354 2028 tantis
2391 1956 2608 2030 rebus
2636 1982 2755 2055 ge-

578 2063 586 2084 '
634 2076 758 2143 stis
779 2127 798 2160 ,
840 2094 1092 2170 parum
1122 2067 1421 2140 fortiter.
1458 2074 1518 2139 A
1548 2075 1816 2141 Caesare
1844 2067 2047 2139 valde
2074 2066 2464 2139 liberaliter
2496 2069 2759 2138 invitor

632 2185 708 2252 in
742 2182 1172 2279 legationem
1194 2190 1249 2222 ¹¹
1290 2179 1516 2266 illam,
1537 2176 1670 2248 sibi
1691 2192 1771 2250 ut
1795 2179 1928 2248 sim
1952 2175 2222 2273 legatus
2245 2203 2264 2265 ;
2290 2191 2506 2274 atque
2544 2177 2756 2246 etiam

632 2289 859 2361 libera
909 2290 1167 2386 legatio
1222 2288 1370 2358 voti
1416 2311 1626 2357 causa
1667 2285 1899 2358 datur.
1957 2285 2094 2356 Sed
2134 2284 2287 2357 haec
2328 2300 2399 2357 et
2454 2284 2758 2384 praesidii

634 2400 824 2497 apud
891 2398 1246 2496 pudorem
1306 2396 1653 2469 Pulchelli
1676 2408 1735 2439 ¹²
1798 2422 1947 2467 non
2003 2395 2223 2468 habet
2287 2398 2490 2481 satis,
2578 2411 2651 2468 et
2716 2420 2756 2467 a

634 2508 866 2580 fratris
915 2508 1229 2579 adventu
1285 2532 1399 2577 me
1445 2506 1778 2604 ablegat:
1818 2507 1934 2578 illa
1978 2522 2048 2577 et
2092 2507 2442 2577 munitior
2493 2522 2635 2595 est,
2685 2521 2757 2576 et

635 2644 786 2689 non
809 2617 1110 2716 impedit
1130 2673 1151 2705 ‚
1180 2641 1331 2713 quo
1364 2617 1604 2687 minus
1635 2615 1862 2689 adsim
1885 2672 1904 2704 ‚
1942 2641 2170 2713 quum
2197 2616 2432 2687 velim.
2473 2622 2669 2687 Hanc
2695 2612 2753 2657 ¹³

706 2881 751 2924 ⁷·
789 2863 1041 2924 Campana
1070 2860 1164 2908 lex.
1205 2860 1334 2908 Julia
1369 2861 1552 2924 agraria
1590 2859 1650 2906 de
1741 2859 1918 2907 bantur
1958 2877 2008 2906 se
2059 2860 2387 2924 magistratum
2435 2871 2613 2924 petere.
2663 2862 2755 2909 En.

631 2958 749 3007 agro
766 2943 1016 3003 Campano
1035 2936 1300 2986 dividendo
1312 2974 1326 2997 ,
1345 2942 1484 3000 cnjus
1505 2949 1651 3001 capnt

632 3019 881 3086 quoddam
921 3030 1056 3077 erat,
1091 3028 1147 3066 ut
1181 3017 1427 3065 candidati
1466 3033 1519 3063 se
1556 3017 1650 3081 ipsi

628 3097 948 3163 jurejurando
975 3108 1362 3155 exsecrarentur,
1390 3096 1429 3143 si
1464 3096 1520 3143 in
1556 3111 1652 3142 ma-

634 3183 863 3242 gistratu,
890 3192 1037 3241 quem
1072 3185 1321 3240 peterent,
1355 3174 1651 3220 mentionem

634 3259 854 3306 fecissent
883 3256 943 3303 de
966 3270 1082 3319 agro
1105 3255 1353 3316 Campano
1374 3251 1515 3299 aliter
1538 3269 1652 3315 pos·

633 3335 837 3387 sitiendo
853 3369 868 3393 ‚
888 3345 1034 3397 atque
1053 3344 1106 3380 ut
1129 3331 1208 3380 lex
1225 3333 1257 3379 J
1260 3330 1356 3379 ulia
1376 3331 1654 3396 praescribe·

633 3428 725 3466 ret.
753 3417 848 3481 Ep.
884 3414 964 3462 ιδ.
1000 3414 1193 3460 Portu.

705 3498 752 3545 8.
782 3492 1015 3543 coitione.
1039 3488 1269 3539 Proeclare
1294 3506 1357 3536 ex
1375 3487 1654 3536 Balliolensi

633 3574 842 3623 restitnit
886 3571 1106 3621 Gravius
1126 3603 1140 3629 ,
1184 3568 1432 3616 concione.
1479 3570 1513 3616 J
1517 3585 1650 3616 utare

633 3654 763 3702 enim
789 3652 1030 3702 debebant
1051 3648 1260 3714 publice.
1287 3647 1536 3696 Coitiones
1562 3663 1649 3694 au-

635 3745 729 3782 tem
766 3730 998 3796 privata,
1044 3727 1319 3791 fiebantque
1353 3727 1407 3773 in
1449 3726 1652 3790 privatis

635 3810 1039 3861 locine—Selium.
1056 3809 1329 3874 transponit
1350 3807 1399 3854 in
1415 3806 1650 3854 concione

634 3902 748 3955 post
785 3890 1178 3941 candidatorum.
1220 3887 1379 3936 Miror
1408 3888 1457 3935 J.
1495 3886 1557 3935 V.
1595 3886 1648 3932 1..

635 3969 890 4018 retinuisse
919 3969 1150 4025 coitione,
1193 3983 1342 4031 quum
1372 3966 1438 4014 ita
1466 3975 1650 4023 vertat,

635 4049 773 4111 quasi
825 4048 1085 4095 servaverit
1128 4046 1379 4096 concione.
1428 4044 1650 4108 Intellige

630 4139 788 4176 autem
842 4126 1126 4174 concionem
1144 4161 1159 4185 ,
1214 4126 1268 4173 in
1313 4139 1406 4187 qua
1452 4122 1656 4186 profit·-

1811 2954 1861 3000 9.
1889 2939 2177 2987 Laterensis.
2217 2940 2290 2988 M.
2323 2938 2584 2987 Iuventius
2617 2940 2755 2987 Late-

1740 3019 1919 3077 rensis,
1948 3019 2009 3066 de
2034 3036 2135 3083 quo
2171 3020 2223 3066 in
2252 3029 2375 3067 orat.
2407 3033 2497 3082 pro
2525 3018 2722 3066 Plancio
2739 3053 2757 3078 ‚

1740 3107 1789 3144 et
1814 3097 1867 3143 in
1885 3113 1963 3161 ep.
1987 3098 2154 3146 Planci
2176 3098 2240 3146 ad
2264 3099 2565 3155 Ciceronem,
2576 3097 2664 3146 lib.
2683 3100 2753 3145 1.

1740 3176 1888 3224 Mau.

1817 3271 1894 3304 10.
1925 3258 2091 3304 Lance.
2116 3257 2195 3304 Sic
2219 3257 2556 3304 Tomaianus
2583 3265 2634 3302 et
2656 3256 2759 3303 De-

1741 3344 1983 3393 curtatus;
2031 3334 2356 3391 Crneellinus,
2395 3347 2538 3381 caute
2551 3353 2572 3392 ,-
2612 3349 2757 3398 quam

1739 3412 2025 3477 scripturam
2060 3415 2294 3478 expressit
2326 3415 2438 3460 Bos.
2468 3428 2756 3476 quamquam

1739 3491 1935 3539 alteram
1952 3528 1966 3551 ‚
1995 3494 2154 3551 laute,
2183 3507 2286 3540 non
2312 3492 2521 3541 damnet.
2546 3494 2636 3541 En.

1816 3587 1836 3617 1
1851 3588 1894 3618 1.
1932 3574 1990 3618 In
2033 3572 2341 3637 legationem.
2381 3574 2646 3634 Utramque
2671 3585 2757 3618 ne·

1738 3649 1888 3712 glexit
1907 3664 1920 3698 :
1943 3650 2219 3698 alterutram
2238 3651 2279 3697 si
2301 3652 2586 3715 accepisset,
2606 3649 2757 3696 vitare

1739 3729 1903 3791 potnit
1927 3728 2084 3776 exsilii
2103 3729 2443 3777 calamitatem.
2470 3730 2615 3777 Mn.

1816 3821 1895 3853 ω.
1938 3807 2186 3856 Pulchelli.
2227 3809 2325 3856 vix
2352 3819 2427 3856 est
2459 3806 2596 3870 quod
2620 3816 2756 3854 note·

1737 3901 1845 3932 mus
1865 3885 2166 3934 Pulchellum
2183 3886 2416 3951 appellari
2434 3888 2492 3935 P.
2511 3885 2753 3941 Clodium,

1740 3964 1819 4013 cni
1828 3979 2100 4028 cognomen
2109 3965 2330 4015 Pulcher.
2344 3966 2439 4014 Sed
2452 3965 2750 4014 manifoetmn

1747 4052 1817 4090 est
1825 4042 2064 4106 pudorem
2090 4044 2188 4093 dici
2207 4044 2467 4111 εἰρωνικῶς.
2502 4044 2596 4091 En.

1826 4123 1905 4171 13.
1928 4124 2088 4171 Hanc.
2115 4123 2484 4172 Provincialem.
2506 4122 2649 4169 Max.
