3023 4773
617 424 1129 494 EPISTOLAE
1183 426 1316 493 AD
1367 427 1864 514 ATTICUM,
1913 429 2026 513 II,
2088 427 2192 497 16.
2322 425 2457 523 395

336 574 453 621 me
483 552 657 645 ego‘*
690 545 1055 632 consoler,
1091 548 1327 617 omnis
1359 550 1799 644 exspectatio
1834 548 2229 645 largitionis
2259 572 2457 646 agra·

337 660 457 729 riae
490 662 563 727 in
607 682 857 752 agrum
896 660 1344 752 Campanum
1381 657 1667 726 videtur
1710 680 1863 727 esse
1904 654 2261 728 derivata⁵
2288 686 2303 727 :
2332 660 2461 754 qui

333 792 535 865 ager,
560 781 640 836 ut
658 765 842 836 dena
856 767 1104 862 jugera
1125 767 1293 851 sint,
1327 791 1476 836 non
1502 790 1614 835 am
1626 766 1811 862 plius
1838 766 2213 838 hominum
2243 772 2456 864 quin-

336 898 482 971 que
522 875 741 946 millia
769 888 1006 972 potest
1025 877 1396 946 sustinere.
1436 873 1786 972 Reliqua⁶
1817 877 2053 947 omnis
2072 878 2460 948 multitudo

335 982 427 1053 ab
474 983 659 1053 inis⁷
707 980 1221 1068 abalienetur⁸‚
1262 1008 1550 1055 necesse
1592 999 1719 1056 est.
1775 990 2155 1074 Praeterea,
2209 990 2267 1056 si
2319 986 2461 1057 ulla

332 1116 448 1164 res
490 1108 631 1181 est,
678 1119 838 1191 quae
874 1092 1240 1164 bonorum
1281 1098 1599 1182 animm,
1646 1119 1832 1190 quos
1868 1095 2020 1188 jam
2061 1094 2268 1166 video
2312 1120 2461 1165 esse

333 1219 766 1291 commotos,
809 1202 1309 1274 vehementius
1346 1205 1572 1301 possit
1613 1204 2038 1292 incendere,
2083 1203 2233 1273 haec
2268 1218 2459 1274 certe

332 1327 473 1400 est,
498 1327 571 1383 et
602 1339 689 1384 eo
719 1316 941 1411 magis
961 1369 979 1401 ,
1010 1311 1243 1409 quod,
1280 1315 1622 1411 portoriis
1656 1312 1870 1383 Italiae
1897 1312 2263 1399 sublatiso,
2288 1337 2459 1410 agro

333 1426 699 1522 Campano
728 1424 992 1510 diviso,
1028 1422 1228 1521 quod
1257 1423 1557 1520 vectigal
1593 1437 1921 1521 superest
1949 1423 2420 1495 domesticum
2440 1478 2458 1510 ‚

332 1548 586 1629 praeter
621 1537 1027 1606 vicesimam
1050 1535 1158 1603 ¹⁰?
1185 1559 1346 1630 quae
1384 1533 1563 1604 mihi
1610 1533 1893 1604 videtur
1928 1557 2075 1603 una
2110 1536 2459 1604 conciun-

334 1642 526 1730 cula,
551 1636 879 1715 ¹clamore
923 1641 1486 1742 pedisequorum
1509 1654 1566 1687 ¹¹
1608 1658 2056 1728 nostrorum,
2093 1668 2242 1714 esse
2280 1644 2463 1740 peri-

334 1763 511 1821 tura.
566 1758 821 1823 Cnaeus
859 1753 1152 1850 quidem
1194 1768 1440 1825 noster
1488 1754 1637 1848 jam
1677 1754 1890 1850 plane
1939 1751 2116 1848 quid
2161 1755 2458 1850 cogitet,

333 1882 598 1935 nescio.

646 1980 786 2047 Φυσᾷ
813 1976 965 2047 γὰρ”
994 1980 1048 2030 οὐ
1070 1983 1338 2048 σμικροῖσιν
1369 1981 1610 2041 αὐλίσκοις
1642 1983 1746 2041 ln,

653 2061 771 2122 Ᾰλλ’
791 2070 980 2140 ἀγρίαις
1014 2072 1246 2139 pnicum,
1284 2069 1507 2140 φορὸιιᾶς
1535 2073 1650 2141 ἄτιρ
1675 2095 1685 2106 ·

404 2240 457 2287 4.
482 2233 608 2296 Ego.
636 2234 859 2298 Egomet.
886 2235 1057 2282 Bosins
1082 2236 1265 2281 Bsnuz.
1520 2251 1541 2282 1
1557 2251 1603 2282 1.
1641 2234 2036 2298 Pedisequorum.
2074 2233 2259 2284 Inflmoe
2278 2236 2458 2300 plebis,

404 2311 452 2357 5.
480 2311 730 2359 Der-imea-
754 2313 1064 2377 Exspectatio
1088 2311 1171 2360 illa
1194 2313 1351 2360 omnis
1442 2329 1581 2376 qnae,
1604 2314 1645 2361 si
1673 2315 1781 2376 quis
1808 2313 2033 2362 tribunus
2060 2314 2120 2362 de
2146 2315 2359 2363 tollenda
2388 2316 2461 2362 vi-

328 2389 392 2438 de
419 2391 605 2453 agraria
636 2408 688 2439 re
722 2393 853 2440 hunc
880 2395 1062 2441 exitum
1093 2391 1269 2450 habet,
1297 2405 1350 2442 ut
1441 2393 1617 2450 cesima
1642 2393 2031 2455 concionaretur,
2061 2393 2271 2443 clamore
2297 2395 2457 2443 statim

325 2484 443 2532 ager
458 2469 732 2534 Campanus
753 2472 886 2537 plebi
909 2472 1170 2520 dividatur.
1203 2475 1348 2522 Man.

401 2549 449 2597 6.
480 2550 704 2615 Reliqua.
739 2553 866 2614 Quia
899 2553 1069 2616 viginti
1095 2553 1350 2600 hominum

329 2629 480 2678 millia
525 2629 812 2678 divisionem
847 2646 1074 2695 agrorum
1101 2631 1347 2696 petebant.

331 2707 544 2755 Velleius
566 2709 653 2758 lib.
681 2712 748 2760 11.
770 2713 905 2776 App.
929 2711 1020 2760 lib.
1041 2714 1105 2759 11.

403 2803 455 2846 7.
500 2787 582 2835 Ab
618 2787 730 2836 iltis.
777 2789 879 2852 Qui
920 2790 1073 2854 legem
1116 2791 1347 2854 agrariam

332 2863 560 2914 tulerunt.
592 2869 748 2917 Iun.

404 2946 451 2991 8.
505 2947 834 2994 Abalienetur.
879 2947 938 2994 Id
978 2963 1078 2994 non
1130 2947 1342 2996 accidit:

332 3023 445 3085 quia
472 3026 645 3086 Caesar,
669 3043 820 3091 quum
846 3042 1015 3090 agrum
1044 3028 1344 3091 Campanum

330 3101 615 3166 intelligeret
636 3116 784 3153 tantae
807 3105 1109 3153 multitudini
1128 3123 1228 3154 non
1251 3107 1347 3154 suf·

327 3178 497 3241 ficere,
525 3186 757 3248 praeterea
781 3183 1026 3231 Stellatem
1047 3185 1345 3249 Campanum

327 3258 508 3308 divisit.
540 3265 818 3312 Suetonius.
841 3266 992 3312 Inna.

398 3356 449 3401 9.
493 3343 719 3391 Sublatis.
765 3346 890 3407 Lege
935 3341 1145 3391 Caecilia.
1193 3344 1343 3391 Dion.

329 3418 363 3464 l·
389 3422 653 3471 xxxva.
685 3424 847 3471 Caesar
866 3434 1026 3471 tamen
1043 3433 1215 3486 postea
1237 3438 1348 3487 por-

328 3499 450 3545 toria
479 3501 837 3565 peregrinarum
865 3505 1095 3551 mercium
1122 3501 1348 3555 restitnit,

326 3588 383 3624 ut
410 3579 556 3628 refert
577 3584 778 3629 sueton.
809 3584 898 3632 En.

403 3672 480 3705 ro.
508 3660 811 3708 Vicesimum.
831 3661 1070 3708 Vicesima
1088 3661 1177 3707 fuit
1198 3659 1342 3706 vecti·

326 3734 402 3796 gal
445 3738 581 3800 qnod
626 3738 904 3802 capiebatur
953 3756 1015 3787 ex
1056 3738 1341 3786 libertorum

326 3818 724 3874 manumissione,
744 3829 792 3865 et
814 3818 1114 3882 pendebatur
1134 3833 1159 3863 a
1182 3816 1340 3864 domi·

328 3895 432 3953 nis,
464 3908 511 3944 et
538 3911 784 3945 servorum
811 3900 1056 3963 emptione
1072 3933 1086 3956 ‚
1119 3896 1254 3961 quod
1281 3897 1344 3944 ab

326 3986 547 4038 emptore
594 3963 871 4024 solvebatur
905 3993 917 4026 ε
973 3977 1033 4025 de
1080 3993 1180 4039 quo
1235 3976 1346 4025 vide

328 4055 377 4100 J.
409 4055 620 4118 Lipsium
657 4057 716 4104 ad
743 4059 896 4104 Tacit.
927 4063 1053 4104 Ann.
1080 4055 1232 4116 1111,
1264 4057 1345 4114 31,

327 4127 378 4184 et
404 4134 566 4183 Burm.
597 4136 657 4184 dc
682 4138 870 4200 Vectig.
895 4137 945 4184 Ρ.
974 4137 1030 4183 R.
1064 4137 1238 4183 Gnatv.

1439 2484 1566 2521 esset
1588 2472 1934 2537 approbatum.
1964 2475 2108 2521 Mur.

1518 2568 1595 2602 12.
1623 2553 1758 2619 Φυσᾷ
1784 2550 1900 2622 γάρ.
1937 2554 2125 2600 Horum
2153 2552 2456 2616 Sophocleo-

1437 2648 1547 2679 rum
1567 2647 1814 2690 versuum,
1835 2648 1960 2695 quos
1978 2642 2026 2680 et
2043 2632 2314 2695 Dionysius
2334 2634 2460 2678 Lon·

1437 2710 1582 2773 ginns
1603 2707 1713 2776 περὶ
1739 2707 1875 2775 ὕψους
1910 2721 2028 2759 sect.
2072 2713 2129 2770 3,
2165 2726 2459 2758 commemo-

1438 2791 1587 2847 ravit,
1632 2785 1966 2854 interpretatio
2005 2807 2107 2838 non
2151 2788 2315 2838 eadem
2355 2801 2426 2836 est
2443 2824 2458 2846 ‚

1438 2885 1596 2933 neque
1617 2883 1783 2916 omnes
1806 2886 1969 2917 rernm
1988 2886 2180 2917 sensnm
2199 2868 2455 2930 adseqnuti

1431 2960 1563 2997 sunt.
1576 2942 1781 3015 Φορὸειά
1795 2948 1912 3012 qnid
1926 2950 1987 2997 sit
1998 2985 2012 3007 ,
2033 2950 2243 2997 docuere
2257 2948 2455 2997 Salmas.

1432 3028 1493 3075 ad
1522 3028 1678 3076 Solin.
1700 3038 1746 3074 et
1766 3029 2050 3091 interpretes
2066 3029 2129 3075 ad
2152 3028 2425 3091 Longinum
2440 3061 2455 3085 ,

1432 3124 1608 3172 nempe
1636 3108 1924 3171 capistrum,
1964 3119 2064 3169 quo
2098 3106 2321 3154 tibicines
2350 3107 2454 3170 spi-

1433 3187 1579 3234 ritum
1610 3197 1862 3242 coercent,
1899 3202 1961 3233 ne
1996 3186 2174 3232 ninnins
2208 3196 2257 3232 et
2284 3187 2455 3233 immo-

1434 3265 1630 3313 deratus
1650 3266 1700 3311 in
1726 3265 1893 3312 tibiam
1911 3266 2164 3329 irrumpat.
2191 3264 2322 3313 Hinc
2341 3263 2454 3329 ἄτερ

1434 3341 1652 3412 φορῧειᾶς
1679 3345 2006 3410 metaphorice
2045 3354 2116 3390 est
2154 3343 2257 3402 sine
2295 3343 2454 3391 modo.

1435 3424 1684 3473 Caecilium
1711 3425 1831 3472 dicit
1860 3424 2108 3486 Longinus
2133 3439 2235 3468 esse
2261 3423 2455 3486 egregio

1435 3503 1635 3566 spiritu,
1663 3504 1747 3553 sed
1769 3519 1921 3567 quum
1939 3513 2204 3566 temperare
2225 3517 2333 3548 eum
2353 3518 2453 3549 non

1437 3581 1594 3642 possit
1604 3617 1618 3639 ,
1631 3583 1834 3629 nimium
1847 3582 2003 3637 evehi,
2016 3592 2062 3627 et
2077 3581 2191 3628 inde
2199 3590 2455 3639 tumorem,

1429 3659 1667 3726 μετέωρα,
1677 3661 1919 3708 exsistere.
1940 3660 2020 3707 Sic
2037 3675 2186 3722 qnnm
2198 3661 2456 3724 Pompeius

1431 3738 1612 3785 dicitur
1638 3741 1822 3803 magnis
1847 3737 1984 3786 tibiis
1999 3739 2100 3796 nti,
2121 3749 2169 3786 et
2192 3740 2451 3787 vehemen-

1430 3828 1502 3864 ter
1528 3830 1606 3862 eas
1632 3817 1825 3874 inflare,
1853 3816 1938 3864 sed
1966 3818 2068 3865 sine
2091 3819 2328 3882 capistro,
2354 3818 2451 3866 hoc

1432 3897 1629 3956 dicitnr,
1656 3898 1939 3961 Pompeium
1963 3898 2151 3947 viribus
2174 3898 2273 3946 suis
2288 3934 2302 3956 ,
2348 3916 2457 3962 quae

1433 3992 1620 4040 magne
1641 3976 1737 4025 sint
1753 4011 1769 4036 ‚
1796 3975 1951 4039 abuti,
1965 3989 2014 4026 et
2034 3994 2186 4041 quum
2214 3977 2459 4043 cupidita·

1436 4055 1565 4102 tibus
1580 4056 1679 4103 suis
1696 4055 1898 4103 modum
1911 4057 2161 4122 imponere
2172 4074 2272 4105 non
2287 4058 2460 4121 possit.

1436 4135 1578 4182 nimis
1600 4136 1694 4182 alte
1714 4134 1901 4182 evolare
1925 4137 2069 4196 velle,
2084 4151 2237 4201 eaque
2259 4150 2454 4199 cupere,
