3023 4773
835 471 1389 559 EPISTOLAE,
1427 446 1668 558 xm,
1718 467 1784 542 5.
2323 464 2371 570 9

257 591 694 692 possessione
731 593 1021 679 amissa,
1081 594 1268 665 tueri
1317 594 1433 663 vix
1484 604 1798 692 potest2.
1853 594 2371 667 Gravissimum

254 718 481 774 autem
509 717 639 789 est,
655 727 885 800 quum
913 706 1242 801 superior
1260 702 1490 775 factus
1521 706 1615 774 sit
1645 703 1919 794 ordine,
1953 704 2371 779 inferiorem

259 838 396 885 esse
447 808 775 901 fortuna3
826 815 1273 911 minimeque
1318 813 1702 901 convenit,
1743 837 1832 884 ex
1868 838 1953 885 eo
1991 839 2205 913 agro,
2245 817 2376 913 qui

258 923 532 994 Caesaris
552 923 761 1018 jussu
788 921 1173 1010 dividatur,
1206 947 1374 994 eum
1400 923 1716 1012 moveri,
1748 924 1878 1021 qui
1916 926 2206 996 Caesaris
2243 923 2375 998 be-

259 1032 503 1104 neficio
559 1046 851 1104 senator
906 1037 1017 1104 sit.
1079 1032 1220 1105 Sed
1267 1032 1444 1104 mihi
1485 1034 1730 1105 minus
1786 1034 1962 1105 libet
2020 1036 2247 1106 multa
2288 1035 2379 1108 de

257 1144 578 1238 aequitate
608 1144 717 1214 rei
746 1141 1092 1232 scribere,
1120 1167 1215 1213 ne
1243 1166 1455 1215 causa
1481 1144 1724 1239 potius
1756 1141 1949 1243 apud
1983 1156 2053 1215 te
2078 1140 2386 1217 valuisse

257 1252 512 1342 videar,
551 1277 773 1350 quam
808 1256 1052 1351 gratia.
1083 1252 1579 1353 Quamobrem
1611 1268 1682 1325 te
1726 1254 1802 1323 in
1844 1253 2195 1350 majorem
2226 1279 2383 1325 mo-

259 1362 423 1435 dum
463 1388 648 1460 rogo
667 1418 687 1451 ,
718 1379 800 1434 ut
830 1368 909 1435 C.
941 1365 1170 1436 Curtii
1197 1389 1390 1453 rem,
1421 1389 1659 1436 meam
1697 1378 1911 1464 putes
1949 1388 2143 1450 esse3
2177 1365 2387 1463 quid-

260 1474 432 1571 quid
484 1498 648 1546 mea
694 1498 906 1546 causa
951 1471 1259 1561 facereS,
1300 1490 1384 1545 ut
1421 1474 1492 1545 id
1528 1477 1607 1545 C.
1639 1476 1870 1545 Curtii
1906 1498 2118 1545 causa
2160 1500 2390 1573 quum

256 1582 544 1674 feceriS‚
604 1587 1004 1673 existimes,
1059 1586 1260 1684 quod
1312 1586 1431 1658 ille
1487 1611 1619 1684 per
1668 1610 1786 1657 me
1808 1582 1837 1628 ³
1890 1585 2262 1675 habuerit,
2312 1578 2391 1657 id

258 1718 369 1766 me
412 1694 688 1766 habere
728 1694 858 1768 abs
900 1710 994 1768 te.
1058 1701 1214 1768 Hoc
1259 1709 1331 1770 te
1385 1695 1857 1767 vehementer
1901 1696 2119 1768 etiam
2169 1710 2390 1793 atque

259 1806 472 1877 etiam
506 1830 714 1903 rogo.

323 1974 378 2005 2.
413 1956 564 2005 Tuen‘
597 1957 693 2007 vix
727 1968 908 2023 potest.
940 1959 1101 2008 Nemo
1146 1958 1281 2007 enim
1368 1957 1485 2012 Sch.
1490 1959 1700 2024 reponit
1715 1973 1850 2025 per
1836 1969 1902 2007 te.
1929 1961 2039 2007 Hoc
2063 1972 2241 2007 unm:
2259 1957 2395 2005 Volo

260 2048 447 2084 temtor
470 2053 577 2085 me
604 2048 827 2101 potent,
861 2037 957 2086 nini
977 2038 1147 2088 DCCC
1173 2038 1283 2087 mil·
1370 2039 1615 2087 existimes
1641 2018 1887 2103 quidquid
1907 2056 1937 2088 a
1962 2049 2011 2087 te
2038 2040 2214 2090 Curtio
2238 2037 2396 2085 tribn-

260 2115 323 2164 lia
343 2115 641 2180 possideret.
667 2117 930 2167 Suetonius
964 2116 1018 2165 in
1042 2120 1285 2182 Augusto.
1373 2130 1478 2167 tum
1503 2120 1600 2180 sit,
1636 2117 1691 2166 id
1726 2117 1932 2183 perinde
1965 2135 2069 2167 esse
2102 2134 2160 2166 ac
2197 2117 2240 2165 εί
2275 2116 2397 2164 mihi

326 2197 378 2244 3.
404 2195 558 2259 Quod
577 2195 875 2261 illeperme.
897 2197 970 2243 Ita
986 2212 1171 2245 omnes.
1189 2195 1286 2245 Sed
1374 2198 1472 2262 ipsi
1496 2154 1746 2245 trilineris.
1773 2198 1870 2245 En.

801 2367 1263 2389 mmm

1636 2367 2382 2392 mmmmm

927 2536 1540 2616 EPISTOLA
1605 2535 1755 2614 VI.

252 2697 465 2779 Cuspii
492 2695 715 2756 amicos
738 2694 1055 2773 generatim
1083 2713 1283 2753 omnes
1310 2692 1707 2776 commendat,
1729 2691 2071 2751 nominatim
2096 2695 2163 2750 L.
2185 2696 2219 2751 J
2224 2689 2405 2750 ulium

629 2801 689 2846 et
718 2791 781 2846 P.
805 2788 1160 2847 Cornelium.
1189 2786 1440 2867 (Romae,
1484 2803 1638 2843 anno
1672 2789 1746 2844 U.
1786 2789 1851 2845 C.
1886 2784 2052 2863 697.)

408 2976 511 3042 M.
540 2974 620 3041 Τ.
673 2973 745 3040 0.
787 2974 868 3057 Q.
890 2971 1262 3044 VALERIO
1311 2971 1393 3053 Q.
1434 2971 1505 3035 F.
1537 2968 1836 3051 ORCAE,
1884 2969 2233 3035 PROCOS.
2259 2974 2277 2999 ¹

1207 3078 1274 3142 S.
1308 3077 1380 3142 P.
1411 3079 1492 3141 D.

360 3227 440 3295 St
468 3220 695 3306 valeS,
719 3216 911 3291 bene
940 3232 1048 3290 est
1077 3243 1093 3286 t
1122 3217 1350 3289 valeo.
1376 3213 1619 3287 Credo
1657 3230 1729 3286 te
1757 3218 2111 3286 memoria
2142 3204 2410 3306 tenere,

256 3360 384 3406 me
420 3348 499 3405 et
538 3354 784 3403 coram
822 3334 895 3400 P.
935 3331 1206 3425 Cuspio
1240 3342 1481 3416 tecum
1524 3326 1916 3423 loquutum
1956 3348 2146 3411 esse,
2183 3350 2413 3422 quum

260 3459 339 3516 te
382 3465 878 3541 prosequerer
912 3437 1336 3537 paludatum
1355 3448 1412 3525 ²,
1463 3450 1538 3507 et
1583 3437 1756 3508 item
1795 3449 2049 3532 postea
2087 3429 2417 3533 pluribus

258 3552 519 3626 verbis
564 3566 807 3623 tecum
863 3551 1126 3647 egisse,
1176 3563 1297 3636 ut,
1352 3570 1855 3645 quoscumque
1896 3543 2028 3616 tibi
2061 3548 2234 3643 ,ejus
2284 3572 2418 3619 ne-

258 3664 627 3737 cessarios
652 3659 1268 3748 commendarem,
1294 3657 1598 3730 haberes
1625 3681 1750 3728 eos
1780 3657 1856 3726 in
1885 3681 2193 3729 numero
2222 3683 2418 3730 meo·

259 3800 443 3847 rum
482 3774 1082 3845 necessariorum.
1130 3770 1215 3842 Id
1266 3784 1346 3840 tu
1394 3793 1530 3869 pro
1586 3782 1714 3839 tua
1767 3791 2048 3839 summa
2094 3792 2264 3866 erga
2299 3793 2418 3840 me
2499 3781 2508 3786 ’

349 3975 402 4005 ι.
422 3960 628 4006 Procas.
656 3956 811 4017 Supra
840 3963 1113 4017 propraetor
1134 3962 1207 4000 est
1239 3951 1313 3999 di·
1399 3950 1518 3998 licet
1566 3947 1869 3998 consulatum
1916 3965 2019 3998 non
2064 3950 2278 4014 gesserit.
2316 3951 2423 3998 ΜΑ-

275 4047 414 4084 em:
443 4035 538 4085 sed
575 4046 695 4082 tnnc
723 4035 1014 4098 praepositus
1039 4042 1139 4080 erat
1160 4048 1187 4080 a
1209 4031 1317 4080 08·
1405 4044 1613 4079 κστ-ωε.

275 4129 394 4161 nan
420 4116 557 4179 agris
592 4111 909 4170 dividundis,
947 4127 1080 4159 nnnc
1102 4111 1318 4160 Afn‘mm
1398 4139 1403 4146 ·
1478 4126 1528 4159 a.
1565 4110 1881 4158 Paludaeum.
1932 4106 2155 4157 Paludati
2199 4106 2336 4156 ibant
2374 4107 2427 4154 in

270 4193 629 4254 tinniant,
679 4204 731 4240 et
774 4190 1044 4257 proconsul
1087 4202 1321 4250 vocatur,
1408 4188 1700 4254 provincias.
1731 4191 1850 4237 Scn.
