3023 4773
574 381 1095 453 EPISTOLAE
1144 380 1279 450 An
1330 382 1839 468 ΑΤΤΙΟΠΜ,
1889 386 1962 467 1,
2024 407 2127 478 19.

2279 381 2413 478 347

286 501 492 600 quod
529 503 775 599 potius
808 503 928 585 sit,
967 501 1338 590 laudetur;
1375 528 1508 574 nos
1545 504 2077 600 vituperemur,
2106 506 2226 601 qui
2267 531 2418 576 non

288 611 532 706 potius
571 606 706 676 alia
759 606 1154 677 laudemuS.
1187 611 1642 706 Quamquam
1693 634 1841 679 non
1891 613 2414 713 ἐγκωμιαστικὰ44

287 728 465 785 sunt
505 712 685 798 haec,
732 711 912 783 sed
896 741 1201 808 ιστορυια,
1239 738 1398 810 quae
1435 713 1836 787 scribimus.

389 823 702 912 Quintus
747 818 969 891 frater
1003 837 1259 921 purgat
1288 847 1362 894 se
1396 824 1711 895 multum
1744 849 1875 922 per
1911 825 2180 911 literaS‚
2218 841 2290 897 et
2318 824 2420 897 af-

286 928 567 1016 firmat,
597 928 777 999 nihil
811 954 852 999 a
877 954 952 1001 se
973 932 1309 1028 cuiquam
1340 931 1430 1004 de
1463 946 1534 1005 te
1558 958 1761 1005 secus
1790 959 1943 1006 esse
1963 935 2256 1006 dictum.
2288 941 2422 1007 Ve-

282 1064 450 1111 rum
494 1038 646 1108 haec
683 1038 892 1109 nobis
931 1064 1173 1110 coram
1210 1066 1490 1112 summa
1528 1067 1699 1114 cura
1742 1058 1813 1115 et
1854 1043 2219 1143 diligentia
2251 1059 2421 1115 sunt

283 1147 596 1247 agenda:
621 1163 698 1219 tu
727 1147 947 1253 modo
977 1174 1111 1220 nos
1139 1151 1365 1221 revise
1395 1149 1808 1251 aliquando.
1826 1149 2419 1239 Cossinius⁴⁵hic,

285 1261 403 1330 cui
444 1256 612 1328 dedi
652 1259 923 1345 literas,
964 1259 1172 1331 valde
1221 1259 1392 1331 mihi
1445 1259 1685 1334 bonus
1717 1264 1983 1352 home,
2028 1279 2100 1336 et
2139 1289 2286 1335 non
2322 1262 2417 1335 le-

291 1371 394 1440 vis
412 1423 432 1456 ,
473 1383 548 1439 et
579 1394 826 1440 amans
853 1367 960 1440 tui
991 1373 1186 1441 visus
1214 1384 1321 1442 est
1339 1426 1359 1459 ,

1403 1386 1474 1442 et
1506 1373 1666 1445 talis
1688 1428 1709 1462 ‚
1745 1376 2034 1474 qualem
2067 1400 2223 1448 esse
2255 1398 2449 1473 eum·

288 1495 427 1555 tum
463 1478 643 1551 mihi
686 1478 908 1551 literae
949 1484 1393 1553 nuntiarant.
1441 1479 1692 1556 Idibus
1723 1499 1928 1557 mart.
1982 1490 1987 1495 ’

294 1695 538 1737 mereatur
549 1720 565 1744 ‚
583 1701 687 1735 non
704 1686 940 1734 fecerunt.
959 1688 1126 1750 Itaque
1144 1687 1317 1737 Cicero

293 1775 516 1823 veretur,
547 1781 610 1813 ne
644 1767 841 1813 Atticus
876 1765 969 1813 sibi
996 1766 1214 1815 laudanti
1236 1784 1318 1815 sn-

291 1847 540 1910 per-iorum
565 1854 841 1909 temporum
864 1862 938 1893 res
966 1857 1148 1909 gestas,
1175 1847 1230 1894 in
1260 1847 1319 1894 li-

295 1924 386 1972 bro
416 1924 477 1971 de
498 1923 771 1973 Consulatu
804 1934 854 1971 ct
880 1924 1017 1986 aliis,
1047 1926 1241 1973 occinst
1265 1926 1319 1973 il·

292 2001 501 2058 indm:
539 2002 713 2069 πατέρ’
751 2000 960 2064 αἰνήσει,
998 2014 1090 2051 etc.
1115 2004 1319 2052 Adeone

290 2082 356 2129 ab
384 2082 584 2145 ingenio
621 2093 671 2129 et
704 2085 1009 2145 superiorum
1046 2093 1318 2147 temporum

299 2160 656 2208 consuetudine
693 2161 963 2219 descivisti,
1001 2172 1057 2209 nt
1088 2162 1191 2209 sola
1210 2162 1317 2222 ills,

292 2255 409 2303 quae
424 2238 543 2286 olim
562 2241 762 2303 gesseris
777 2275 792 2299 ‚
809 2241 977 2289 laudes
991 2274 1008 2300 ,
1028 2242 1166 2304 qussi
1187 2258 1317 2289 nnnc

292 2318 421 2368 nihil
450 2317 693 2369 landabile
725 2321 909 2369 heina?
944 2322 1073 2373 Eun.
1107 2346 1176 2359 -—
1209 2323 1318 2369 Hoc

290 2410 454 2450 antem
494 2401 772 2464 Mongsltio
802 2412 851 2452 et
895 2402 1012 2450 Seli.
1035 2411 1319 2450 contortum

298 2480 489 2528 videtur
510 2514 525 2532 ,
565 2495 658 2527 nec
676 2481 792 2528 satis
817 2492 983 2546 aptum
1004 2479 1316 2544 sequentibus

295 2557 470 2607 verbis.
498 2561 676 2622 Itaque
709 2561 751 2608 si
782 2560 934 2607 modo
949 2576 1117 2608 verum
1152 2571 1226 2607 est
1250 2557 1320 2617 τίς

293 2636 466 2706 πατέρ’
495 2636 675 2690 αἰνήσει
692 2672 707 2695 ,
728 2639 1146 2703 interpretandum
1169 2655 1184 2689 t
1221 2658 1245 2684 a
1267 2641 1318 2692 si

296 2727 481 2781 patrem
504 2733 645 2765 suum
668 2717 864 2764 laudare
886 2734 987 2765 non
1015 2718 1180 2778 decet,
1201 2720 1321 2767 mul-

299 2806 352 2843 to
374 2798 532 2846 minus
548 2798 687 2847 decet
713 2817 765 2846 se
790 2802 950 2864 ipsum
976 2799 1212 2847 laudam..
1227 2800 1322 2848 Sed

299 2871 577 2970 Mus-pina,
627 2891 829 2928 testatur
879 2880 1114 2944 quosdam
1155 2899 1319 2930 emen-

747 2960 759 2974 ’
821 2960 863 3009 σ“
908 2956 1127 3021 αἰνήσει,
1161 2962 1321 3011 minus

376 3120 465 3169 44.
487 3104 875 3184 Εγιιωμιαστικοί.
900 3118 1209 3166 Laudatur-ia.

377 3196 464 3248 ⁴5.
486 3193 747 3245 Cossinius.
764 3197 952 3260 Nempe
972 3212 1116 3261 quem
1131 3198 1189 3246 T.
1201 3200 1320 3244 Var-

306 3288 383 3333 ro,
410 3273 471 3322 de
485 3276 560 3324 Re
586 3286 707 3324 rust.
731 3275 823 3326 lib.
846 3278 921 3332 11,
949 3292 1057 3341 esp.
1087 3277 1136 3336 3,
1157 3276 1218 3323 de
1241 3292 1320 3323 ca-

305 3352 448 3415 pellis
494 3355 731 3416 eligendis
773 3354 1124 3418 pascendisque
1166 3353 1318 3401 disse·

304 3445 516 3494 rentem,
563 3452 704 3483 more
748 3451 838 3482 suo
875 3434 1098 3492 inducit,
1139 3432 1320 3481 collato

1403 1706 1628 1741 sermone
1663 1709 1775 1741 cnm
1800 1693 1861 1743 iis
1880 1727 1897 1754 ,
1935 1694 2064 1743 inter
2088 1708 2215 1757 qnos
2239 1702 2288 1740 et
2314 1692 2418 1755 ipse

1406 1764 1458 1809 P.
1496 1765 1723 1826 Atticus,
1768 1766 1855 1829 qni
1890 1776 2037 1824 tunc,
2079 1780 2229 1828 quum
2262 1766 2419 1811 Varro

1403 1844 1613 1908 piratico
1643 1845 1774 1893 bello
1796 1845 1973 1894 Delum
1992 1845 2119 1892 inter
2137 1854 2186 1891 et
2205 1841 2418 1890 Siciliam

1405 1925 1691 1972 Graecorum
1713 1924 1853 1973 classi
1871 1933 2120 1988 preesset,
2146 1936 2344 1985 magnas
2365 1920 2419 1967 in

1404 2004 1556 2068 Epiro
1591 2005 1836 2069 pecuarias
1861 2004 2151 2061 habueruut.
2181 2004 2299 2049 Baec
2327 2016 2416 2048 sn·

1408 2091 1503 2128 tem
1544 2082 1606 2130 de
1639 2099 1736 2147 qns
1778 2100 1909 2132 nnnc
1947 2086 2131 2147 agimus
2148 2117 2162 2140 ‚
2214 2079 2418 2145 epistola

1405 2176 1537 2208 snno
1571 2163 1638 2210 U.
1664 2164 1720 2211 C.
1748 2163 1850 2225 693
1867 2197 1883 2221 ‚
1922 2172 1980 2209 ut
2005 2162 2214 2220 videtur,
2243 2162 2420 2225 scripta

1405 2240 1533 2300 snit3
1559 2257 1659 2306 qno
1686 2255 1903 2308 tempore
1929 2246 1988 2291 1..
2018 2240 2292 2289 Cossininm
2309 2275 2323 2298 ,
2365 2249 2420 2286 nt

1404 2323 1579 2370 Attico
1617 2322 1807 2384 jamdiu
1857 2321 2273 2371 familiarissimum
2297 2355 2313 2382 ,
2350 2320 2420 2366 sic

1405 2402 1571 2451 Tullio
1593 2402 1679 2451 vix
1703 2413 1876 2453 notum
1904 2403 2050 2452 fnisse
2069 2411 2215 2466 patet.
2237 2403 2421 2448 'Verum

1407 2483 1655 2544 enimvero
1677 2483 2040 2547 quatuordecim
2067 2480 2246 2529 abhinc
2264 2479 2423 2539 annis,

1406 2561 1694 2610 Ciceronem
1743 2564 1871 2611 inter
1915 2573 1964 2610 et
2008 2560 2282 2611 Cossinium
2322 2559 2422 2618 jam

1405 2641 1637 2701 majorem
1662 2642 2065 2692 consuetudinem
2084 2642 2259 2692 ssctsm
2276 2638 2423 2687 fnisse

1408 2729 1599 2767 constat
1616 2756 1631 2781 ,
1647 2737 1709 2767 ex
1719 2721 1809 2768 lib.
1826 2722 1952 2768 xm
1971 2721 2032 2768 ad
2050 2720 2163 2767 Div.
2177 2719 2320 2782 epist.
2334 2717 2422 2775 23,

1408 2798 1492 2846 ubi
1522 2808 1691 2845 noster
1702 2797 1928 2846 libertum
1941 2798 2234 2846 Anchialum
2255 2796 2423 2843 Servio

1408 2877 1717 2925 commendat
1741 2881 1864 2925 :-1..
1896 2877 2121 2925 Cossinio
2140 2910 2155 2934 ,
2183 2874 2342 2922 amico
2369 2882 2419 2920 et

1409 2957 1579 3006 tribuli
1614 2967 1730 3017 tuo,
1778 2955 1918 3003 vslde
1960 2955 2261 3004 familiariter
2292 2963 2422 3000 ntor.

1410 3039 1534 3087 Nam
1556 3046 1603 3084 et
1629 3037 1755 3084 inter
1781 3045 1968 3081 nosmet
1988 3034 2120 3098 ipsos
2139 3043 2279 3079 vetus
2303 3045 2419 3076 usus

1406 3115 1695 3172 interced1t3
1720 3124 1767 3162 et
1790 3105 1980 3160 Atsscns
2010 3121 2174 3159 noster
2193 3110 2423 3169 majorem

1409 3196 1556 3244 etiam
1573 3195 1692 3243 mihi
1719 3209 1830 3244 cum
1857 3190 2083 3242 Cossinio
2109 3187 2424 3237 consuetudi-

1407 3291 1522 3323 nem
1547 3275 1679 3322 fecit.
1698 3276 1865 3337 Itsqne
1891 3282 1992 3320 tota
2022 3267 2232 3322 Cossinii
2252 3265 2429 3315 domus

1408 3369 1484 3401 me
1513 3353 1695 3417 diligit,
1713 3362 1842 3401 etc.»
1868 3350 1983 3400 Vid.
2004 3349 2067 3398 sd
2091 3363 2202 3412 psg.
2235 3346 2298 3393 35
2329 3345 2421 3391 hn-

1403 3434 1541 3493 jusce
1569 3432 1753 3479 volum.
1781 3432 1873 3479 Eo.
